<DATE>	<TIME>	<BID>	<ASK>	<LAST>	<VOLUME>	<FLAGS>
2024.11.11	00:00:00.416	0.82830	0.83034			6
2024.11.11	00:00:01.868	0.82831	0.83035			6
2024.11.11	00:00:04.064	0.82830	0.83034			6
2024.11.11	00:00:06.375	0.82840	0.83044			6
2024.11.11	00:00:31.208	0.82887	0.83103			6
2024.11.11	00:00:42.788	0.82888	0.83023			6
2024.11.11	00:01:03.479	0.82888				2
2024.11.11	00:01:10.505	0.82887	0.83062			6
2024.11.11	00:01:26.166	0.82900	0.83051			6
2024.11.11	00:01:26.868	0.82915				2
2024.11.11	00:01:31.388	0.82935				2
2024.11.11	00:01:31.953	0.82888	0.83102			6
2024.11.11	00:02:12.935	0.82888				2
2024.11.11	00:02:26.976	0.82896	0.83103			6
2024.11.11	00:03:00.903	0.82896				2
2024.11.11	00:03:17.349	0.82914				2
2024.11.11	00:03:27.498		0.83103			4
2024.11.11	00:04:01.913	0.82914				2
2024.11.11	00:04:12.349	0.82908	0.83102			6
2024.11.11	00:05:07.340	0.82908				2
2024.11.11	00:05:12.356		0.83102			4
2024.11.11	00:06:01.781	0.82908				2
2024.11.11	00:06:20.189		0.83102			4
2024.11.11	00:07:00.395	0.82908				2
2024.11.11	00:07:21.064		0.83102			4
2024.11.11	00:08:01.907	0.82908				2
2024.11.11	00:08:22.110		0.83102			4
2024.11.11	00:08:37.666		0.83066			4
2024.11.11	00:08:38.359		0.83040			4
2024.11.11	00:08:40.405		0.83036			4
2024.11.11	00:08:44.894	0.82907				2
2024.11.11	00:08:46.165		0.83029			4
2024.11.11	00:08:48.359		0.83022			4
2024.11.11	00:08:58.375		0.83024			4
2024.11.11	00:08:59.420	0.82908	0.83081			6
2024.11.11	00:09:02.350	0.82908	0.83079			6
2024.11.11	00:09:02.748		0.83102			4
2024.11.11	00:10:00.350	0.82943				2
2024.11.11	00:10:02.947		0.83102			4
2024.11.11	00:10:11.218	0.82944				2
2024.11.11	00:10:14.623	0.82943				2
2024.11.11	00:10:18.638	0.82944				2
2024.11.11	00:10:24.059	0.82945				2
2024.11.11	00:10:42.315	0.82946				2
2024.11.11	00:10:54.614	0.82945				2
2024.11.11	00:11:00.383	0.82945				2
2024.11.11	00:11:03.619		0.83102			4
2024.11.11	00:11:05.928		0.83101			4
2024.11.11	00:11:14.946		0.83102			4
2024.11.11	00:11:28.214	0.82946				2
2024.11.11	00:11:52.627	0.82949				2
2024.11.11	00:11:58.581		0.83095			4
2024.11.11	00:12:00.402	0.82949				2
2024.11.11	00:12:00.914	0.82950				2
2024.11.11	00:12:05.809		0.83102			4
2024.11.11	00:12:08.698	0.82946				2
2024.11.11	00:12:11.788	0.82947				2
2024.11.11	00:12:13.790	0.82948				2
2024.11.11	00:12:14.547	0.82949				2
2024.11.11	00:12:17.876	0.82951				2
2024.11.11	00:12:35.792	0.82952				2
2024.11.11	00:12:37.217	0.82951				2
2024.11.11	00:12:38.170	0.82952				2
2024.11.11	00:12:40.798	0.82944	0.83095			6
2024.11.11	00:12:51.231	0.82941	0.83088			6
2024.11.11	00:12:56.421		0.83094			4
2024.11.11	00:13:00.014	0.82941				2
2024.11.11	00:13:02.750		0.83069			4
2024.11.11	00:13:05.119	0.82942				2
2024.11.11	00:13:14.581		0.83102			4
2024.11.11	00:13:15.019	0.82941				2
2024.11.11	00:13:16.713		0.83090			4
2024.11.11	00:13:18.818	0.82939				2
2024.11.11	00:13:24.934		0.83087			4
2024.11.11	00:13:27.135		0.83102			4
2024.11.11	00:13:35.480	0.82938				2
2024.11.11	00:13:37.344		0.83091			4
2024.11.11	00:13:39.926		0.83087			4
2024.11.11	00:13:40.432		0.83102			4
2024.11.11	00:13:44.717		0.83101			4
2024.11.11	00:13:47.622		0.83088			4
2024.11.11	00:13:57.659		0.83093			4
2024.11.11	00:13:59.383		0.83088			4
2024.11.11	00:14:00.312	0.82938				2
2024.11.11	00:14:03.458	0.82936	0.83102			6
2024.11.11	00:14:05.116		0.83090			4
2024.11.11	00:14:18.023		0.83073			4
2024.11.11	00:14:33.310		0.83102			4
2024.11.11	00:14:39.245		0.83093			4
2024.11.11	00:14:48.245		0.83102			4
2024.11.11	00:15:00.555	0.82933				2
2024.11.11	00:15:00.915		0.83092			4
2024.11.11	00:15:07.460	0.82935				2
2024.11.11	00:15:08.460		0.83089			4
2024.11.11	00:15:11.416	0.82936				2
2024.11.11	00:15:18.184		0.83098			4
2024.11.11	00:15:18.615	0.82934				2
2024.11.11	00:15:21.020		0.83094			4
2024.11.11	00:15:21.334		0.83080			4
2024.11.11	00:15:21.724		0.83083			4
2024.11.11	00:15:31.642	0.82936				2
2024.11.11	00:15:39.086		0.83091			4
2024.11.11	00:15:40.138	0.82937				2
2024.11.11	00:15:42.298	0.82935				2
2024.11.11	00:15:42.721	0.82934				2
2024.11.11	00:15:44.357	0.82935				2
2024.11.11	00:15:46.513	0.82936				2
2024.11.11	00:15:49.296		0.83094			4
2024.11.11	00:15:50.731	0.82937				2
2024.11.11	00:15:57.227		0.83098			4
2024.11.11	00:15:59.297		0.83099			4
2024.11.11	00:16:00.219	0.82937				2
2024.11.11	00:16:07.721	0.82933	0.83102			6
2024.11.11	00:16:08.476	0.82937	0.83084			6
2024.11.11	00:16:09.798	0.82938				2
2024.11.11	00:16:10.794	0.82937				2
2024.11.11	00:16:14.723	0.82938				2
2024.11.11	00:16:24.924		0.83102			4
2024.11.11	00:16:32.046	0.82941				2
2024.11.11	00:16:34.802	0.82940				2
2024.11.11	00:16:35.799	0.82939				2
2024.11.11	00:16:38.797	0.82938				2
2024.11.11	00:16:50.116		0.83082			4
2024.11.11	00:17:00.604	0.82938				2
2024.11.11	00:17:11.385	0.82937	0.83076			6
2024.11.11	00:17:12.710		0.83097			4
2024.11.11	00:17:15.016	0.82938				2
2024.11.11	00:17:20.963	0.82937	0.83095			6
2024.11.11	00:17:21.301		0.83090			4
2024.11.11	00:17:22.512	0.82935	0.83089			6
2024.11.11	00:17:24.618		0.83097			4
2024.11.11	00:17:31.258		0.83093			4
2024.11.11	00:17:52.586	0.82937				2
2024.11.11	00:17:53.369	0.82939				2
2024.11.11	00:17:57.701		0.83091			4
2024.11.11	00:18:00.315	0.82939				2
2024.11.11	00:18:05.522		0.83092			4
2024.11.11	00:18:07.846		0.83091			4
2024.11.11	00:18:21.808	0.82940				2
2024.11.11	00:18:30.369		0.83092			4
2024.11.11	00:18:31.921	0.82938				2
2024.11.11	00:18:32.801	0.82937				2
2024.11.11	00:18:33.806	0.82936				2
2024.11.11	00:18:34.353		0.83094			4
2024.11.11	00:18:34.672	0.82935	0.83071			6
2024.11.11	00:18:35.602		0.83087			4
2024.11.11	00:18:35.910		0.83071			4
2024.11.11	00:18:36.463	0.82936	0.83095			6
2024.11.11	00:18:37.813	0.82937				2
2024.11.11	00:18:50.991	0.82939				2
2024.11.11	00:18:54.215	0.82940				2
2024.11.11	00:18:57.316	0.82941				2
2024.11.11	00:19:01.224	0.82941				2
2024.11.11	00:19:02.771		0.83085			4
2024.11.11	00:19:05.896	0.82938	0.83056			6
2024.11.11	00:19:08.333	0.82937				2
2024.11.11	00:19:09.615	0.82938				2
2024.11.11	00:19:11.114	0.82937				2
2024.11.11	00:19:20.375	0.82940				2
2024.11.11	00:19:27.181	0.82939				2
2024.11.11	00:19:31.752	0.82941				2
2024.11.11	00:19:33.959	0.82942	0.83044			6
2024.11.11	00:19:43.218	0.82939				2
2024.11.11	00:19:45.891	0.82940				2
2024.11.11	00:19:53.610		0.83045			4
2024.11.11	00:19:56.185	0.82939				2
2024.11.11	00:19:57.554		0.83046			4
2024.11.11	00:19:57.870	0.82935	0.83059			6
2024.11.11	00:20:03.320	0.82935				2
2024.11.11	00:20:09.809	0.82936				2
2024.11.11	00:20:18.924	0.82937				2
2024.11.11	00:20:24.313		0.83057			4
2024.11.11	00:20:29.415		0.83058			4
2024.11.11	00:20:30.207		0.83057			4
2024.11.11	00:20:30.551		0.83058			4
2024.11.11	00:20:40.214	0.82935	0.83046			6
2024.11.11	00:20:46.871	0.82936				2
2024.11.11	00:20:49.712		0.83055			4
2024.11.11	00:21:00.814	0.82936				2
2024.11.11	00:21:18.441	0.82934	0.83059			6
2024.11.11	00:21:18.790	0.82933				2
2024.11.11	00:21:37.820	0.82934				2
2024.11.11	00:21:41.819	0.82933				2
2024.11.11	00:21:48.022	0.82934				2
2024.11.11	00:22:00.917	0.82934				2
2024.11.11	00:22:21.618		0.83059			4
2024.11.11	00:22:28.427		0.83065			4
2024.11.11	00:22:47.311		0.83059			4
2024.11.11	00:22:59.837	0.82935				2
2024.11.11	00:23:00.505	0.82935				2
2024.11.11	00:23:02.119	0.82934				2
2024.11.11	00:23:09.909		0.83051			4
2024.11.11	00:23:13.410		0.83059			4
2024.11.11	00:24:03.316	0.82934				2
2024.11.11	00:24:14.381		0.83059			4
2024.11.11	00:24:30.613	0.82935				2
2024.11.11	00:24:57.613	0.82936				2
2024.11.11	00:25:00.313	0.82936				2
2024.11.11	00:25:01.027	0.82937	0.83051			6
2024.11.11	00:25:01.365		0.83059			4
2024.11.11	00:25:02.532	0.82934				2
2024.11.11	00:25:11.308	0.82937	0.83050			6
2024.11.11	00:25:18.275		0.83059			4
2024.11.11	00:25:19.330	0.82938				2
2024.11.11	00:25:21.025	0.82937				2
2024.11.11	00:25:31.403	0.82936				2
2024.11.11	00:25:51.741	0.82935				2
2024.11.11	00:25:53.714	0.82936				2
2024.11.11	00:25:57.312	0.82935				2
2024.11.11	00:26:00.442	0.82935				2
2024.11.11	00:26:20.877		0.83059			4
2024.11.11	00:26:25.978	0.82936				2
2024.11.11	00:26:38.311	0.82935				2
2024.11.11	00:27:00.187	0.82935				2
2024.11.11	00:27:08.334	0.82936				2
2024.11.11	00:27:18.721		0.83051			4
2024.11.11	00:27:21.725		0.83059			4
2024.11.11	00:27:33.795	0.82935	0.83050			6
2024.11.11	00:27:34.312		0.83059			4
2024.11.11	00:27:34.661	0.82936	0.83051			6
2024.11.11	00:27:35.020	0.82935				2
2024.11.11	00:27:41.905	0.82936				2
2024.11.11	00:27:43.530	0.82935				2
2024.11.11	00:28:00.444	0.82935				2
2024.11.11	00:28:28.822	0.82936				2
2024.11.11	00:28:34.824		0.83051			4
2024.11.11	00:29:00.384	0.82933	0.83050			6
2024.11.11	00:29:34.558		0.83049			4
2024.11.11	00:29:46.355		0.83052			4
2024.11.11	00:29:58.485	0.82932				2
2024.11.11	00:30:00.383	0.82931				2
2024.11.11	00:30:00.915	0.82933	0.83059			6
2024.11.11	00:30:01.246	0.82934	0.83052			6
2024.11.11	00:30:02.714	0.82935				2
2024.11.11	00:30:07.312	0.82934	0.83066			6
2024.11.11	00:30:07.620		0.83051			4
2024.11.11	00:30:10.032		0.83053			4
2024.11.11	00:30:11.366	0.82935				2
2024.11.11	00:30:13.002	0.82934				2
2024.11.11	00:30:14.553		0.83054			4
2024.11.11	00:30:17.527	0.82935				2
2024.11.11	00:30:18.824		0.83040			4
2024.11.11	00:30:39.616	0.82936				2
2024.11.11	00:30:46.821	0.82932	0.83029			6
2024.11.11	00:30:54.359		0.83043			4
2024.11.11	00:30:55.380		0.83040			4
2024.11.11	00:31:00.011	0.82932				2
2024.11.11	00:31:04.948		0.83049			4
2024.11.11	00:31:07.813	0.82933				2
2024.11.11	00:31:15.427		0.83032			4
2024.11.11	00:31:18.332	0.82934				2
2024.11.11	00:31:25.215	0.82933				2
2024.11.11	00:31:28.173	0.82934				2
2024.11.11	00:31:35.069	0.82935				2
2024.11.11	00:31:58.515	0.82936				2
2024.11.11	00:32:00.314	0.82936				2
2024.11.11	00:32:07.214	0.82937				2
2024.11.11	00:32:07.859		0.83035			4
2024.11.11	00:32:09.620	0.82939				2
2024.11.11	00:32:11.519	0.82938				2
2024.11.11	00:32:16.412	0.82937	0.83020			6
2024.11.11	00:32:38.015	0.82938	0.83019			6
2024.11.11	00:32:47.715	0.82937				2
2024.11.11	00:32:48.233	0.82939				2
2024.11.11	00:32:53.502	0.82940				2
2024.11.11	00:32:56.386		0.83027			4
2024.11.11	00:32:58.236	0.82939				2
2024.11.11	00:32:59.500	0.82940	0.83026			6
2024.11.11	00:33:01.372	0.82940				2
2024.11.11	00:33:04.141	0.82942	0.83035			6
2024.11.11	00:33:04.460	0.82944	0.83034			6
2024.11.11	00:33:14.480	0.82945				2
2024.11.11	00:33:16.699		0.83035			4
2024.11.11	00:33:22.597	0.82944	0.83048			6
2024.11.11	00:33:37.373		0.83035			4
2024.11.11	00:33:39.316	0.82943				2
2024.11.11	00:34:00.317	0.82943				2
2024.11.11	00:34:03.676		0.83050			4
2024.11.11	00:34:04.704		0.83049			4
2024.11.11	00:34:14.571		0.83047			4
2024.11.11	00:34:15.314		0.83048			4
2024.11.11	00:34:22.625	0.82942				2
2024.11.11	00:34:28.816	0.82941				2
2024.11.11	00:34:29.747		0.83041			4
2024.11.11	00:34:39.962		0.83048			4
2024.11.11	00:34:45.341		0.83049			4
2024.11.11	00:34:51.184	0.82938				2
2024.11.11	00:34:53.428	0.82939				2
2024.11.11	00:34:55.381	0.82937				2
2024.11.11	00:34:57.309	0.82942				2
2024.11.11	00:35:00.381	0.82942				2
2024.11.11	00:35:34.086	0.82940				2
2024.11.11	00:35:34.453	0.82942				2
2024.11.11	00:35:35.282	0.82939				2
2024.11.11	00:35:37.683	0.82942	0.83033			6
2024.11.11	00:35:38.663	0.82943				2
2024.11.11	00:35:42.181	0.82941				2
2024.11.11	00:35:42.696	0.82943				2
2024.11.11	00:35:46.703	0.82944				2
2024.11.11	00:35:50.212	0.82943				2
2024.11.11	00:35:51.223	0.82944				2
2024.11.11	00:35:51.785	0.82940				2
2024.11.11	00:35:52.353	0.82942				2
2024.11.11	00:35:53.597	0.82946				2
2024.11.11	00:35:53.913	0.82945				2
2024.11.11	00:35:54.829	0.82946				2
2024.11.11	00:35:56.430	0.82944				2
2024.11.11	00:35:56.768	0.82945				2
2024.11.11	00:35:57.501		0.83046			4
2024.11.11	00:36:00.526	0.82945				2
2024.11.11	00:36:01.433		0.83034			4
2024.11.11	00:36:07.136	0.82944				2
2024.11.11	00:36:25.262	0.82945				2
2024.11.11	00:36:31.888	0.82943				2
2024.11.11	00:36:34.829	0.82942				2
2024.11.11	00:36:42.481	0.82943				2
2024.11.11	00:36:54.289	0.82945				2
2024.11.11	00:36:57.495	0.82943				2
2024.11.11	00:36:57.844		0.83046			4
2024.11.11	00:36:58.181	0.82941				2
2024.11.11	00:37:00.535	0.82942				2
2024.11.11	00:37:00.839	0.82941	0.83033			6
2024.11.11	00:37:02.853	0.82946				2
2024.11.11	00:37:10.481	0.82944	0.83034			6
2024.11.11	00:37:17.121	0.82946	0.83033			6
2024.11.11	00:37:25.580	0.82944	0.83034			6
2024.11.11	00:37:26.715	0.82943				2
2024.11.11	00:37:32.701	0.82942				2
2024.11.11	00:37:33.781	0.82946				2
2024.11.11	00:37:41.929	0.82947	0.83033			6
2024.11.11	00:37:42.909	0.82944	0.83034			6
2024.11.11	00:37:48.654	0.82942				2
2024.11.11	00:37:49.041	0.82941				2
2024.11.11	00:37:49.381	0.82944				2
2024.11.11	00:37:49.695	0.82945				2
2024.11.11	00:37:50.501		0.83046			4
2024.11.11	00:37:53.112	0.82946				2
2024.11.11	00:37:53.449	0.82944	0.83034			6
2024.11.11	00:37:58.967	0.82946	0.83033			6
2024.11.11	00:38:00.925	0.82946				2
2024.11.11	00:38:04.858	0.82944	0.83035			6
2024.11.11	00:38:06.703		0.83034			4
2024.11.11	00:38:08.661	0.82946				2
2024.11.11	00:38:12.481	0.82945				2
2024.11.11	00:38:13.410	0.82944				2
2024.11.11	00:38:19.407	0.82945				2
2024.11.11	00:38:20.114	0.82944				2
2024.11.11	00:38:22.826	0.82946				2
2024.11.11	00:38:23.767	0.82944	0.83046			6
2024.11.11	00:38:24.301	0.82946				2
2024.11.11	00:38:25.715	0.82945				2
2024.11.11	00:38:26.313	0.82944				2
2024.11.11	00:38:33.787	0.82945				2
2024.11.11	00:38:35.118	0.82946				2
2024.11.11	00:38:35.561	0.82945				2
2024.11.11	00:38:36.039	0.82944				2
2024.11.11	00:38:36.920	0.82945				2
2024.11.11	00:38:37.814	0.82944	0.83045			6
2024.11.11	00:38:40.110	0.82935	0.83038			6
2024.11.11	00:38:43.990		0.83027			4
2024.11.11	00:38:51.382		0.83038			4
2024.11.11	00:39:01.223	0.82935				2
2024.11.11	00:39:14.310		0.83027			4
2024.11.11	00:39:16.356		0.83035			4
2024.11.11	00:39:18.221	0.82936				2
2024.11.11	00:39:21.997	0.82935	0.83029			6
2024.11.11	00:39:30.624	0.82934				2
2024.11.11	00:39:34.760	0.82935				2
2024.11.11	00:39:41.468	0.82934				2
2024.11.11	00:39:46.584	0.82935				2
2024.11.11	00:39:48.450	0.82936				2
2024.11.11	00:39:54.320	0.82935				2
2024.11.11	00:39:56.114	0.82936				2
2024.11.11	00:40:00.619	0.82936				2
2024.11.11	00:40:03.317	0.82935				2
2024.11.11	00:40:05.463	0.82934				2
2024.11.11	00:40:06.523	0.82935				2
2024.11.11	00:40:25.259		0.83029			4
2024.11.11	00:40:27.109	0.82936				2
2024.11.11	00:40:27.921	0.82935				2
2024.11.11	00:40:29.116	0.82936				2
2024.11.11	00:40:36.839	0.82932				2
2024.11.11	00:40:37.153	0.82935				2
2024.11.11	00:40:43.588		0.83018			4
2024.11.11	00:40:46.215	0.82934				2
2024.11.11	00:40:47.287	0.82931				2
2024.11.11	00:40:47.592	0.82935				2
2024.11.11	00:40:53.542	0.82934				2
2024.11.11	00:40:55.761	0.82935				2
2024.11.11	00:41:00.014	0.82935				2
2024.11.11	00:41:10.708	0.82932				2
2024.11.11	00:41:13.158	0.82935				2
2024.11.11	00:41:16.117	0.82932				2
2024.11.11	00:41:16.723	0.82935				2
2024.11.11	00:41:18.889	0.82934				2
2024.11.11	00:41:20.774	0.82935	0.83024			6
2024.11.11	00:41:26.315		0.83019			4
2024.11.11	00:41:29.314	0.82936				2
2024.11.11	00:41:30.324	0.82935				2
2024.11.11	00:41:32.033	0.82934				2
2024.11.11	00:41:38.279	0.82931				2
2024.11.11	00:41:38.822	0.82934				2
2024.11.11	00:41:39.485	0.82930	0.83024			6
2024.11.11	00:41:39.797	0.82934	0.83018			6
2024.11.11	00:41:41.346	0.82935				2
2024.11.11	00:41:45.075	0.82934				2
2024.11.11	00:41:50.413	0.82935				2
2024.11.11	00:41:50.883	0.82934				2
2024.11.11	00:41:51.220	0.82935				2
2024.11.11	00:41:54.111		0.83024			4
2024.11.11	00:41:55.421		0.83018			4
2024.11.11	00:41:56.897	0.82937				2
2024.11.11	00:41:57.781	0.82934				2
2024.11.11	00:41:58.107	0.82937				2
2024.11.11	00:42:00.519	0.82937	0.83021			6
2024.11.11	00:42:00.878	0.82938				2
2024.11.11	00:42:04.332	0.82937				2
2024.11.11	00:42:06.871		0.83017			4
2024.11.11	00:42:07.226	0.82938				2
2024.11.11	00:42:07.871	0.82937				2
2024.11.11	00:42:09.366	0.82938				2
2024.11.11	00:42:10.357		0.83021			4
2024.11.11	00:42:10.810	0.82937				2
2024.11.11	00:42:11.714	0.82938				2
2024.11.11	00:42:16.892	0.82937				2
2024.11.11	00:42:23.364	0.82938				2
2024.11.11	00:42:25.360	0.82936	0.83017			6
2024.11.11	00:42:25.867	0.82938				2
2024.11.11	00:42:28.235	0.82944	0.83034			6
2024.11.11	00:42:34.361	0.82947	0.83033			6
2024.11.11	00:42:37.214	0.82946				2
2024.11.11	00:42:39.213	0.82947				2
2024.11.11	00:42:42.119	0.82946				2
2024.11.11	00:42:43.815	0.82947	0.83032			6
2024.11.11	00:42:47.798	0.82946	0.83033			6
2024.11.11	00:42:56.042	0.82947				2
2024.11.11	00:42:57.916	0.82946				2
2024.11.11	00:42:58.242	0.82947				2
2024.11.11	00:43:00.048	0.82947	0.83032			6
2024.11.11	00:43:07.082		0.83033			4
2024.11.11	00:43:07.450		0.83032			4
2024.11.11	00:43:10.543	0.82948	0.83031			6
2024.11.11	00:43:11.883	0.82947	0.83032			6
2024.11.11	00:43:13.821	0.82948				2
2024.11.11	00:43:14.192	0.82947	0.83024			6
2024.11.11	00:43:14.522	0.82948	0.83023			6
2024.11.11	00:43:15.020	0.82949	0.83022			6
2024.11.11	00:43:15.380	0.82946	0.83025			6
2024.11.11	00:43:16.029	0.82947	0.83032			6
2024.11.11	00:43:16.736	0.82950	0.83030			6
2024.11.11	00:43:17.492	0.82948	0.83032			6
2024.11.11	00:43:17.982	0.82947				2
2024.11.11	00:43:30.616	0.82948				2
2024.11.11	00:43:33.012	0.82947				2
2024.11.11	00:43:35.839	0.82948	0.83031			6
2024.11.11	00:43:36.916	0.82949				2
2024.11.11	00:43:38.459	0.82951	0.83028			6
2024.11.11	00:43:38.806	0.82949	0.83030			6
2024.11.11	00:43:39.916		0.83031			4
2024.11.11	00:43:40.518		0.83030			4
2024.11.11	00:43:40.840	0.82948	0.83031			6
2024.11.11	00:43:41.999	0.82949				2
2024.11.11	00:43:43.709	0.82945	0.83034			6
2024.11.11	00:43:44.254	0.82944				2
2024.11.11	00:43:44.702	0.82948	0.83031			6
2024.11.11	00:43:45.579	0.82946	0.83033			6
2024.11.11	00:43:45.906	0.82951	0.83030			6
2024.11.11	00:43:47.243	0.82953	0.83029			6
2024.11.11	00:43:47.639		0.83028			4
2024.11.11	00:43:49.782		0.83029			4
2024.11.11	00:43:52.885	0.82952	0.83030			6
2024.11.11	00:43:53.464	0.82953	0.83029			6
2024.11.11	00:43:55.055	0.82952	0.83030			6
2024.11.11	00:43:57.616	0.82951				2
2024.11.11	00:43:58.293	0.82948	0.83034			6
2024.11.11	00:43:58.643		0.83033			4
2024.11.11	00:43:59.881		0.83034			4
2024.11.11	00:44:00.421	0.82948				2
2024.11.11	00:44:03.624	0.82947				2
2024.11.11	00:44:07.356	0.82949	0.83032			6
2024.11.11	00:44:08.364		0.83005			4
2024.11.11	00:44:08.882	0.82946				2
2024.11.11	00:44:09.206	0.82933				2
2024.11.11	00:44:09.532	0.82945				2
2024.11.11	00:44:10.578	0.82947				2
2024.11.11	00:44:11.573	0.82945				2
2024.11.11	00:44:13.214	0.82948				2
2024.11.11	00:44:14.442	0.82945				2
2024.11.11	00:44:14.760	0.82947				2
2024.11.11	00:44:15.784	0.82931				2
2024.11.11	00:44:18.991	0.82933				2
2024.11.11	00:44:19.302	0.82930				2
2024.11.11	00:44:20.153	0.82934				2
2024.11.11	00:44:21.371	0.82932				2
2024.11.11	00:44:21.983	0.82930				2
2024.11.11	00:44:22.723	0.82933				2
2024.11.11	00:44:23.554	0.82944				2
2024.11.11	00:44:29.308	0.82945				2
2024.11.11	00:44:31.466	0.82946				2
2024.11.11	00:44:31.936	0.82945				2
2024.11.11	00:44:38.910	0.82934				2
2024.11.11	00:44:39.355	0.82944				2
2024.11.11	00:44:39.923	0.82934				2
2024.11.11	00:44:42.463	0.82932				2
2024.11.11	00:44:42.857	0.82935				2
2024.11.11	00:44:43.899	0.82932				2
2024.11.11	00:44:44.280	0.82941	0.83009			6
2024.11.11	00:44:45.424	0.82932	0.83005			6
2024.11.11	00:44:49.514	0.82934				2
2024.11.11	00:44:49.985	0.82942	0.83008			6
2024.11.11	00:44:53.116	0.82944				2
2024.11.11	00:44:53.421	0.82943				2
2024.11.11	00:44:53.943	0.82937	0.83005			6
2024.11.11	00:44:54.318	0.82936				2
2024.11.11	00:44:54.780	0.82943				2
2024.11.11	00:44:55.080	0.82932				2
2024.11.11	00:44:55.441	0.82942				2
2024.11.11	00:44:56.172	0.82945	0.83006			6
2024.11.11	00:44:57.497	0.82944				2
2024.11.11	00:44:57.830	0.82945				2
2024.11.11	00:44:59.725	0.82946				2
2024.11.11	00:45:00.372	0.82945				2
2024.11.11	00:45:02.112	0.82938	0.83009			6
2024.11.11	00:45:03.922	0.82945	0.83006			6
2024.11.11	00:45:04.306		0.83021			4
2024.11.11	00:45:07.966	0.82956	0.82995			6
2024.11.11	00:45:08.308		0.83009			4
2024.11.11	00:45:08.712	0.82957				2
2024.11.11	00:45:11.313		0.83003			4
2024.11.11	00:45:12.427	0.82958				2
2024.11.11	00:45:12.731	0.82957				2
2024.11.11	00:45:13.221		0.82995			4
2024.11.11	00:45:13.865	0.82956				2
2024.11.11	00:45:14.307	0.82958	0.83009			6
2024.11.11	00:45:14.639	0.82957				2
2024.11.11	00:45:15.304	0.82956	0.82995			6
2024.11.11	00:45:15.662	0.82957				2
2024.11.11	00:45:16.002	0.82956				2
2024.11.11	00:45:16.305		0.83009			4
2024.11.11	00:45:16.691	0.82957				2
2024.11.11	00:45:17.306		0.82995			4
2024.11.11	00:45:18.038	0.82956				2
2024.11.11	00:45:19.245		0.83011			4
2024.11.11	00:45:20.307	0.82957	0.82996			6
2024.11.11	00:45:21.307	0.82956	0.83010			6
2024.11.11	00:45:21.995	0.82959	0.83017			6
2024.11.11	00:45:22.304	0.82962	0.82998			6
2024.11.11	00:45:25.071	0.82965	0.82995			6
2024.11.11	00:45:25.513	0.82960	0.82993			6
2024.11.11	00:45:25.981	0.82963				2
2024.11.11	00:45:43.305	0.82962				2
2024.11.11	00:45:45.316	0.82960				2
2024.11.11	00:45:47.292	0.82962				2
2024.11.11	00:45:55.303	0.82955	0.83014			6
2024.11.11	00:45:56.081	0.82957	0.82994			6
2024.11.11	00:45:57.311	0.82962	0.82993			6
2024.11.11	00:46:00.367	0.82962				2
2024.11.11	00:46:04.240	0.82968				2
2024.11.11	00:46:07.680	0.82964	0.82991			6
2024.11.11	00:46:07.985	0.82966	0.82998			6
2024.11.11	00:46:08.317	0.82967				2
2024.11.11	00:47:00.017	0.82967				2
2024.11.11	00:47:01.679	0.82965				2
2024.11.11	00:47:02.058	0.82948	0.82995			6
2024.11.11	00:47:04.060	0.82965	0.82998			6
2024.11.11	00:47:16.668	0.82966				2
2024.11.11	00:47:19.863	0.82957				2
2024.11.11	00:48:00.950	0.82957				2
2024.11.11	00:48:07.211		0.82998			4
2024.11.11	00:48:10.342	0.82960				2
2024.11.11	00:48:15.470	0.82963	0.83001			6
2024.11.11	00:49:00.134	0.82963				2
2024.11.11	00:49:10.491	0.82965	0.83003			6
2024.11.11	00:49:26.176	0.82957	0.82995			6
2024.11.11	00:49:31.902	0.82958				2
2024.11.11	00:49:32.580	0.82959				2
2024.11.11	00:49:35.276	0.82957				2
2024.11.11	00:50:00.618	0.82957				2
2024.11.11	00:50:21.178	0.82959				2
2024.11.11	00:50:26.581		0.82995			4
2024.11.11	00:51:00.805	0.82959				2
2024.11.11	00:51:26.606		0.82995			4
2024.11.11	00:52:00.077	0.82959				2
2024.11.11	00:52:11.040		0.82994			4
2024.11.11	00:52:24.205	0.82955	0.82990			6
2024.11.11	00:52:28.227	0.82959	0.82994			6
2024.11.11	00:52:41.828	0.82961	0.83001			6
2024.11.11	00:52:44.162	0.82968	0.83004			6
2024.11.11	00:52:58.750	0.82965	0.82999			6
2024.11.11	00:53:00.271	0.82965				2
2024.11.11	00:53:18.773	0.82969	0.83003			6
2024.11.11	00:53:33.614	0.82965	0.82999			6
2024.11.11	00:53:47.112		0.82998			4
2024.11.11	00:53:48.250	0.82960	0.82994			6
2024.11.11	00:53:48.676		0.82995			4
2024.11.11	00:54:00.107	0.82960				2
2024.11.11	00:54:00.854	0.82964	0.82998			6
2024.11.11	00:54:10.201	0.82957	0.83007			6
2024.11.11	00:54:11.310	0.82958				2
2024.11.11	00:54:16.137	0.82957				2
2024.11.11	00:54:17.225		0.83008			4
2024.11.11	00:54:19.309	0.82956	0.83003			6
2024.11.11	00:54:20.306		0.83008			4
2024.11.11	00:54:21.133	0.82949	0.83015			6
2024.11.11	00:54:21.442	0.82956	0.83009			6
2024.11.11	00:54:21.791	0.82955	0.83010			6
2024.11.11	00:54:22.099	0.82957	0.83007			6
2024.11.11	00:54:27.314	0.82963	0.83001			6
2024.11.11	00:54:28.037	0.82957	0.83007			6
2024.11.11	00:54:29.318	0.82964	0.82998			6
2024.11.11	00:54:30.063	0.82957	0.83007			6
2024.11.11	00:54:31.143	0.82956	0.83008			6
2024.11.11	00:54:32.313	0.82966	0.83000			6
2024.11.11	00:54:33.313	0.82956	0.83008			6
2024.11.11	00:54:36.306	0.82964	0.83002			6
2024.11.11	00:54:36.683	0.82963	0.83001			6
2024.11.11	00:54:37.305	0.82956	0.83008			6
2024.11.11	00:54:38.304	0.82964	0.83002			6
2024.11.11	00:54:39.315	0.82956	0.83008			6
2024.11.11	00:54:46.094	0.82963	0.83000			6
2024.11.11	00:54:47.381	0.82955	0.82993			6
2024.11.11	00:54:47.796	0.82962	0.82998			6
2024.11.11	00:54:49.026	0.82956	0.83008			6
2024.11.11	00:54:50.041	0.82963	0.82999			6
2024.11.11	00:54:51.313	0.82956	0.83008			6
2024.11.11	00:54:52.216	0.82963	0.82998			6
2024.11.11	00:54:55.305	0.82956	0.83008			6
2024.11.11	00:54:59.312	0.82965	0.82999			6
2024.11.11	00:55:00.181	0.82956	0.83008			6
2024.11.11	00:55:00.966	0.82957	0.83007			6
2024.11.11	00:55:01.301	0.82959	0.83006			6
2024.11.11	00:55:01.628	0.82960				2
2024.11.11	00:55:02.314	0.82963	0.82997			6
2024.11.11	00:55:03.249	0.82960	0.83006			6
2024.11.11	00:55:06.172	0.82959	0.83009			6
2024.11.11	00:55:06.726	0.82960	0.83007			6
2024.11.11	00:55:07.303	0.82962	0.82996			6
2024.11.11	00:55:11.021		0.83000			4
2024.11.11	00:55:11.323	0.82963	0.83013			6
2024.11.11	00:55:11.631		0.82999			4
2024.11.11	00:55:12.661	0.82959				2
2024.11.11	00:55:13.305	0.82949	0.83010			6
2024.11.11	00:55:14.311	0.82958	0.82999			6
2024.11.11	00:55:16.685	0.82961				2
2024.11.11	00:55:34.243	0.82949	0.83003			6
2024.11.11	00:55:36.035	0.82956	0.82996			6
2024.11.11	00:55:36.838	0.82959				2
2024.11.11	00:55:40.896	0.82963	0.82997			6
2024.11.11	00:55:41.751	0.82970	0.82996			6
2024.11.11	00:55:42.304	0.82955	0.83006			6
2024.11.11	00:55:43.377	0.82954	0.83007			6
2024.11.11	00:55:44.378	0.82956	0.83006			6
2024.11.11	00:55:44.790	0.82954	0.83007			6
2024.11.11	00:55:45.440	0.82955	0.83006			6
2024.11.11	00:55:45.817	0.82956	0.83005			6
2024.11.11	00:55:49.790	0.82952	0.83009			6
2024.11.11	00:55:50.094	0.82965	0.82997			6
2024.11.11	00:55:51.303	0.82955	0.83009			6
2024.11.11	00:55:51.630		0.83006			4
2024.11.11	00:55:52.423	0.82954	0.83007			6
2024.11.11	00:55:53.382	0.82956	0.83006			6
2024.11.11	00:55:53.739	0.82950	0.83005			6
2024.11.11	00:55:54.067	0.82965	0.82996			6
2024.11.11	00:55:59.954	0.82970				2
2024.11.11	00:56:00.269	0.82954	0.83007			6
2024.11.11	00:56:01.339	0.82955	0.83006			6
2024.11.11	00:56:02.303	0.82956	0.83003			6
2024.11.11	00:56:04.304	0.82954	0.83007			6
2024.11.11	00:56:06.641	0.82955	0.83005			6
2024.11.11	00:56:06.946	0.82949				2
2024.11.11	00:56:07.308	0.82963	0.82996			6
2024.11.11	00:56:07.961	0.82970				2
2024.11.11	00:56:08.303	0.82955	0.83006			6
2024.11.11	00:56:09.131	0.82956	0.83003			6
2024.11.11	00:56:10.306	0.82954	0.83007			6
2024.11.11	00:56:10.824	0.82955	0.83006			6
2024.11.11	00:56:14.006	0.82965	0.82997			6
2024.11.11	00:56:15.308	0.82971	0.82996			6
2024.11.11	00:56:17.306	0.82950	0.83002			6
2024.11.11	00:56:17.614	0.82949	0.83003			6
2024.11.11	00:56:17.921	0.82950	0.83002			6
2024.11.11	00:56:18.231		0.83001			4
2024.11.11	00:56:19.212	0.82960	0.82984			6
2024.11.11	00:56:23.297	0.82950	0.83001			6
2024.11.11	00:56:24.295	0.82951				2
2024.11.11	00:56:26.185	0.82950				2
2024.11.11	00:56:29.240	0.82945	0.82995			6
2024.11.11	00:56:30.156	0.82958	0.82984			6
2024.11.11	00:56:32.563	0.82966				2
2024.11.11	00:56:33.067	0.82950	0.83001			6
2024.11.11	00:56:40.309	0.82957	0.82998			6
2024.11.11	00:56:41.314	0.82950	0.83001			6
2024.11.11	00:57:00.830	0.82951				2
2024.11.11	00:57:01.262	0.82952				2
2024.11.11	00:57:02.311	0.82961	0.82989			6
2024.11.11	00:57:03.304	0.82951	0.83001			6
2024.11.11	00:57:04.340		0.83000			4
2024.11.11	00:57:05.716		0.83001			4
2024.11.11	00:57:06.195	0.82949	0.82996			6
2024.11.11	00:57:07.305	0.82964	0.82984			6
2024.11.11	00:57:08.096	0.82951	0.83001			6
2024.11.11	00:57:09.186	0.82952				2
2024.11.11	00:57:11.983	0.82959	0.83010			6
2024.11.11	00:57:12.320	0.82953	0.83001			6
2024.11.11	00:57:15.966		0.83002			4
2024.11.11	00:57:16.690	0.82941	0.83008			6
2024.11.11	00:57:17.080	0.82938				2
2024.11.11	00:57:18.221	0.82936				2
2024.11.11	00:57:18.556	0.82939				2
2024.11.11	00:57:19.610	0.82934	0.82997			6
2024.11.11	00:57:20.311		0.82995			4
2024.11.11	00:57:20.715	0.82933				2
2024.11.11	00:57:21.377	0.82954				2
2024.11.11	00:57:21.820	0.82932				2
2024.11.11	00:57:22.291	0.82938	0.83008			6
2024.11.11	00:57:24.074		0.83004			4
2024.11.11	00:57:24.376	0.82936				2
2024.11.11	00:57:25.028		0.82995			4
2024.11.11	00:57:25.380	0.82937				2
2024.11.11	00:57:25.881	0.82942	0.82996			6
2024.11.11	00:57:26.714	0.82941				2
2024.11.11	00:57:27.095	0.82940	0.83005			6
2024.11.11	00:57:29.120	0.82939				2
2024.11.11	00:57:29.685	0.82941				2
2024.11.11	00:57:30.115	0.82942				2
2024.11.11	00:57:35.440	0.82940	0.82985			6
2024.11.11	00:57:35.741	0.82934	0.82983			6
2024.11.11	00:57:36.158	0.82935	0.82985			6
2024.11.11	00:57:36.612	0.82939				2
2024.11.11	00:57:37.692	0.82940				2
2024.11.11	00:57:38.142		0.82997			4
2024.11.11	00:57:38.500	0.82941				2
2024.11.11	00:57:38.830	0.82938				2
2024.11.11	00:57:45.056	0.82940				2
2024.11.11	00:57:46.170	0.82941				2
2024.11.11	00:57:46.840	0.82939				2
2024.11.11	00:57:47.187	0.82940				2
2024.11.11	00:57:48.776	0.82941				2
2024.11.11	00:57:50.600	0.82940				2
2024.11.11	00:57:51.341	0.82941				2
2024.11.11	00:57:53.579	0.82942				2
2024.11.11	00:57:53.955	0.82944	0.83003			6
2024.11.11	00:57:56.014	0.82943				2
2024.11.11	00:57:56.366	0.82944				2
2024.11.11	00:57:57.298		0.83002			4
2024.11.11	00:57:57.655	0.82945				2
2024.11.11	00:57:59.589	0.82942				2
2024.11.11	00:58:00.025	0.82942				2
2024.11.11	00:58:01.368	0.82943				2
2024.11.11	00:58:03.182	0.82942	0.83003			6
2024.11.11	00:58:03.561		0.83001			4
2024.11.11	00:58:06.057		0.83003			4
2024.11.11	00:58:06.555		0.83001			4
2024.11.11	00:58:08.455		0.83012			4
2024.11.11	00:58:09.019	0.82943				2
2024.11.11	00:58:11.058	0.82935	0.82997			6
2024.11.11	00:58:11.579	0.82939				2
2024.11.11	00:58:12.316	0.82942				2
2024.11.11	00:58:17.589	0.82922	0.83012			6
2024.11.11	00:58:17.916	0.82923				2
2024.11.11	00:58:18.281	0.82922				2
2024.11.11	00:58:23.404		0.83001			4
2024.11.11	00:58:25.636		0.83004			4
2024.11.11	00:58:25.943	0.82927				2
2024.11.11	00:58:26.262	0.82929				2
2024.11.11	00:58:26.649	0.82927				2
2024.11.11	00:58:27.761	0.82926				2
2024.11.11	00:58:33.127	0.82927				2
2024.11.11	00:58:38.456	0.82928				2
2024.11.11	00:58:38.881	0.82927	0.83001			6
2024.11.11	00:58:39.222	0.82928	0.83004			6
2024.11.11	00:58:39.658	0.82927				2
2024.11.11	00:58:40.932		0.82983			4
2024.11.11	00:58:41.234		0.82977			4
2024.11.11	00:58:41.918	0.82928				2
2024.11.11	00:58:42.261	0.82930				2
2024.11.11	00:58:42.591	0.82928				2
2024.11.11	00:58:44.226	0.82927				2
2024.11.11	00:58:44.594	0.82928				2
2024.11.11	00:58:48.134	0.82924				2
2024.11.11	00:58:48.954	0.82923				2
2024.11.11	00:58:49.270	0.82924				2
2024.11.11	00:58:51.267	0.82923				2
2024.11.11	00:58:54.845	0.82926	0.83004			6
2024.11.11	00:58:55.217	0.82935	0.83009			6
2024.11.11	00:58:55.522	0.82938	0.83004			6
2024.11.11	00:58:55.873	0.82936	0.83018			6
2024.11.11	00:58:56.180	0.82942	0.83012			6
2024.11.11	00:58:56.481	0.82937	0.83015			6
2024.11.11	00:58:56.802	0.82943	0.83016			6
2024.11.11	00:58:57.108	0.82941	0.83018			6
2024.11.11	00:58:57.415	0.82940	0.83023			6
2024.11.11	00:58:58.089	0.82939				2
2024.11.11	00:58:59.572	0.82943				2
2024.11.11	00:59:00.199	0.82943				2
2024.11.11	00:59:01.820	0.82944				2
2024.11.11	00:59:02.120	0.82943				2
2024.11.11	00:59:03.996	0.82945				2
2024.11.11	00:59:04.655	0.82944				2
2024.11.11	00:59:08.749	0.82943	0.83015			6
2024.11.11	00:59:11.235	0.82944				2
2024.11.11	00:59:11.933	0.82943				2
2024.11.11	00:59:14.442	0.82948				2
2024.11.11	00:59:14.746		0.83014			4
2024.11.11	00:59:15.046	0.82949	0.83013			6
2024.11.11	00:59:15.430	0.82948	0.83014			6
2024.11.11	00:59:18.075	0.82944	0.83015			6
2024.11.11	00:59:18.389	0.82946				2
2024.11.11	00:59:18.711	0.82948				2
2024.11.11	00:59:19.486	0.82949	0.83013			6
2024.11.11	00:59:19.994	0.82948	0.83014			6
2024.11.11	00:59:23.721	0.82949	0.83013			6
2024.11.11	00:59:24.962	0.82948	0.83014			6
2024.11.11	00:59:25.290	0.82950	0.83012			6
2024.11.11	00:59:26.010	0.82943	0.83015			6
2024.11.11	00:59:26.326	0.82940				2
2024.11.11	00:59:26.711	0.82941				2
2024.11.11	00:59:27.499	0.82940				2
2024.11.11	00:59:27.814	0.82942				2
2024.11.11	00:59:30.148	0.82941				2
2024.11.11	00:59:33.615	0.82942				2
2024.11.11	00:59:36.986	0.82939				2
2024.11.11	00:59:43.346	0.82941				2
2024.11.11	00:59:46.027	0.82939				2
2024.11.11	00:59:46.768		0.83014			4
2024.11.11	00:59:47.956	0.82938	0.83013			6
2024.11.11	00:59:48.709		0.83014			4
2024.11.11	00:59:50.212		0.83012			4
2024.11.11	00:59:52.756		0.83015			4
2024.11.11	00:59:53.422	0.82937				2
2024.11.11	00:59:56.284	0.82935				2
2024.11.11	00:59:56.993	0.82937	0.83014			6
2024.11.11	00:59:57.483		0.83012			4
2024.11.11	00:59:58.363	0.82938	0.83011			6
2024.11.11	00:59:59.105	0.82939	0.83010			6
2024.11.11	00:59:59.869	0.82938	0.83012			6
2024.11.11	01:00:00.319	0.82920	0.82997			6
2024.11.11	01:00:01.282	0.82942	0.83015			6
2024.11.11	01:00:01.587	0.82923	0.82997			6
2024.11.11	01:00:01.916	0.82924				2
2024.11.11	01:00:02.273	0.82920	0.82966			6
2024.11.11	01:00:02.575	0.82919	0.82958			6
2024.11.11	01:00:02.930	0.82918				2
2024.11.11	01:00:03.240	0.82928				2
2024.11.11	01:00:03.564	0.82925				2
2024.11.11	01:00:03.886	0.82928				2
2024.11.11	01:00:04.223	0.82932	0.82974			6
2024.11.11	01:00:04.538	0.82931				2
2024.11.11	01:00:05.205		0.82972			4
2024.11.11	01:00:05.557	0.82930	0.82973			6
2024.11.11	01:00:05.866	0.82936	0.82972			6
2024.11.11	01:00:06.332	0.82940	0.82974			6
2024.11.11	01:00:07.543	0.82939				2
2024.11.11	01:00:07.890	0.82944				2
2024.11.11	01:00:08.523	0.82936				2
2024.11.11	01:00:09.762	0.82928				2
2024.11.11	01:00:10.321	0.82935				2
2024.11.11	01:00:10.979	0.82939				2
2024.11.11	01:00:11.284	0.82934				2
2024.11.11	01:00:11.620	0.82939				2
2024.11.11	01:00:12.997	0.82934				2
2024.11.11	01:00:13.367	0.82942				2
2024.11.11	01:00:15.103	0.82934				2
2024.11.11	01:00:15.407	0.82932				2
2024.11.11	01:00:17.136	0.82934				2
2024.11.11	01:00:20.569	0.82937				2
2024.11.11	01:00:26.585	0.82940	0.82969			6
2024.11.11	01:00:26.901	0.82937	0.82974			6
2024.11.11	01:00:27.523		0.82972			4
2024.11.11	01:00:27.827	0.82941	0.82969			6
2024.11.11	01:00:28.143	0.82937	0.82972			6
2024.11.11	01:00:28.540	0.82935	0.82971			6
2024.11.11	01:00:28.904	0.82936	0.82964			6
2024.11.11	01:00:29.217	0.82937				2
2024.11.11	01:00:29.632		0.82965			4
2024.11.11	01:00:30.391	0.82936	0.82964			6
2024.11.11	01:00:30.715	0.82935	0.82970			6
2024.11.11	01:00:31.069		0.82971			4
2024.11.11	01:00:31.815	0.82936	0.82964			6
2024.11.11	01:00:32.136		0.82963			4
2024.11.11	01:00:32.455		0.82964			4
2024.11.11	01:00:34.203	0.82933	0.82955			6
2024.11.11	01:00:34.510	0.82934	0.82968			6
2024.11.11	01:00:34.846		0.82972			4
2024.11.11	01:00:35.198	0.82935	0.82959			6
2024.11.11	01:00:35.559	0.82936	0.82970			6
2024.11.11	01:00:35.864		0.82955			4
2024.11.11	01:00:37.624	0.82935	0.82957			6
2024.11.11	01:00:37.961		0.82958			4
2024.11.11	01:00:39.224	0.82937	0.82962			6
2024.11.11	01:00:39.554		0.82969			4
2024.11.11	01:00:40.158		0.82963			4
2024.11.11	01:00:40.536		0.82964			4
2024.11.11	01:00:40.941	0.82938				2
2024.11.11	01:00:42.913	0.82937				2
2024.11.11	01:00:43.411		0.82968			4
2024.11.11	01:00:43.718	0.82936	0.82970			6
2024.11.11	01:00:44.198	0.82938	0.82968			6
2024.11.11	01:00:46.885		0.82964			4
2024.11.11	01:00:48.020		0.82968			4
2024.11.11	01:00:48.578	0.82937	0.82967			6
2024.11.11	01:00:49.242	0.82938	0.82964			6
2024.11.11	01:00:49.566	0.82939				2
2024.11.11	01:00:50.319	0.82941	0.82965			6
2024.11.11	01:00:50.654	0.82940	0.82964			6
2024.11.11	01:00:51.445	0.82939	0.82962			6
2024.11.11	01:00:53.088	0.82940	0.82964			6
2024.11.11	01:00:54.018	0.82941	0.82965			6
2024.11.11	01:00:54.655	0.82940	0.82964			6
2024.11.11	01:00:55.594	0.82942	0.82961			6
2024.11.11	01:00:56.397	0.82944	0.82964			6
2024.11.11	01:01:00.013	0.82944	0.82963			6
2024.11.11	01:01:03.382		0.82960			4
2024.11.11	01:01:03.690	0.82947				2
2024.11.11	01:01:06.183	0.82944	0.82957			6
2024.11.11	01:01:08.762	0.82947	0.82960			6
2024.11.11	01:01:09.071	0.82944	0.82964			6
2024.11.11	01:01:10.305	0.82947	0.82962			6
2024.11.11	01:01:14.201	0.82946	0.82956			6
2024.11.11	01:01:14.570	0.82944				2
2024.11.11	01:01:15.532	0.82939	0.82952			6
2024.11.11	01:01:15.839	0.82944	0.82961			6
2024.11.11	01:01:16.518		0.82959			4
2024.11.11	01:01:18.204		0.82958			4
2024.11.11	01:01:19.094		0.82959			4
2024.11.11	01:01:33.853		0.82957			4
2024.11.11	01:01:36.917		0.82956			4
2024.11.11	01:01:38.929		0.82955			4
2024.11.11	01:01:43.348	0.82939	0.82953			6
2024.11.11	01:01:44.261		0.82954			4
2024.11.11	01:01:50.125		0.82952			4
2024.11.11	01:01:50.931		0.82950			4
2024.11.11	01:01:54.813		0.82949			4
2024.11.11	01:02:01.248	0.82939	0.82950			6
2024.11.11	01:02:03.890	0.82940	0.82951			6
2024.11.11	01:02:04.755		0.82952			4
2024.11.11	01:02:07.682	0.82939	0.82951			6
2024.11.11	01:02:09.117		0.82953			4
2024.11.11	01:02:12.062	0.82940	0.82954			6
2024.11.11	01:02:15.375		0.82955			4
2024.11.11	01:02:20.805		0.82953			4
2024.11.11	01:02:29.416	0.82939				2
2024.11.11	01:02:33.601		0.82954			4
2024.11.11	01:02:33.993		0.82953			4
2024.11.11	01:02:35.905	0.82940	0.82952			6
2024.11.11	01:02:40.108		0.82953			4
2024.11.11	01:02:41.376		0.82952			4
2024.11.11	01:02:42.931	0.82942				2
2024.11.11	01:02:43.562		0.82951			4
2024.11.11	01:02:44.650	0.82945				2
2024.11.11	01:02:44.956		0.82952			4
2024.11.11	01:02:45.376		0.82951			4
2024.11.11	01:02:45.730		0.82952			4
2024.11.11	01:02:47.113	0.82944				2
2024.11.11	01:02:48.393	0.82945				2
2024.11.11	01:02:53.725		0.82951			4
2024.11.11	01:02:58.515		0.82952			4
2024.11.11	01:03:00.909	0.82945	0.82953			6
2024.11.11	01:03:03.941		0.82952			4
2024.11.11	01:03:06.313		0.82951			4
2024.11.11	01:03:07.631	0.82943	0.82950			6
2024.11.11	01:03:09.793	0.82942				2
2024.11.11	01:03:34.193	0.82945	0.82952			6
2024.11.11	01:04:00.069	0.82945				2
2024.11.11	01:04:01.495	0.82948	0.82956			6
2024.11.11	01:04:02.622	0.82949	0.82957			6
2024.11.11	01:04:07.423		0.82955			4
2024.11.11	01:04:07.834		0.82956			4
2024.11.11	01:04:08.185		0.82955			4
2024.11.11	01:04:09.027		0.82956			4
2024.11.11	01:04:09.374	0.82944	0.82952			6
2024.11.11	01:04:19.458	0.82945	0.82953			6
2024.11.11	01:04:23.058	0.82944	0.82951			6
2024.11.11	01:04:26.389	0.82942	0.82950			6
2024.11.11	01:04:52.521	0.82943				2
2024.11.11	01:04:54.322	0.82942				2
2024.11.11	01:04:55.889	0.82943				2
2024.11.11	01:04:56.579	0.82944	0.82951			6
2024.11.11	01:05:00.464	0.82944				2
2024.11.11	01:05:02.470	0.82942	0.82950			6
2024.11.11	01:05:06.232	0.82943				2
2024.11.11	01:05:08.100	0.82944				2
2024.11.11	01:05:15.080	0.82942	0.82947			6
2024.11.11	01:05:15.393	0.82940				2
2024.11.11	01:05:16.379	0.82942				2
2024.11.11	01:05:17.122	0.82943	0.82948			6
2024.11.11	01:05:19.516	0.82942				2
2024.11.11	01:05:20.241		0.82949			4
2024.11.11	01:05:21.613		0.82943			4
2024.11.11	01:05:21.923	0.82944	0.82951			6
2024.11.11	01:05:22.241	0.82942	0.82949			6
2024.11.11	01:05:25.768	0.82943	0.82951			6
2024.11.11	01:05:26.114		0.82950			4
2024.11.11	01:05:36.346	0.82942	0.82949			6
2024.11.11	01:05:37.205		0.82948			4
2024.11.11	01:05:37.506	0.82943				2
2024.11.11	01:05:42.310		0.82950			4
2024.11.11	01:05:46.119	0.82944				2
2024.11.11	01:05:46.914	0.82943				2
2024.11.11	01:05:49.644	0.82944	0.82951			6
2024.11.11	01:05:53.174	0.82943	0.82952			6
2024.11.11	01:05:54.735	0.82942	0.82949			6
2024.11.11	01:05:55.473		0.82948			4
2024.11.11	01:05:56.353		0.82949			4
2024.11.11	01:06:01.642	0.82942				2
2024.11.11	01:06:03.062	0.82943	0.82945			6
2024.11.11	01:06:03.467	0.82938	0.82947			6
2024.11.11	01:06:04.303	0.82937				2
2024.11.11	01:06:04.624		0.82946			4
2024.11.11	01:06:08.674		0.82945			4
2024.11.11	01:06:09.547	0.82936	0.82944			6
2024.11.11	01:06:10.694		0.82943			4
2024.11.11	01:06:11.099	0.82935	0.82944			6
2024.11.11	01:06:11.788	0.82936				2
2024.11.11	01:06:12.345		0.82943			4
2024.11.11	01:06:16.246		0.82944			4
2024.11.11	01:06:22.345		0.82943			4
2024.11.11	01:06:27.982	0.82934	0.82938			6
2024.11.11	01:06:28.305		0.82941			4
2024.11.11	01:06:29.430		0.82942			4
2024.11.11	01:06:31.311	0.82933	0.82943			6
2024.11.11	01:06:31.630	0.82934				2
2024.11.11	01:06:33.243	0.82933	0.82942			6
2024.11.11	01:06:36.180	0.82932	0.82941			6
2024.11.11	01:06:36.522	0.82933				2
2024.11.11	01:06:36.862	0.82934	0.82943			6
2024.11.11	01:06:37.396	0.82935				2
2024.11.11	01:06:39.721	0.82934				2
2024.11.11	01:06:41.036	0.82935				2
2024.11.11	01:06:56.834	0.82936	0.82944			6
2024.11.11	01:06:57.248	0.82940	0.82947			6
2024.11.11	01:06:57.624		0.82948			4
2024.11.11	01:06:58.698	0.82942	0.82950			6
2024.11.11	01:07:00.959	0.82942				2
2024.11.11	01:07:03.422	0.82943	0.82951			6
2024.11.11	01:07:04.390	0.82945	0.82953			6
2024.11.11	01:07:04.820		0.82954			4
2024.11.11	01:07:07.847		0.82953			4
2024.11.11	01:07:08.376	0.82944	0.82952			6
2024.11.11	01:07:10.337	0.82943				2
2024.11.11	01:07:16.559	0.82944				2
2024.11.11	01:07:21.365	0.82945				2
2024.11.11	01:07:22.707	0.82944				2
2024.11.11	01:07:24.923	0.82945				2
2024.11.11	01:07:25.384	0.82944				2
2024.11.11	01:07:31.308		0.82951			4
2024.11.11	01:07:31.648	0.82943	0.82949			6
2024.11.11	01:07:32.379	0.82944	0.82951			6
2024.11.11	01:07:46.665	0.82948	0.82954			6
2024.11.11	01:07:47.673		0.82955			4
2024.11.11	01:07:54.353		0.82954			4
2024.11.11	01:07:57.581		0.82955			4
2024.11.11	01:08:00.608	0.82948				2
2024.11.11	01:08:06.913		0.82954			4
2024.11.11	01:08:07.902		0.82955			4
2024.11.11	01:08:09.901	0.82943	0.82949			6
2024.11.11	01:08:10.791		0.82950			4
2024.11.11	01:08:12.361		0.82949			4
2024.11.11	01:08:15.541	0.82941				2
2024.11.11	01:08:18.726	0.82943				2
2024.11.11	01:08:24.338	0.82941				2
2024.11.11	01:08:26.323	0.82942				2
2024.11.11	01:08:27.081	0.82943				2
2024.11.11	01:08:28.379	0.82942				2
2024.11.11	01:08:28.699		0.82948			4
2024.11.11	01:08:29.115	0.82941	0.82949			6
2024.11.11	01:08:29.843	0.82942				2
2024.11.11	01:08:30.362	0.82941				2
2024.11.11	01:08:33.622	0.82942	0.82948			6
2024.11.11	01:08:35.888		0.82949			4
2024.11.11	01:08:36.382		0.82948			4
2024.11.11	01:08:36.852		0.82947			4
2024.11.11	01:08:37.361		0.82948			4
2024.11.11	01:08:38.692	0.82943	0.82949			6
2024.11.11	01:08:39.005	0.82941	0.82945			6
2024.11.11	01:08:39.411		0.82948			4
2024.11.11	01:08:40.405	0.82942				2
2024.11.11	01:08:40.969		0.82949			4
2024.11.11	01:08:41.271		0.82950			4
2024.11.11	01:08:42.316		0.82949			4
2024.11.11	01:08:42.644	0.82943				2
2024.11.11	01:08:44.537	0.82942	0.82950			6
2024.11.11	01:08:45.347	0.82943				2
2024.11.11	01:08:48.351		0.82949			4
2024.11.11	01:08:48.828		0.82948			4
2024.11.11	01:08:49.705		0.82949			4
2024.11.11	01:08:58.703	0.82942	0.82948			6
2024.11.11	01:08:59.876	0.82943				2
2024.11.11	01:09:00.410	0.82943				2
2024.11.11	01:09:03.403		0.82949			4
2024.11.11	01:09:04.930	0.82941	0.82947			6
2024.11.11	01:09:05.587	0.82940				2
2024.11.11	01:09:06.281		0.82946			4
2024.11.11	01:09:07.625	0.82939				2
2024.11.11	01:09:10.514	0.82940				2
2024.11.11	01:09:15.159	0.82939				2
2024.11.11	01:09:15.839		0.82945			4
2024.11.11	01:09:16.200	0.82938	0.82947			6
2024.11.11	01:09:16.515	0.82939				2
2024.11.11	01:09:17.316		0.82946			4
2024.11.11	01:09:34.350	0.82940	0.82947			6
2024.11.11	01:09:51.451		0.82946			4
2024.11.11	01:09:53.413		0.82947			4
2024.11.11	01:09:56.487	0.82941	0.82946			6
2024.11.11	01:09:57.913	0.82942				2
2024.11.11	01:09:59.910	0.82941				2
2024.11.11	01:10:00.372	0.82942				2
2024.11.11	01:10:12.095	0.82940				2
2024.11.11	01:10:18.057	0.82942				2
2024.11.11	01:10:18.405	0.82939	0.82944			6
2024.11.11	01:10:19.561	0.82942	0.82946			6
2024.11.11	01:10:20.825	0.82940				2
2024.11.11	01:10:36.413	0.82944	0.82950			6
2024.11.11	01:10:36.786		0.82951			4
2024.11.11	01:10:37.098	0.82945				2
2024.11.11	01:10:37.874	0.82944				2
2024.11.11	01:10:39.924	0.82945				2
2024.11.11	01:10:42.146	0.82944				2
2024.11.11	01:10:43.780	0.82945				2
2024.11.11	01:10:46.948	0.82949	0.82953			6
2024.11.11	01:10:47.641	0.82946				2
2024.11.11	01:10:47.950	0.82947				2
2024.11.11	01:10:52.374	0.82945	0.82952			6
2024.11.11	01:11:04.272	0.82946	0.82951			6
2024.11.11	01:11:06.612	0.82947				2
2024.11.11	01:11:06.917		0.82952			4
2024.11.11	01:11:12.016		0.82951			4
2024.11.11	01:11:15.314		0.82952			4
2024.11.11	01:11:23.762	0.82950	0.82954			6
2024.11.11	01:11:24.064		0.82955			4
2024.11.11	01:11:24.400	0.82951	0.82956			6
2024.11.11	01:11:31.654	0.82952				2
2024.11.11	01:11:32.051	0.82951				2
2024.11.11	01:11:32.422	0.82952				2
2024.11.11	01:11:36.052		0.82957			4
2024.11.11	01:11:36.611	0.82951	0.82954			6
2024.11.11	01:11:36.930	0.82949	0.82953			6
2024.11.11	01:11:38.355		0.82954			4
2024.11.11	01:11:42.209	0.82950				2
2024.11.11	01:11:49.075	0.82949	0.82955			6
2024.11.11	01:11:54.165	0.82952	0.82954			6
2024.11.11	01:11:55.690	0.82947	0.82951			6
2024.11.11	01:11:57.226	0.82952	0.82954			6
2024.11.11	01:11:58.950		0.82956			4
2024.11.11	01:12:00.358	0.82952				2
2024.11.11	01:12:08.003	0.82950	0.82955			6
2024.11.11	01:12:08.487	0.82951				2
2024.11.11	01:12:19.790	0.82952				2
2024.11.11	01:12:29.321	0.82951				2
2024.11.11	01:12:29.658	0.82952				2
2024.11.11	01:12:30.562	0.82951				2
2024.11.11	01:12:30.878		0.82954			4
2024.11.11	01:12:34.410		0.82955			4
2024.11.11	01:12:35.326	0.82947	0.82952			6
2024.11.11	01:12:35.657		0.82951			4
2024.11.11	01:12:35.975		0.82952			4
2024.11.11	01:12:40.481	0.82951	0.82955			6
2024.11.11	01:12:42.356	0.82952				2
2024.11.11	01:12:44.390		0.82954			4
2024.11.11	01:12:45.533	0.82951				2
2024.11.11	01:12:45.842	0.82953	0.82955			6
2024.11.11	01:12:48.467		0.82956			4
2024.11.11	01:12:48.913		0.82955			4
2024.11.11	01:12:49.218		0.82956			4
2024.11.11	01:12:50.006	0.82951	0.82954			6
2024.11.11	01:12:50.329	0.82949	0.82953			6
2024.11.11	01:12:51.087	0.82948				2
2024.11.11	01:12:51.537	0.82947	0.82951			6
2024.11.11	01:12:52.138		0.82952			4
2024.11.11	01:12:52.542		0.82951			4
2024.11.11	01:12:54.370		0.82950			4
2024.11.11	01:12:55.521		0.82951			4
2024.11.11	01:12:56.021		0.82950			4
2024.11.11	01:12:56.328		0.82949			4
2024.11.11	01:12:56.827		0.82950			4
2024.11.11	01:12:57.661		0.82949			4
2024.11.11	01:12:59.119		0.82951			4
2024.11.11	01:12:59.758	0.82949				2
2024.11.11	01:13:00.063	0.82951	0.82954			6
2024.11.11	01:13:03.076		0.82955			4
2024.11.11	01:13:09.372	0.82950				2
2024.11.11	01:13:11.361	0.82949	0.82954			6
2024.11.11	01:13:13.656	0.82948				2
2024.11.11	01:13:15.585	0.82949				2
2024.11.11	01:13:18.974	0.82950				2
2024.11.11	01:13:19.278	0.82949				2
2024.11.11	01:13:20.783		0.82955			4
2024.11.11	01:13:24.290		0.82954			4
2024.11.11	01:13:27.432		0.82955			4
2024.11.11	01:13:28.056		0.82954			4
2024.11.11	01:13:28.365	0.82950	0.82955			6
2024.11.11	01:13:32.305	0.82951	0.82954			6
2024.11.11	01:13:33.850	0.82950	0.82953			6
2024.11.11	01:13:34.742		0.82954			4
2024.11.11	01:13:35.736		0.82952			4
2024.11.11	01:13:37.220		0.82953			4
2024.11.11	01:13:38.603		0.82954			4
2024.11.11	01:13:38.988	0.82949				2
2024.11.11	01:13:39.807		0.82953			4
2024.11.11	01:13:41.202		0.82954			4
2024.11.11	01:13:41.967		0.82953			4
2024.11.11	01:13:42.312		0.82954			4
2024.11.11	01:13:43.409	0.82950				2
2024.11.11	01:13:46.879	0.82949				2
2024.11.11	01:13:51.803		0.82953			4
2024.11.11	01:14:00.078	0.82949	0.82954			6
2024.11.11	01:14:00.488		0.82953			4
2024.11.11	01:14:01.141	0.82950				2
2024.11.11	01:14:03.061		0.82954			4
2024.11.11	01:14:06.697		0.82953			4
2024.11.11	01:14:07.432		0.82954			4
2024.11.11	01:14:11.783	0.82949				2
2024.11.11	01:14:15.267	0.82947	0.82952			6
2024.11.11	01:14:23.162		0.82951			4
2024.11.11	01:14:26.651		0.82952			4
2024.11.11	01:14:31.584	0.82946	0.82950			6
2024.11.11	01:14:31.888	0.82948	0.82953			6
2024.11.11	01:14:37.044	0.82947	0.82952			6
2024.11.11	01:14:42.234	0.82946				2
2024.11.11	01:14:43.308		0.82951			4
2024.11.11	01:14:43.953		0.82952			4
2024.11.11	01:14:44.417	0.82945	0.82950			6
2024.11.11	01:14:44.721		0.82949			4
2024.11.11	01:14:45.179	0.82944				2
2024.11.11	01:14:54.976		0.82948			4
2024.11.11	01:14:56.014		0.82949			4
2024.11.11	01:14:56.313		0.82948			4
2024.11.11	01:15:00.376	0.82945				2
2024.11.11	01:15:00.722	0.82946	0.82950			6
2024.11.11	01:15:01.049		0.82951			4
2024.11.11	01:15:01.897		0.82950			4
2024.11.11	01:15:02.350	0.82947				2
2024.11.11	01:15:02.836	0.82946	0.82951			6
2024.11.11	01:15:03.465		0.82950			4
2024.11.11	01:15:04.254	0.82947	0.82953			6
2024.11.11	01:15:05.281		0.82952			4
2024.11.11	01:15:07.673	0.82946	0.82951			6
2024.11.11	01:15:08.540	0.82949	0.82954			6
2024.11.11	01:15:17.412	0.82952	0.82956			6
2024.11.11	01:15:18.304	0.82951				2
2024.11.11	01:15:19.246	0.82952				2
2024.11.11	01:15:26.736	0.82951	0.82955			6
2024.11.11	01:15:27.514		0.82956			4
2024.11.11	01:15:31.255	0.82950	0.82955			6
2024.11.11	01:15:41.727	0.82951	0.82956			6
2024.11.11	01:15:43.421		0.82955			4
2024.11.11	01:15:44.993	0.82949	0.82953			6
2024.11.11	01:15:45.309		0.82954			4
2024.11.11	01:15:52.910		0.82955			4
2024.11.11	01:15:54.091	0.82950	0.82954			6
2024.11.11	01:15:54.647	0.82951				2
2024.11.11	01:15:55.012		0.82955			4
2024.11.11	01:15:55.873	0.82950				2
2024.11.11	01:15:58.160	0.82951				2
2024.11.11	01:16:00.555	0.82951				2
2024.11.11	01:16:10.082	0.82950				2
2024.11.11	01:16:10.385	0.82951				2
2024.11.11	01:16:11.225	0.82948	0.82953			6
2024.11.11	01:16:11.559	0.82947	0.82952			6
2024.11.11	01:16:13.490	0.82948	0.82954			6
2024.11.11	01:16:15.312	0.82947				2
2024.11.11	01:16:18.746	0.82948				2
2024.11.11	01:16:20.356		0.82953			4
2024.11.11	01:16:21.948		0.82954			4
2024.11.11	01:16:22.663	0.82947	0.82950			6
2024.11.11	01:16:23.543	0.82945				2
2024.11.11	01:16:24.079	0.82942	0.82949			6
2024.11.11	01:16:24.381	0.82941	0.82946			6
2024.11.11	01:16:24.990	0.82942				2
2024.11.11	01:16:26.572	0.82941				2
2024.11.11	01:16:30.869	0.82942				2
2024.11.11	01:16:31.628	0.82943	0.82947			6
2024.11.11	01:16:44.947	0.82944				2
2024.11.11	01:16:45.256	0.82943				2
2024.11.11	01:16:45.585		0.82948			4
2024.11.11	01:16:46.360		0.82947			4
2024.11.11	01:16:46.823	0.82944	0.82948			6
2024.11.11	01:16:47.325	0.82943				2
2024.11.11	01:16:50.153	0.82944				2
2024.11.11	01:16:52.613	0.82943	0.82947			6
2024.11.11	01:16:54.559	0.82944	0.82948			6
2024.11.11	01:16:56.616		0.82947			4
2024.11.11	01:16:57.613		0.82948			4
2024.11.11	01:17:00.214	0.82944				2
2024.11.11	01:17:00.645		0.82947			4
2024.11.11	01:17:02.182		0.82948			4
2024.11.11	01:17:05.235	0.82943				2
2024.11.11	01:17:05.667	0.82944				2
2024.11.11	01:17:06.000	0.82945				2
2024.11.11	01:17:08.220	0.82944				2
2024.11.11	01:17:12.255	0.82945				2
2024.11.11	01:17:18.268		0.82949			4
2024.11.11	01:17:19.464		0.82948			4
2024.11.11	01:17:22.234	0.82943	0.82947			6
2024.11.11	01:17:36.130	0.82942				2
2024.11.11	01:17:37.345	0.82943				2
2024.11.11	01:17:41.375		0.82946			4
2024.11.11	01:17:44.714		0.82947			4
2024.11.11	01:17:46.871		0.82946			4
2024.11.11	01:17:55.927		0.82947			4
2024.11.11	01:17:58.816		0.82946			4
2024.11.11	01:17:59.882	0.82942				2
2024.11.11	01:18:02.168	0.82943				2
2024.11.11	01:18:02.680	0.82942				2
2024.11.11	01:18:03.484	0.82944	0.82947			6
2024.11.11	01:18:04.122	0.82943				2
2024.11.11	01:18:10.388	0.82944				2
2024.11.11	01:18:16.929	0.82943	0.82946			6
2024.11.11	01:18:22.359		0.82947			4
2024.11.11	01:18:30.163	0.82944				2
2024.11.11	01:18:33.188	0.82945				2
2024.11.11	01:18:35.407		0.82948			4
2024.11.11	01:18:38.174	0.82944	0.82945			6
2024.11.11	01:18:39.995	0.82945	0.82946			6
2024.11.11	01:18:49.220	0.82946	0.82947			6
2024.11.11	01:18:51.922	0.82947	0.82948			6
2024.11.11	01:18:52.455	0.82946	0.82947			6
2024.11.11	01:18:53.499	0.82947	0.82948			6
2024.11.11	01:18:54.715		0.82949			4
2024.11.11	01:18:55.889		0.82948			4
2024.11.11	01:19:01.220	0.82947				2
2024.11.11	01:19:03.733	0.82946	0.82947			6
2024.11.11	01:19:04.862	0.82948	0.82949			6
2024.11.11	01:19:06.121	0.82947	0.82948			6
2024.11.11	01:19:22.335	0.82946	0.82947			6
2024.11.11	01:19:23.451	0.82947	0.82948			6
2024.11.11	01:19:27.487	0.82946	0.82947			6
2024.11.11	01:19:37.222	0.82945	0.82946			6
2024.11.11	01:19:38.333	0.82946	0.82947			6
2024.11.11	01:20:00.396	0.82946				2
2024.11.11	01:20:01.058	0.82947	0.82948			6
2024.11.11	01:20:13.656	0.82946	0.82947			6
2024.11.11	01:20:14.061	0.82947	0.82948			6
2024.11.11	01:20:21.645	0.82946	0.82947			6
2024.11.11	01:20:21.986	0.82947	0.82948			6
2024.11.11	01:20:38.271	0.82946	0.82947			6
2024.11.11	01:20:39.141	0.82947	0.82948			6
2024.11.11	01:20:58.308	0.82948	0.82949			6
2024.11.11	01:20:59.417	0.82947	0.82948			6
2024.11.11	01:21:00.137	0.82947				2
2024.11.11	01:21:23.494	0.82948	0.82949			6
2024.11.11	01:21:48.441	0.82947	0.82948			6
2024.11.11	01:22:00.178	0.82947				2
2024.11.11	01:22:13.982	0.82948	0.82949			6
2024.11.11	01:22:44.419	0.82952	0.82953			6
2024.11.11	01:23:00.318	0.82952				2
2024.11.11	01:23:29.407		0.82955			4
2024.11.11	01:23:30.319	0.82951	0.82952			6
2024.11.11	01:23:33.921	0.82950	0.82951			6
2024.11.11	01:23:41.246	0.82949	0.82950			6
2024.11.11	01:23:52.571	0.82950	0.82951			6
2024.11.11	01:24:01.362	0.82950				2
2024.11.11	01:24:04.436	0.82951	0.82952			6
2024.11.11	01:24:05.977	0.82952	0.82953			6
2024.11.11	01:24:13.084	0.82953	0.82954			6
2024.11.11	01:24:16.236	0.82952	0.82953			6
2024.11.11	01:24:16.564	0.82953	0.82954			6
2024.11.11	01:24:48.577	0.82952	0.82957			6
2024.11.11	01:24:49.327	0.82953	0.82954			6
2024.11.11	01:24:51.437	0.82954	0.82955			6
2024.11.11	01:24:54.112	0.82953	0.82954			6
2024.11.11	01:24:56.608	0.82954	0.82955			6
2024.11.11	01:25:00.190	0.82953	0.82954			6
2024.11.11	01:25:09.995	0.82954	0.82955			6
2024.11.11	01:25:17.365	0.82953	0.82954			6
2024.11.11	01:25:27.103	0.82954	0.82955			6
2024.11.11	01:25:44.878	0.82953	0.82954			6
2024.11.11	01:25:51.710	0.82954	0.82956			6
2024.11.11	01:25:52.456	0.82953	0.82954			6
2024.11.11	01:26:01.255	0.82953				2
2024.11.11	01:26:22.402		0.82956			4
2024.11.11	01:26:23.358	0.82952	0.82953			6
2024.11.11	01:26:38.152	0.82953	0.82954			6
2024.11.11	01:26:38.501	0.82952	0.82953			6
2024.11.11	01:26:53.347	0.82949	0.82950			6
2024.11.11	01:26:59.132	0.82950	0.82951			6
2024.11.11	01:27:02.351	0.82950				2
2024.11.11	01:27:04.296	0.82949	0.82950			6
2024.11.11	01:27:31.525	0.82950	0.82951			6
2024.11.11	01:27:32.853	0.82949	0.82950			6
2024.11.11	01:27:59.107	0.82948	0.82949			6
2024.11.11	01:28:00.138	0.82948				2
2024.11.11	01:28:03.316	0.82947	0.82948			6
2024.11.11	01:28:04.224		0.82949			4
2024.11.11	01:28:05.832		0.82948			4
2024.11.11	01:28:06.451		0.82949			4
2024.11.11	01:28:09.153		0.82948			4
2024.11.11	01:28:12.308		0.82949			4
2024.11.11	01:28:15.835	0.82948				2
2024.11.11	01:28:16.317	0.82947	0.82950			6
2024.11.11	01:28:24.514	0.82948				2
2024.11.11	01:28:33.159	0.82947	0.82949			6
2024.11.11	01:28:33.631	0.82946	0.82948			6
2024.11.11	01:28:36.408	0.82945				2
2024.11.11	01:28:36.748	0.82944	0.82947			6
2024.11.11	01:28:42.488	0.82945				2
2024.11.11	01:28:56.388	0.82942	0.82944			6
2024.11.11	01:28:56.892		0.82943			4
2024.11.11	01:29:00.544	0.82942				2
2024.11.11	01:29:04.319	0.82945	0.82947			6
2024.11.11	01:29:04.671	0.82944				2
2024.11.11	01:29:25.016		0.82948			4
2024.11.11	01:29:33.905	0.82945				2
2024.11.11	01:29:36.997	0.82944				2
2024.11.11	01:29:52.136	0.82945				2
2024.11.11	01:29:56.350		0.82947			4
2024.11.11	01:29:56.664		0.82948			4
2024.11.11	01:29:58.824	0.82947				2
2024.11.11	01:30:00.306	0.82947				2
2024.11.11	01:30:00.645	0.82945	0.82947			6
2024.11.11	01:30:01.548	0.82949	0.82951			6
2024.11.11	01:30:01.931	0.82948				2
2024.11.11	01:30:06.106	0.82950				2
2024.11.11	01:30:06.412	0.82952	0.82953			6
2024.11.11	01:30:08.016	0.82953	0.82954			6
2024.11.11	01:30:11.461	0.82954	0.82955			6
2024.11.11	01:30:12.260		0.82956			4
2024.11.11	01:30:15.697		0.82955			4
2024.11.11	01:30:28.037	0.82953				2
2024.11.11	01:30:28.519	0.82954	0.82956			6
2024.11.11	01:30:32.038	0.82955				2
2024.11.11	01:30:32.604	0.82954				2
2024.11.11	01:30:37.444	0.82953				2
2024.11.11	01:30:37.841	0.82954				2
2024.11.11	01:30:39.090	0.82955				2
2024.11.11	01:30:42.363		0.82957			4
2024.11.11	01:30:42.979	0.82954				2
2024.11.11	01:30:43.326	0.82955				2
2024.11.11	01:30:51.018		0.82958			4
2024.11.11	01:30:51.387	0.82956				2
2024.11.11	01:30:55.623		0.82957			4
2024.11.11	01:31:00.654	0.82956				2
2024.11.11	01:31:09.279	0.82958	0.82959			6
2024.11.11	01:31:11.720		0.82960			4
2024.11.11	01:31:19.437		0.82959			4
2024.11.11	01:31:21.682	0.82957				2
2024.11.11	01:31:22.258	0.82958				2
2024.11.11	01:31:34.161	0.82957				2
2024.11.11	01:31:49.540		0.82958			4
2024.11.11	01:31:51.730	0.82956				2
2024.11.11	01:31:52.125	0.82957	0.82959			6
2024.11.11	01:31:52.426		0.82958			4
2024.11.11	01:31:53.115	0.82958	0.82960			6
2024.11.11	01:31:53.418	0.82956	0.82958			6
2024.11.11	01:31:54.126	0.82955				2
2024.11.11	01:31:54.675	0.82956				2
2024.11.11	01:31:55.522	0.82957	0.82959			6
2024.11.11	01:31:57.409	0.82956				2
2024.11.11	01:32:00.313	0.82956	0.82958			6
2024.11.11	01:32:01.494	0.82957	0.82959			6
2024.11.11	01:32:01.869	0.82956				2
2024.11.11	01:32:02.355	0.82957				2
2024.11.11	01:32:05.706	0.82958	0.82960			6
2024.11.11	01:32:10.663	0.82959	0.82961			6
2024.11.11	01:32:11.562	0.82960	0.82962			6
2024.11.11	01:32:33.021	0.82963	0.82965			6
2024.11.11	01:32:33.340	0.82964				2
2024.11.11	01:32:34.280	0.82966	0.82969			6
2024.11.11	01:32:39.103	0.82967				2
2024.11.11	01:32:47.751		0.82970			4
2024.11.11	01:32:56.503		0.82969			4
2024.11.11	01:33:00.476	0.82967	0.82970			6
2024.11.11	01:33:01.772		0.82969			4
2024.11.11	01:33:06.720		0.82970			4
2024.11.11	01:33:09.859	0.82968				2
2024.11.11	01:33:10.164	0.82969				2
2024.11.11	01:33:10.469		0.82971			4
2024.11.11	01:33:15.310	0.82968	0.82970			6
2024.11.11	01:33:15.804	0.82969	0.82971			6
2024.11.11	01:33:41.739	0.82970	0.82972			6
2024.11.11	01:33:43.095	0.82969	0.82971			6
2024.11.11	01:34:00.498	0.82969				2
2024.11.11	01:34:12.352		0.82970			4
2024.11.11	01:34:12.678		0.82971			4
2024.11.11	01:34:56.604	0.82968	0.82970			6
2024.11.11	01:35:00.506	0.82968				2
2024.11.11	01:35:02.377	0.82965	0.82967			6
2024.11.11	01:35:04.620	0.82964	0.82966			6
2024.11.11	01:35:11.385	0.82963	0.82965			6
2024.11.11	01:35:11.721	0.82964	0.82966			6
2024.11.11	01:35:12.769	0.82963	0.82965			6
2024.11.11	01:35:14.237	0.82964	0.82966			6
2024.11.11	01:35:23.542	0.82965				2
2024.11.11	01:35:44.321	0.82964				2
2024.11.11	01:35:46.601	0.82965				2
2024.11.11	01:35:55.827		0.82967			4
2024.11.11	01:36:00.158	0.82965				2
2024.11.11	01:36:00.984		0.82966			4
2024.11.11	01:36:05.831		0.82967			4
2024.11.11	01:36:08.117	0.82966	0.82968			6
2024.11.11	01:36:16.668	0.82967	0.82969			6
2024.11.11	01:36:23.101	0.82966	0.82971			6
2024.11.11	01:36:26.406	0.82967	0.82970			6
2024.11.11	01:36:33.112		0.82971			4
2024.11.11	01:36:35.671		0.82970			4
2024.11.11	01:36:35.987		0.82971			4
2024.11.11	01:36:38.394	0.82966				2
2024.11.11	01:36:41.225	0.82967	0.82969			6
2024.11.11	01:36:53.705		0.82970			4
2024.11.11	01:36:57.947		0.82969			4
2024.11.11	01:37:00.197	0.82967	0.82970			6
2024.11.11	01:37:02.006		0.82969			4
2024.11.11	01:37:18.225	0.82966	0.82968			6
2024.11.11	01:37:34.564		0.82969			4
2024.11.11	01:37:34.887	0.82967	0.82968			6
2024.11.11	01:38:01.361	0.82967				2
2024.11.11	01:38:19.432	0.82965	0.82967			6
2024.11.11	01:38:30.695	0.82964	0.82966			6
2024.11.11	01:38:32.440	0.82965				2
2024.11.11	01:38:43.602	0.82963	0.82965			6
2024.11.11	01:38:56.798	0.82961	0.82964			6
2024.11.11	01:39:00.421	0.82960	0.82961			6
2024.11.11	01:39:02.361	0.82959	0.82960			6
2024.11.11	01:39:18.653	0.82957				2
2024.11.11	01:39:19.583	0.82958				2
2024.11.11	01:39:30.618	0.82959				2
2024.11.11	01:39:35.812	0.82958	0.82961			6
2024.11.11	01:40:00.352	0.82959				2
2024.11.11	01:40:07.211	0.82957	0.82960			6
2024.11.11	01:40:08.951		0.82959			4
2024.11.11	01:40:14.389	0.82958				2
2024.11.11	01:40:33.178	0.82955	0.82956			6
2024.11.11	01:40:33.500	0.82954				2
2024.11.11	01:40:36.668		0.82955			4
2024.11.11	01:40:41.849	0.82952	0.82954			6
2024.11.11	01:40:42.167	0.82951				2
2024.11.11	01:40:43.887	0.82952				2
2024.11.11	01:40:44.544	0.82953				2
2024.11.11	01:40:45.393	0.82955	0.82957			6
2024.11.11	01:40:46.460	0.82957	0.82958			6
2024.11.11	01:40:56.955		0.82959			4
2024.11.11	01:41:00.441	0.82957				2
2024.11.11	01:41:05.721	0.82958				2
2024.11.11	01:41:06.283	0.82959	0.82960			6
2024.11.11	01:41:28.926	0.82958	0.82961			6
2024.11.11	01:41:30.356		0.82960			4
2024.11.11	01:41:36.458	0.82959				2
2024.11.11	01:41:40.630	0.82958				2
2024.11.11	01:41:44.742		0.82959			4
2024.11.11	01:41:45.668		0.82960			4
2024.11.11	01:41:51.935	0.82955	0.82957			6
2024.11.11	01:41:52.249	0.82956				2
2024.11.11	01:41:52.581	0.82955				2
2024.11.11	01:42:00.434	0.82957	0.82958			6
2024.11.11	01:42:01.300	0.82959	0.82962			6
2024.11.11	01:42:14.649	0.82961	0.82963			6
2024.11.11	01:42:15.039	0.82962				2
2024.11.11	01:42:15.810		0.82964			4
2024.11.11	01:42:19.360	0.82960	0.82961			6
2024.11.11	01:42:26.044	0.82961	0.82962			6
2024.11.11	01:42:30.615	0.82962	0.82963			6
2024.11.11	01:42:33.050	0.82963	0.82964			6
2024.11.11	01:42:44.241	0.82961	0.82962			6
2024.11.11	01:42:54.139		0.82963			4
2024.11.11	01:43:01.454	0.82961	0.82962			6
2024.11.11	01:43:07.397	0.82958	0.82960			6
2024.11.11	01:43:07.775		0.82959			4
2024.11.11	01:43:12.648	0.82957	0.82960			6
2024.11.11	01:43:13.258	0.82956				2
2024.11.11	01:43:19.861	0.82957				2
2024.11.11	01:43:20.878	0.82956				2
2024.11.11	01:43:22.201	0.82957				2
2024.11.11	01:43:41.289	0.82958				2
2024.11.11	01:43:45.203		0.82959			4
2024.11.11	01:43:48.047	0.82955	0.82957			6
2024.11.11	01:43:48.668		0.82956			4
2024.11.11	01:43:49.345		0.82957			4
2024.11.11	01:43:49.725		0.82956			4
2024.11.11	01:43:50.053	0.82954				2
2024.11.11	01:43:55.797	0.82955	0.82957			6
2024.11.11	01:43:56.392		0.82956			4
2024.11.11	01:43:56.961	0.82954				2
2024.11.11	01:44:00.063	0.82954				2
2024.11.11	01:44:55.733		0.82955			4
2024.11.11	01:44:56.347	0.82953				2
2024.11.11	01:44:56.666	0.82954				2
2024.11.11	01:45:00.434	0.82955	0.82956			6
2024.11.11	01:45:02.699	0.82954	0.82955			6
2024.11.11	01:45:27.251	0.82952	0.82954			6
2024.11.11	01:45:29.357	0.82951				2
2024.11.11	01:45:29.669	0.82952	0.82955			6
2024.11.11	01:45:30.908		0.82954			4
2024.11.11	01:45:31.446	0.82951				2
2024.11.11	01:45:31.914	0.82952				2
2024.11.11	01:45:37.607	0.82951				2
2024.11.11	01:45:37.945	0.82952				2
2024.11.11	01:45:40.925	0.82954	0.82955			6
2024.11.11	01:45:41.520	0.82952				2
2024.11.11	01:45:42.381	0.82951				2
2024.11.11	01:45:42.791	0.82954				2
2024.11.11	01:45:44.043	0.82951				2
2024.11.11	01:45:44.760		0.82954			4
2024.11.11	01:45:48.921	0.82950				2
2024.11.11	01:45:49.355	0.82951				2
2024.11.11	01:45:53.838	0.82952	0.82955			6
2024.11.11	01:45:58.538	0.82953				2
2024.11.11	01:46:00.458	0.82953				2
2024.11.11	01:46:00.887	0.82954				2
2024.11.11	01:46:02.209		0.82956			4
2024.11.11	01:46:06.412	0.82953				2
2024.11.11	01:46:08.154	0.82954	0.82955			6
2024.11.11	01:46:09.537		0.82956			4
2024.11.11	01:46:17.223	0.82953				2
2024.11.11	01:46:20.018	0.82952				2
2024.11.11	01:46:21.278	0.82953				2
2024.11.11	01:46:21.598	0.82954				2
2024.11.11	01:46:24.546	0.82955				2
2024.11.11	01:46:25.540	0.82954	0.82955			6
2024.11.11	01:46:26.175	0.82955	0.82956			6
2024.11.11	01:46:27.112		0.82957			4
2024.11.11	01:46:27.418	0.82956				2
2024.11.11	01:46:36.830		0.82958			4
2024.11.11	01:46:37.817		0.82957			4
2024.11.11	01:46:40.743	0.82957	0.82958			6
2024.11.11	01:46:42.645	0.82956	0.82957			6
2024.11.11	01:47:00.148	0.82956				2
2024.11.11	01:47:02.426	0.82957	0.82958			6
2024.11.11	01:47:14.155	0.82956				2
2024.11.11	01:47:14.466	0.82957				2
2024.11.11	01:47:21.554	0.82959	0.82960			6
2024.11.11	01:47:22.760	0.82958	0.82959			6
2024.11.11	01:47:29.773		0.82960			4
2024.11.11	01:47:46.130		0.82959			4
2024.11.11	01:47:48.874		0.82960			4
2024.11.11	01:48:00.531	0.82958				2
2024.11.11	01:48:05.200	0.82959				2
2024.11.11	01:48:06.457	0.82958	0.82961			6
2024.11.11	01:48:06.761	0.82960				2
2024.11.11	01:48:14.167	0.82962	0.82963			6
2024.11.11	01:48:14.826		0.82964			4
2024.11.11	01:48:22.010		0.82963			4
2024.11.11	01:48:23.443	0.82963	0.82964			6
2024.11.11	01:48:53.507	0.82961	0.82965			6
2024.11.11	01:48:53.959	0.82962	0.82964			6
2024.11.11	01:48:57.639	0.82963				2
2024.11.11	01:49:01.639	0.82963	0.82965			6
2024.11.11	01:49:06.673		0.82964			4
2024.11.11	01:49:14.220		0.82965			4
2024.11.11	01:49:21.531		0.82964			4
2024.11.11	01:49:24.616		0.82965			4
2024.11.11	01:49:25.744		0.82964			4
2024.11.11	01:49:26.940		0.82965			4
2024.11.11	01:49:27.446	0.82964				2
2024.11.11	01:49:40.701	0.82963				2
2024.11.11	01:49:44.819	0.82964				2
2024.11.11	01:49:45.919	0.82965	0.82966			6
2024.11.11	01:50:00.253	0.82965				2
2024.11.11	01:50:15.988	0.82964	0.82967			6
2024.11.11	01:50:16.604	0.82965	0.82966			6
2024.11.11	01:50:18.633	0.82964	0.82967			6
2024.11.11	01:50:21.761	0.82965	0.82966			6
2024.11.11	01:50:26.385	0.82963	0.82965			6
2024.11.11	01:50:30.374		0.82964			4
2024.11.11	01:50:31.596	0.82961				2
2024.11.11	01:50:36.619		0.82965			4
2024.11.11	01:50:46.239		0.82964			4
2024.11.11	01:50:51.018	0.82960	0.82962			6
2024.11.11	01:50:51.322	0.82958	0.82961			6
2024.11.11	01:50:51.689	0.82959				2
2024.11.11	01:51:00.373	0.82959				2
2024.11.11	01:51:01.452		0.82960			4
2024.11.11	01:51:06.371	0.82958	0.82959			6
2024.11.11	01:51:06.685	0.82956				2
2024.11.11	01:51:08.559	0.82957				2
2024.11.11	01:51:11.081	0.82958				2
2024.11.11	01:51:21.402	0.82956	0.82958			6
2024.11.11	01:51:24.643		0.82959			4
2024.11.11	01:51:31.306		0.82958			4
2024.11.11	01:51:31.940	0.82957	0.82959			6
2024.11.11	01:51:32.311	0.82956				2
2024.11.11	01:51:36.548	0.82955				2
2024.11.11	01:51:43.351	0.82956	0.82958			6
2024.11.11	01:51:43.667	0.82954	0.82957			6
2024.11.11	01:51:51.168	0.82953	0.82956			6
2024.11.11	01:51:51.885	0.82958	0.82960			6
2024.11.11	01:51:52.230		0.82959			4
2024.11.11	01:51:54.244		0.82960			4
2024.11.11	01:51:57.025	0.82959				2
2024.11.11	01:52:00.357	0.82958				2
2024.11.11	01:52:02.077	0.82959				2
2024.11.11	01:52:04.113	0.82958				2
2024.11.11	01:52:08.666		0.82959			4
2024.11.11	01:52:17.987	0.82956	0.82957			6
2024.11.11	01:52:18.767	0.82955				2
2024.11.11	01:52:20.641	0.82954	0.82958			6
2024.11.11	01:52:23.038	0.82955	0.82957			6
2024.11.11	01:52:26.349		0.82956			4
2024.11.11	01:52:31.655		0.82957			4
2024.11.11	01:52:34.573		0.82956			4
2024.11.11	01:53:04.660	0.82955				2
2024.11.11	01:53:05.088	0.82953				2
2024.11.11	01:53:05.520	0.82952				2
2024.11.11	01:53:08.712		0.82955			4
2024.11.11	01:53:11.710		0.82956			4
2024.11.11	01:53:18.317		0.82955			4
2024.11.11	01:53:20.688		0.82956			4
2024.11.11	01:53:22.215		0.82955			4
2024.11.11	01:53:25.624		0.82956			4
2024.11.11	01:53:28.995	0.82953	0.82955			6
2024.11.11	01:53:31.307		0.82956			4
2024.11.11	01:53:32.590	0.82954				2
2024.11.11	01:53:35.073		0.82957			4
2024.11.11	01:53:36.417		0.82955			4
2024.11.11	01:53:36.729	0.82955	0.82956			6
2024.11.11	01:53:40.358	0.82954				2
2024.11.11	01:53:40.697	0.82955				2
2024.11.11	01:53:41.181	0.82954	0.82955			6
2024.11.11	01:53:45.697	0.82955	0.82956			6
2024.11.11	01:53:50.550	0.82956	0.82957			6
2024.11.11	01:53:50.867	0.82955	0.82956			6
2024.11.11	01:54:00.055	0.82955				2
2024.11.11	01:54:03.637	0.82954	0.82955			6
2024.11.11	01:54:04.354		0.82956			4
2024.11.11	01:54:04.686		0.82955			4
2024.11.11	01:54:12.181	0.82952				2
2024.11.11	01:54:16.239	0.82954				2
2024.11.11	01:54:22.141	0.82953				2
2024.11.11	01:54:22.449		0.82954			4
2024.11.11	01:54:49.234		0.82955			4
2024.11.11	01:54:49.834		0.82954			4
2024.11.11	01:54:55.111		0.82955			4
2024.11.11	01:54:55.423	0.82954				2
2024.11.11	01:54:58.923	0.82953	0.82954			6
2024.11.11	01:55:01.836	0.82953				2
2024.11.11	01:55:40.406	0.82951	0.82952			6
2024.11.11	01:55:47.535	0.82950				2
2024.11.11	01:55:47.895		0.82951			4
2024.11.11	01:55:51.731	0.82951	0.82952			6
2024.11.11	01:55:54.061	0.82950	0.82951			6
2024.11.11	01:55:59.030	0.82951	0.82952			6
2024.11.11	01:56:00.562	0.82951				2
2024.11.11	01:56:04.379	0.82950				2
2024.11.11	01:56:05.809		0.82951			4
2024.11.11	01:56:08.230	0.82951	0.82952			6
2024.11.11	01:56:08.539	0.82949	0.82950			6
2024.11.11	01:56:09.315	0.82950	0.82951			6
2024.11.11	01:56:11.659		0.82953			4
2024.11.11	01:56:12.213	0.82951				2
2024.11.11	01:56:17.444	0.82952	0.82954			6
2024.11.11	01:56:20.442	0.82954	0.82955			6
2024.11.11	01:56:20.743	0.82955	0.82956			6
2024.11.11	01:56:28.332	0.82954	0.82955			6
2024.11.11	01:56:33.009		0.82956			4
2024.11.11	01:56:33.349	0.82955	0.82957			6
2024.11.11	01:56:50.798		0.82956			4
2024.11.11	01:56:53.361	0.82954	0.82955			6
2024.11.11	01:57:00.815	0.82954				2
2024.11.11	01:57:08.101	0.82955	0.82956			6
2024.11.11	01:57:17.386	0.82954	0.82955			6
2024.11.11	01:57:46.441	0.82953	0.82954			6
2024.11.11	01:57:46.901	0.82954	0.82955			6
2024.11.11	01:57:51.363	0.82953	0.82954			6
2024.11.11	01:57:51.861	0.82954	0.82955			6
2024.11.11	01:58:02.147	0.82954				2
2024.11.11	01:58:18.088	0.82955	0.82956			6
2024.11.11	01:58:33.652	0.82954	0.82955			6
2024.11.11	01:58:34.170	0.82955	0.82956			6
2024.11.11	01:58:38.073	0.82954	0.82955			6
2024.11.11	01:58:45.389	0.82953	0.82954			6
2024.11.11	01:58:46.132	0.82951	0.82952			6
2024.11.11	01:58:47.862	0.82952	0.82953			6
2024.11.11	01:59:00.890	0.82953	0.82954			6
2024.11.11	01:59:01.317	0.82952	0.82953			6
2024.11.11	01:59:03.053	0.82950				2
2024.11.11	01:59:08.900	0.82949				2
2024.11.11	01:59:13.437		0.82952			4
2024.11.11	01:59:15.402	0.82948				2
2024.11.11	01:59:21.019	0.82951				2
2024.11.11	01:59:22.847	0.82948				2
2024.11.11	01:59:27.223	0.82947	0.82948			6
2024.11.11	01:59:27.831	0.82948	0.82949			6
2024.11.11	01:59:31.463	0.82946				2
2024.11.11	01:59:31.774		0.82948			4
2024.11.11	01:59:32.723	0.82947				2
2024.11.11	01:59:58.450	0.82949	0.82950			6
2024.11.11	01:59:58.935	0.82948	0.82949			6
2024.11.11	01:59:59.595	0.82949	0.82950			6
2024.11.11	02:00:00.365	0.82948	0.82949			6
2024.11.11	02:00:02.367	0.82949	0.82950			6
2024.11.11	02:00:09.664		0.82951			4
2024.11.11	02:00:12.417		0.82950			4
2024.11.11	02:00:12.832	0.82952	0.82953			6
2024.11.11	02:00:17.557		0.82955			4
2024.11.11	02:00:18.444	0.82953				2
2024.11.11	02:00:18.804		0.82954			4
2024.11.11	02:00:19.725	0.82952	0.82953			6
2024.11.11	02:00:20.725	0.82953	0.82954			6
2024.11.11	02:00:24.285		0.82955			4
2024.11.11	02:00:25.581		0.82954			4
2024.11.11	02:00:26.889		0.82955			4
2024.11.11	02:00:27.468	0.82955	0.82956			6
2024.11.11	02:00:28.729	0.82953	0.82954			6
2024.11.11	02:00:36.649	0.82952	0.82953			6
2024.11.11	02:00:50.328	0.82953	0.82954			6
2024.11.11	02:00:54.404	0.82952	0.82953			6
2024.11.11	02:00:54.763	0.82951	0.82952			6
2024.11.11	02:00:55.068	0.82950	0.82951			6
2024.11.11	02:00:55.431	0.82951	0.82952			6
2024.11.11	02:00:55.734	0.82950	0.82951			6
2024.11.11	02:00:57.234	0.82951	0.82952			6
2024.11.11	02:01:00.172	0.82951				2
2024.11.11	02:01:01.610	0.82950	0.82951			6
2024.11.11	02:01:02.681	0.82949	0.82950			6
2024.11.11	02:01:06.605	0.82945	0.82946			6
2024.11.11	02:01:07.868	0.82947	0.82948			6
2024.11.11	02:01:08.175	0.82948	0.82949			6
2024.11.11	02:01:09.881	0.82947	0.82948			6
2024.11.11	02:01:10.705	0.82944	0.82945			6
2024.11.11	02:01:15.964	0.82945	0.82946			6
2024.11.11	02:01:22.381	0.82946	0.82947			6
2024.11.11	02:01:22.806	0.82947	0.82948			6
2024.11.11	02:01:24.478	0.82948	0.82949			6
2024.11.11	02:01:24.799	0.82947	0.82948			6
2024.11.11	02:01:25.452	0.82946	0.82947			6
2024.11.11	02:01:25.965	0.82945	0.82946			6
2024.11.11	02:01:34.603	0.82946	0.82948			6
2024.11.11	02:01:34.904	0.82947				2
2024.11.11	02:01:35.821	0.82948	0.82949			6
2024.11.11	02:01:36.662	0.82949	0.82950			6
2024.11.11	02:01:37.137	0.82948				2
2024.11.11	02:01:38.257		0.82949			4
2024.11.11	02:01:38.565	0.82950	0.82951			6
2024.11.11	02:01:39.795	0.82949	0.82950			6
2024.11.11	02:01:41.983	0.82950	0.82951			6
2024.11.11	02:01:43.792	0.82951	0.82952			6
2024.11.11	02:01:48.389	0.82950	0.82951			6
2024.11.11	02:01:50.417	0.82949	0.82950			6
2024.11.11	02:01:53.318	0.82948	0.82949			6
2024.11.11	02:01:55.409	0.82947	0.82948			6
2024.11.11	02:01:55.720	0.82945	0.82946			6
2024.11.11	02:02:00.273	0.82944	0.82945			6
2024.11.11	02:02:00.674	0.82945	0.82946			6
2024.11.11	02:02:08.012	0.82944	0.82945			6
2024.11.11	02:02:09.436	0.82946	0.82947			6
2024.11.11	02:02:10.382	0.82945	0.82946			6
2024.11.11	02:02:16.007	0.82947	0.82948			6
2024.11.11	02:02:20.217	0.82946	0.82947			6
2024.11.11	02:02:20.575	0.82945	0.82946			6
2024.11.11	02:02:21.417	0.82946	0.82947			6
2024.11.11	02:02:21.721	0.82948	0.82949			6
2024.11.11	02:02:22.713	0.82949	0.82950			6
2024.11.11	02:02:23.182	0.82948	0.82949			6
2024.11.11	02:02:24.257	0.82949	0.82950			6
2024.11.11	02:02:28.665	0.82950	0.82951			6
2024.11.11	02:02:30.363	0.82949	0.82950			6
2024.11.11	02:02:37.402	0.82950	0.82951			6
2024.11.11	02:02:38.572	0.82951	0.82952			6
2024.11.11	02:02:39.671	0.82950	0.82951			6
2024.11.11	02:02:43.163	0.82951	0.82952			6
2024.11.11	02:02:46.346	0.82952	0.82953			6
2024.11.11	02:02:49.014	0.82953	0.82954			6
2024.11.11	02:02:52.140	0.82954	0.82955			6
2024.11.11	02:02:54.176	0.82953	0.82954			6
2024.11.11	02:02:55.599	0.82954	0.82955			6
2024.11.11	02:03:01.282	0.82953	0.82954			6
2024.11.11	02:03:05.578	0.82954	0.82955			6
2024.11.11	02:03:06.312	0.82953	0.82954			6
2024.11.11	02:03:07.771	0.82954	0.82955			6
2024.11.11	02:03:11.605	0.82952	0.82953			6
2024.11.11	02:03:14.275	0.82953	0.82954			6
2024.11.11	02:03:15.647	0.82954	0.82955			6
2024.11.11	02:03:16.107	0.82955	0.82956			6
2024.11.11	02:03:16.677	0.82953	0.82954			6
2024.11.11	02:03:20.308	0.82954	0.82955			6
2024.11.11	02:03:32.288	0.82955	0.82956			6
2024.11.11	02:03:35.677	0.82954	0.82955			6
2024.11.11	02:03:36.571	0.82953	0.82954			6
2024.11.11	02:03:41.317	0.82954	0.82955			6
2024.11.11	02:03:46.759	0.82958	0.82959			6
2024.11.11	02:03:47.366	0.82959	0.82960			6
2024.11.11	02:03:48.130	0.82958	0.82959			6
2024.11.11	02:03:48.469	0.82959	0.82960			6
2024.11.11	02:03:53.144	0.82958	0.82959			6
2024.11.11	02:03:55.310	0.82960	0.82961			6
2024.11.11	02:04:00.347	0.82960				2
2024.11.11	02:04:06.295	0.82961	0.82962			6
2024.11.11	02:04:07.421	0.82960	0.82961			6
2024.11.11	02:04:09.379	0.82961	0.82962			6
2024.11.11	02:04:15.904	0.82960	0.82961			6
2024.11.11	02:04:16.241	0.82961	0.82962			6
2024.11.11	02:04:24.054	0.82960				2
2024.11.11	02:04:25.320	0.82958				2
2024.11.11	02:04:26.110	0.82959				2
2024.11.11	02:04:27.384	0.82961				2
2024.11.11	02:04:33.512	0.82959	0.82961			6
2024.11.11	02:04:35.137		0.82960			4
2024.11.11	02:04:39.702	0.82960	0.82961			6
2024.11.11	02:04:41.402	0.82959	0.82960			6
2024.11.11	02:04:41.744	0.82960	0.82961			6
2024.11.11	02:04:43.527	0.82959	0.82960			6
2024.11.11	02:04:48.884	0.82960	0.82961			6
2024.11.11	02:04:49.188	0.82961	0.82962			6
2024.11.11	02:04:55.601	0.82962	0.82963			6
2024.11.11	02:04:56.001	0.82960	0.82961			6
2024.11.11	02:04:56.441	0.82961	0.82962			6
2024.11.11	02:04:59.618	0.82960	0.82961			6
2024.11.11	02:04:59.922	0.82961	0.82962			6
2024.11.11	02:05:00.294	0.82961				2
2024.11.11	02:05:00.650	0.82960	0.82961			6
2024.11.11	02:05:01.098	0.82961	0.82962			6
2024.11.11	02:05:10.607	0.82960	0.82961			6
2024.11.11	02:05:23.209	0.82959				2
2024.11.11	02:05:23.524		0.82960			4
2024.11.11	02:05:23.838	0.82960	0.82961			6
2024.11.11	02:05:24.358	0.82959	0.82960			6
2024.11.11	02:05:24.703	0.82958	0.82959			6
2024.11.11	02:05:27.799	0.82959	0.82960			6
2024.11.11	02:05:32.415	0.82958	0.82959			6
2024.11.11	02:05:35.266	0.82959	0.82960			6
2024.11.11	02:05:36.108	0.82956	0.82957			6
2024.11.11	02:05:38.143	0.82955	0.82956			6
2024.11.11	02:05:39.156	0.82954	0.82955			6
2024.11.11	02:05:39.584	0.82955	0.82956			6
2024.11.11	02:05:43.865	0.82956	0.82957			6
2024.11.11	02:05:44.203	0.82955	0.82956			6
2024.11.11	02:05:45.591	0.82956	0.82957			6
2024.11.11	02:05:46.560	0.82955	0.82956			6
2024.11.11	02:05:46.864	0.82954	0.82955			6
2024.11.11	02:05:47.219	0.82955	0.82956			6
2024.11.11	02:05:49.838	0.82956	0.82957			6
2024.11.11	02:05:50.145	0.82955	0.82956			6
2024.11.11	02:05:54.340	0.82954	0.82955			6
2024.11.11	02:05:58.121	0.82956	0.82957			6
2024.11.11	02:05:59.374	0.82955	0.82956			6
2024.11.11	02:06:00.061	0.82955				2
2024.11.11	02:06:02.578	0.82954	0.82955			6
2024.11.11	02:06:03.320	0.82955	0.82956			6
2024.11.11	02:06:05.966	0.82954	0.82955			6
2024.11.11	02:06:06.654	0.82953	0.82954			6
2024.11.11	02:06:07.786	0.82952	0.82953			6
2024.11.11	02:06:11.773	0.82950	0.82951			6
2024.11.11	02:06:12.258	0.82949	0.82950			6
2024.11.11	02:06:16.506	0.82950	0.82951			6
2024.11.11	02:06:17.806	0.82949	0.82950			6
2024.11.11	02:06:19.481	0.82950	0.82951			6
2024.11.11	02:06:20.905	0.82949	0.82950			6
2024.11.11	02:06:22.559	0.82948	0.82949			6
2024.11.11	02:06:27.980	0.82949	0.82950			6
2024.11.11	02:06:32.258		0.82951			4
2024.11.11	02:06:32.562	0.82950				2
2024.11.11	02:06:33.805	0.82951	0.82952			6
2024.11.11	02:06:42.347	0.82950	0.82951			6
2024.11.11	02:06:43.749	0.82949	0.82950			6
2024.11.11	02:07:00.982	0.82949				2
2024.11.11	02:07:22.183	0.82951	0.82952			6
2024.11.11	02:07:22.497	0.82952	0.82953			6
2024.11.11	02:07:23.278	0.82951	0.82952			6
2024.11.11	02:07:28.136	0.82950	0.82951			6
2024.11.11	02:07:28.489	0.82951	0.82952			6
2024.11.11	02:07:29.225	0.82950	0.82951			6
2024.11.11	02:07:32.130	0.82951	0.82952			6
2024.11.11	02:07:40.178	0.82950	0.82951			6
2024.11.11	02:07:40.719	0.82949	0.82950			6
2024.11.11	02:07:43.530	0.82950	0.82951			6
2024.11.11	02:07:51.394	0.82949	0.82950			6
2024.11.11	02:07:53.027	0.82950	0.82951			6
2024.11.11	02:07:54.023	0.82949	0.82950			6
2024.11.11	02:07:54.336	0.82950	0.82951			6
2024.11.11	02:08:01.083	0.82951	0.82952			6
2024.11.11	02:08:04.480	0.82952	0.82953			6
2024.11.11	02:08:06.329	0.82951	0.82952			6
2024.11.11	02:08:07.797	0.82950	0.82951			6
2024.11.11	02:08:16.328	0.82951	0.82952			6
2024.11.11	02:08:16.960	0.82952	0.82954			6
2024.11.11	02:08:17.632		0.82953			4
2024.11.11	02:08:17.943	0.82951	0.82952			6
2024.11.11	02:08:21.410	0.82952	0.82953			6
2024.11.11	02:08:23.620	0.82951	0.82952			6
2024.11.11	02:08:23.947	0.82952	0.82953			6
2024.11.11	02:08:24.269	0.82951	0.82952			6
2024.11.11	02:08:26.117	0.82952	0.82953			6
2024.11.11	02:08:27.800	0.82951	0.82952			6
2024.11.11	02:08:30.263	0.82952	0.82953			6
2024.11.11	02:08:30.961	0.82951	0.82952			6
2024.11.11	02:08:31.958	0.82952	0.82953			6
2024.11.11	02:08:33.087	0.82951	0.82952			6
2024.11.11	02:08:33.869	0.82950	0.82951			6
2024.11.11	02:08:52.283	0.82951	0.82952			6
2024.11.11	02:08:52.604	0.82952	0.82953			6
2024.11.11	02:08:52.921	0.82951	0.82952			6
2024.11.11	02:08:55.592	0.82952	0.82953			6
2024.11.11	02:08:56.006	0.82951	0.82952			6
2024.11.11	02:08:57.605	0.82950	0.82951			6
2024.11.11	02:08:58.380	0.82951	0.82952			6
2024.11.11	02:09:00.070	0.82951				2
2024.11.11	02:09:03.549	0.82952	0.82953			6
2024.11.11	02:09:06.635	0.82951	0.82952			6
2024.11.11	02:09:09.328	0.82952	0.82953			6
2024.11.11	02:09:10.726	0.82953	0.82955			6
2024.11.11	02:09:17.215	0.82954				2
2024.11.11	02:09:19.518	0.82955	0.82956			6
2024.11.11	02:09:22.338	0.82956	0.82957			6
2024.11.11	02:09:22.673	0.82955	0.82956			6
2024.11.11	02:09:23.009	0.82956	0.82957			6
2024.11.11	02:09:30.086	0.82958	0.82959			6
2024.11.11	02:09:31.200	0.82957				2
2024.11.11	02:09:31.511	0.82958				2
2024.11.11	02:09:34.139	0.82957	0.82958			6
2024.11.11	02:09:35.075	0.82958	0.82959			6
2024.11.11	02:09:36.344	0.82959	0.82960			6
2024.11.11	02:09:38.052	0.82960	0.82961			6
2024.11.11	02:09:50.209	0.82959	0.82960			6
2024.11.11	02:09:55.868	0.82960	0.82961			6
2024.11.11	02:10:00.022	0.82960				2
2024.11.11	02:10:00.983	0.82961	0.82962			6
2024.11.11	02:10:24.887	0.82960	0.82961			6
2024.11.11	02:10:26.311	0.82961	0.82962			6
2024.11.11	02:10:40.750	0.82963	0.82964			6
2024.11.11	02:10:41.684	0.82964	0.82965			6
2024.11.11	02:10:43.879	0.82966	0.82967			6
2024.11.11	02:10:44.571	0.82967	0.82968			6
2024.11.11	02:10:52.973	0.82966	0.82967			6
2024.11.11	02:11:00.388	0.82966				2
2024.11.11	02:11:07.232	0.82967	0.82968			6
2024.11.11	02:11:08.170	0.82966	0.82967			6
2024.11.11	02:11:08.905	0.82967	0.82968			6
2024.11.11	02:11:09.570	0.82966	0.82967			6
2024.11.11	02:11:12.614	0.82967	0.82968			6
2024.11.11	02:11:13.903	0.82966	0.82967			6
2024.11.11	02:11:24.282	0.82968	0.82969			6
2024.11.11	02:11:25.984	0.82967	0.82968			6
2024.11.11	02:11:31.033	0.82968	0.82969			6
2024.11.11	02:11:33.108	0.82969	0.82970			6
2024.11.11	02:11:33.721	0.82970	0.82971			6
2024.11.11	02:11:35.102	0.82971	0.82972			6
2024.11.11	02:11:37.316	0.82973	0.82974			6
2024.11.11	02:12:01.171	0.82972	0.82973			6
2024.11.11	02:12:01.633	0.82970	0.82971			6
2024.11.11	02:12:01.941	0.82969	0.82970			6
2024.11.11	02:12:04.600	0.82971	0.82972			6
2024.11.11	02:12:07.733	0.82968	0.82969			6
2024.11.11	02:12:08.521	0.82969	0.82970			6
2024.11.11	02:13:01.028	0.82969				2
2024.11.11	02:13:03.166	0.82965	0.82966			6
2024.11.11	02:13:11.199	0.82966	0.82967			6
2024.11.11	02:13:19.005	0.82965	0.82966			6
2024.11.11	02:13:22.406	0.82967	0.82968			6
2024.11.11	02:13:22.719	0.82968	0.82969			6
2024.11.11	02:13:23.152	0.82969	0.82970			6
2024.11.11	02:13:25.888	0.82968	0.82969			6
2024.11.11	02:13:32.827	0.82969	0.82970			6
2024.11.11	02:13:40.992	0.82970	0.82971			6
2024.11.11	02:13:42.337	0.82969	0.82970			6
2024.11.11	02:13:45.367	0.82970	0.82971			6
2024.11.11	02:13:50.238	0.82971	0.82972			6
2024.11.11	02:13:51.069	0.82970	0.82971			6
2024.11.11	02:14:00.969	0.82970				2
2024.11.11	02:14:04.132	0.82969	0.82970			6
2024.11.11	02:14:04.824	0.82968	0.82969			6
2024.11.11	02:14:05.197	0.82969	0.82970			6
2024.11.11	02:14:06.741	0.82970	0.82971			6
2024.11.11	02:14:10.472	0.82969	0.82970			6
2024.11.11	02:14:10.968	0.82970	0.82971			6
2024.11.11	02:14:13.027	0.82969	0.82970			6
2024.11.11	02:14:13.371	0.82970	0.82971			6
2024.11.11	02:14:28.263	0.82969	0.82970			6
2024.11.11	02:14:29.341	0.82970	0.82971			6
2024.11.11	02:14:30.386	0.82971	0.82972			6
2024.11.11	02:14:31.649	0.82972	0.82973			6
2024.11.11	02:14:36.264	0.82971	0.82972			6
2024.11.11	02:14:36.971	0.82970	0.82971			6
2024.11.11	02:14:37.851	0.82971	0.82972			6
2024.11.11	02:14:41.757	0.82970	0.82971			6
2024.11.11	02:14:51.935	0.82971	0.82972			6
2024.11.11	02:14:53.405	0.82970	0.82971			6
2024.11.11	02:15:00.367	0.82970				2
2024.11.11	02:15:02.890	0.82969	0.82970			6
2024.11.11	02:15:06.214	0.82966	0.82967			6
2024.11.11	02:15:06.556	0.82965	0.82966			6
2024.11.11	02:15:07.304	0.82966	0.82967			6
2024.11.11	02:15:07.625	0.82965	0.82966			6
2024.11.11	02:15:12.348	0.82966	0.82967			6
2024.11.11	02:15:12.716	0.82965	0.82966			6
2024.11.11	02:15:16.165	0.82966	0.82967			6
2024.11.11	02:15:16.737	0.82965	0.82966			6
2024.11.11	02:15:18.901	0.82964	0.82965			6
2024.11.11	02:15:19.203	0.82963	0.82964			6
2024.11.11	02:15:19.517	0.82964	0.82965			6
2024.11.11	02:15:19.881	0.82963	0.82964			6
2024.11.11	02:15:25.580	0.82964	0.82965			6
2024.11.11	02:15:25.908	0.82965	0.82966			6
2024.11.11	02:15:35.350	0.82964	0.82965			6
2024.11.11	02:15:35.663	0.82965	0.82966			6
2024.11.11	02:15:40.762	0.82964	0.82965			6
2024.11.11	02:15:42.808	0.82963	0.82964			6
2024.11.11	02:15:43.121	0.82964	0.82965			6
2024.11.11	02:15:46.293	0.82963	0.82964			6
2024.11.11	02:15:53.587	0.82964	0.82965			6
2024.11.11	02:16:00.104	0.82963	0.82964			6
2024.11.11	02:16:02.028	0.82964	0.82965			6
2024.11.11	02:16:02.352	0.82963	0.82964			6
2024.11.11	02:16:02.897	0.82964	0.82965			6
2024.11.11	02:16:03.416	0.82963	0.82964			6
2024.11.11	02:16:04.341	0.82962	0.82965			6
2024.11.11	02:16:06.595		0.82964			4
2024.11.11	02:16:07.239	0.82963				2
2024.11.11	02:16:09.083	0.82961	0.82962			6
2024.11.11	02:16:10.952	0.82962	0.82963			6
2024.11.11	02:16:19.446	0.82961	0.82962			6
2024.11.11	02:16:19.802	0.82962	0.82963			6
2024.11.11	02:16:21.306	0.82961	0.82962			6
2024.11.11	02:16:33.891	0.82960	0.82961			6
2024.11.11	02:16:36.289	0.82961	0.82962			6
2024.11.11	02:17:03.103	0.82961				2
2024.11.11	02:17:16.416	0.82959	0.82960			6
2024.11.11	02:17:35.325	0.82960	0.82961			6
2024.11.11	02:17:35.632	0.82959	0.82960			6
2024.11.11	02:17:37.424	0.82960	0.82961			6
2024.11.11	02:18:00.331	0.82960				2
2024.11.11	02:18:03.912	0.82959	0.82960			6
2024.11.11	02:18:09.947	0.82958	0.82959			6
2024.11.11	02:18:10.463	0.82959	0.82960			6
2024.11.11	02:18:13.321	0.82958	0.82959			6
2024.11.11	02:18:15.602	0.82959	0.82960			6
2024.11.11	02:18:17.124	0.82958	0.82959			6
2024.11.11	02:18:20.357	0.82959	0.82960			6
2024.11.11	02:18:26.970	0.82960	0.82961			6
2024.11.11	02:18:30.333	0.82959	0.82960			6
2024.11.11	02:18:30.681	0.82958	0.82959			6
2024.11.11	02:18:32.311	0.82959	0.82960			6
2024.11.11	02:18:32.764	0.82960	0.82961			6
2024.11.11	02:19:00.391	0.82960				2
2024.11.11	02:19:06.205	0.82959				2
2024.11.11	02:19:09.102		0.82960			4
2024.11.11	02:19:09.529	0.82958	0.82959			6
2024.11.11	02:19:17.243	0.82957	0.82958			6
2024.11.11	02:19:17.884	0.82959	0.82960			6
2024.11.11	02:19:18.196	0.82960	0.82961			6
2024.11.11	02:19:25.032	0.82959	0.82960			6
2024.11.11	02:19:25.356	0.82958	0.82959			6
2024.11.11	02:19:26.002	0.82957	0.82958			6
2024.11.11	02:19:26.672	0.82958	0.82959			6
2024.11.11	02:19:26.981	0.82959	0.82960			6
2024.11.11	02:19:28.009	0.82958	0.82959			6
2024.11.11	02:19:29.693	0.82960	0.82961			6
2024.11.11	02:19:35.729	0.82959	0.82962			6
2024.11.11	02:19:37.161	0.82960				2
2024.11.11	02:19:38.602	0.82961				2
2024.11.11	02:19:39.733	0.82960				2
2024.11.11	02:19:43.185	0.82961				2
2024.11.11	02:19:46.051	0.82960				2
2024.11.11	02:19:46.557	0.82962	0.82963			6
2024.11.11	02:19:47.392	0.82963	0.82964			6
2024.11.11	02:19:54.628	0.82964	0.82965			6
2024.11.11	02:20:04.661	0.82964				2
2024.11.11	02:20:05.495	0.82965	0.82966			6
2024.11.11	02:20:12.045		0.82967			4
2024.11.11	02:20:13.883	0.82966				2
2024.11.11	02:20:15.495	0.82965	0.82966			6
2024.11.11	02:20:33.568	0.82967	0.82968			6
2024.11.11	02:20:36.133	0.82968	0.82969			6
2024.11.11	02:20:36.775	0.82967	0.82968			6
2024.11.11	02:20:38.627	0.82969	0.82970			6
2024.11.11	02:20:51.300	0.82971	0.82972			6
2024.11.11	02:20:54.065	0.82970	0.82971			6
2024.11.11	02:20:56.402	0.82969	0.82970			6
2024.11.11	02:20:57.582	0.82970	0.82971			6
2024.11.11	02:20:58.453	0.82969	0.82970			6
2024.11.11	02:20:58.764	0.82970	0.82971			6
2024.11.11	02:20:59.664	0.82969	0.82970			6
2024.11.11	02:21:00.159	0.82969				2
2024.11.11	02:21:01.484	0.82971	0.82972			6
2024.11.11	02:21:02.104	0.82973	0.82974			6
2024.11.11	02:21:26.254	0.82972	0.82973			6
2024.11.11	02:21:26.863	0.82971	0.82972			6
2024.11.11	02:21:29.406	0.82972	0.82973			6
2024.11.11	02:21:30.035	0.82971	0.82972			6
2024.11.11	02:21:30.399	0.82972	0.82973			6
2024.11.11	02:21:31.200	0.82971	0.82972			6
2024.11.11	02:21:40.429	0.82968	0.82969			6
2024.11.11	02:21:41.133	0.82966				2
2024.11.11	02:21:41.437	0.82967	0.82968			6
2024.11.11	02:21:42.553		0.82969			4
2024.11.11	02:21:45.172		0.82968			4
2024.11.11	02:21:52.250	0.82965	0.82966			6
2024.11.11	02:21:52.928	0.82964	0.82965			6
2024.11.11	02:21:53.656	0.82965	0.82966			6
2024.11.11	02:21:54.546	0.82962	0.82965			6
2024.11.11	02:22:00.032	0.82962				2
2024.11.11	02:22:08.521		0.82964			4
2024.11.11	02:22:09.371	0.82963				2
2024.11.11	02:22:11.240	0.82962				2
2024.11.11	02:22:12.824	0.82960	0.82961			6
2024.11.11	02:22:17.806	0.82959	0.82960			6
2024.11.11	02:22:26.372	0.82958	0.82959			6
2024.11.11	02:22:28.607		0.82960			4
2024.11.11	02:22:31.850	0.82956	0.82957			6
2024.11.11	02:22:34.195	0.82957	0.82958			6
2024.11.11	02:22:34.503	0.82958	0.82959			6
2024.11.11	02:22:36.156	0.82959	0.82960			6
2024.11.11	02:22:38.987	0.82960	0.82961			6
2024.11.11	02:22:46.072	0.82959	0.82960			6
2024.11.11	02:22:46.518	0.82958	0.82959			6
2024.11.11	02:22:59.181	0.82959	0.82960			6
2024.11.11	02:23:00.384	0.82959				2
2024.11.11	02:23:06.883	0.82960	0.82961			6
2024.11.11	02:23:07.992	0.82962	0.82963			6
2024.11.11	02:23:08.302	0.82963	0.82964			6
2024.11.11	02:23:12.896	0.82964	0.82965			6
2024.11.11	02:23:19.468	0.82962	0.82964			6
2024.11.11	02:23:20.711	0.82961				2
2024.11.11	02:23:22.015		0.82963			4
2024.11.11	02:23:23.603	0.82960	0.82961			6
2024.11.11	02:23:25.104	0.82961	0.82962			6
2024.11.11	02:23:27.261		0.82963			4
2024.11.11	02:23:28.030		0.82962			4
2024.11.11	02:23:35.216	0.82959	0.82960			6
2024.11.11	02:23:41.277	0.82962	0.82963			6
2024.11.11	02:23:49.251	0.82963	0.82964			6
2024.11.11	02:23:57.307	0.82961	0.82962			6
2024.11.11	02:23:58.565	0.82959	0.82960			6
2024.11.11	02:23:58.878	0.82958	0.82959			6
2024.11.11	02:23:59.984	0.82959	0.82960			6
2024.11.11	02:24:00.321	0.82959				2
2024.11.11	02:24:01.001	0.82958	0.82959			6
2024.11.11	02:24:01.315	0.82959	0.82960			6
2024.11.11	02:24:02.868	0.82958	0.82959			6
2024.11.11	02:24:06.258	0.82959	0.82960			6
2024.11.11	02:24:23.019	0.82955	0.82956			6
2024.11.11	02:24:23.323	0.82956	0.82957			6
2024.11.11	02:24:23.630	0.82955	0.82956			6
2024.11.11	02:24:24.355	0.82956	0.82957			6
2024.11.11	02:24:30.357	0.82955	0.82956			6
2024.11.11	02:24:35.591	0.82957	0.82958			6
2024.11.11	02:24:41.798	0.82956	0.82957			6
2024.11.11	02:24:50.790	0.82955	0.82956			6
2024.11.11	02:24:52.175	0.82954	0.82955			6
2024.11.11	02:24:52.942	0.82953	0.82954			6
2024.11.11	02:24:53.671	0.82954	0.82955			6
2024.11.11	02:24:55.890	0.82955	0.82956			6
2024.11.11	02:24:59.812	0.82954	0.82955			6
2024.11.11	02:25:00.198	0.82955	0.82956			6
2024.11.11	02:25:05.460	0.82954	0.82955			6
2024.11.11	02:25:05.763	0.82955	0.82956			6
2024.11.11	02:25:10.848	0.82954	0.82955			6
2024.11.11	02:25:11.491	0.82955	0.82956			6
2024.11.11	02:25:16.650	0.82954	0.82955			6
2024.11.11	02:25:24.801	0.82955	0.82956			6
2024.11.11	02:25:26.282	0.82954	0.82955			6
2024.11.11	02:25:30.855	0.82955	0.82956			6
2024.11.11	02:25:44.123	0.82956	0.82957			6
2024.11.11	02:25:46.007	0.82957	0.82958			6
2024.11.11	02:25:53.446	0.82956				2
2024.11.11	02:25:58.238		0.82957			4
2024.11.11	02:25:58.544	0.82957	0.82958			6
2024.11.11	02:25:59.080	0.82958	0.82959			6
2024.11.11	02:25:59.781	0.82957				2
2024.11.11	02:26:00.304	0.82957				2
2024.11.11	02:26:00.789	0.82958				2
2024.11.11	02:26:04.124		0.82960			4
2024.11.11	02:26:04.670		0.82959			4
2024.11.11	02:26:21.246	0.82957	0.82958			6
2024.11.11	02:26:39.692	0.82956	0.82957			6
2024.11.11	02:26:42.514	0.82957	0.82958			6
2024.11.11	02:27:00.398	0.82957				2
2024.11.11	02:27:02.573	0.82958	0.82959			6
2024.11.11	02:27:32.381	0.82956	0.82958			6
2024.11.11	02:27:34.448		0.82957			4
2024.11.11	02:27:36.537	0.82955	0.82956			6
2024.11.11	02:27:36.843	0.82954	0.82955			6
2024.11.11	02:27:37.350	0.82956	0.82957			6
2024.11.11	02:27:37.749	0.82957	0.82958			6
2024.11.11	02:27:44.525	0.82958	0.82959			6
2024.11.11	02:27:52.187	0.82957	0.82958			6
2024.11.11	02:27:53.018	0.82958	0.82959			6
2024.11.11	02:27:55.006	0.82957	0.82958			6
2024.11.11	02:27:58.348	0.82956				2
2024.11.11	02:27:58.662	0.82958	0.82959			6
2024.11.11	02:28:00.336	0.82958				2
2024.11.11	02:28:03.174	0.82957	0.82958			6
2024.11.11	02:28:11.432	0.82958	0.82959			6
2024.11.11	02:28:20.530	0.82957	0.82958			6
2024.11.11	02:28:21.312	0.82956	0.82957			6
2024.11.11	02:28:23.126	0.82957	0.82958			6
2024.11.11	02:28:29.596	0.82958	0.82959			6
2024.11.11	02:28:41.555	0.82959	0.82960			6
2024.11.11	02:28:42.193	0.82960	0.82961			6
2024.11.11	02:28:42.961	0.82961	0.82962			6
2024.11.11	02:28:46.801	0.82962	0.82963			6
2024.11.11	02:28:51.603	0.82961				2
2024.11.11	02:28:52.185	0.82962				2
2024.11.11	02:29:00.010	0.82962				2
2024.11.11	02:29:04.661	0.82961	0.82962			6
2024.11.11	02:29:09.298	0.82962	0.82963			6
2024.11.11	02:29:43.075	0.82961	0.82962			6
2024.11.11	02:29:44.416	0.82962	0.82963			6
2024.11.11	02:29:47.534	0.82961	0.82962			6
2024.11.11	02:29:49.217	0.82962	0.82963			6
2024.11.11	02:29:55.225	0.82961	0.82962			6
2024.11.11	02:30:00.093	0.82961				2
2024.11.11	02:30:01.370	0.82962	0.82963			6
2024.11.11	02:30:28.679	0.82961	0.82962			6
2024.11.11	02:30:28.999	0.82962	0.82963			6
2024.11.11	02:30:31.119	0.82960	0.82961			6
2024.11.11	02:30:31.440	0.82959	0.82960			6
2024.11.11	02:30:32.341	0.82958	0.82959			6
2024.11.11	02:30:46.284	0.82959	0.82960			6
2024.11.11	02:30:48.177	0.82958	0.82959			6
2024.11.11	02:30:48.788	0.82959	0.82960			6
2024.11.11	02:31:00.150	0.82959				2
2024.11.11	02:31:00.924	0.82961	0.82962			6
2024.11.11	02:31:01.312	0.82962	0.82963			6
2024.11.11	02:31:11.256	0.82963	0.82964			6
2024.11.11	02:31:13.916	0.82964	0.82965			6
2024.11.11	02:31:23.228	0.82963	0.82964			6
2024.11.11	02:31:32.622	0.82964	0.82965			6
2024.11.11	02:31:35.618	0.82963	0.82964			6
2024.11.11	02:31:52.869	0.82962				2
2024.11.11	02:31:55.690		0.82963			4
2024.11.11	02:32:00.106	0.82962				2
2024.11.11	02:32:36.636	0.82961	0.82962			6
2024.11.11	02:32:43.248	0.82962	0.82963			6
2024.11.11	02:32:44.344	0.82959	0.82960			6
2024.11.11	02:32:51.717	0.82961	0.82962			6
2024.11.11	02:32:52.092	0.82962	0.82963			6
2024.11.11	02:32:58.385	0.82961	0.82962			6
2024.11.11	02:33:00.019	0.82961				2
2024.11.11	02:33:00.481	0.82962	0.82963			6
2024.11.11	02:33:05.153	0.82963	0.82964			6
2024.11.11	02:33:05.463	0.82964	0.82965			6
2024.11.11	02:33:11.404	0.82963	0.82964			6
2024.11.11	02:33:14.809	0.82964	0.82965			6
2024.11.11	02:33:19.693	0.82963	0.82964			6
2024.11.11	02:33:33.042		0.82965			4
2024.11.11	02:33:35.787	0.82964				2
2024.11.11	02:34:00.455	0.82964				2
2024.11.11	02:34:04.759	0.82965	0.82966			6
2024.11.11	02:34:06.741	0.82964	0.82965			6
2024.11.11	02:34:09.643	0.82965	0.82966			6
2024.11.11	02:34:11.220	0.82964	0.82965			6
2024.11.11	02:34:15.810	0.82965	0.82966			6
2024.11.11	02:34:25.749	0.82967	0.82968			6
2024.11.11	02:34:37.010	0.82968	0.82969			6
2024.11.11	02:34:37.399	0.82966	0.82967			6
2024.11.11	02:34:38.427	0.82967	0.82968			6
2024.11.11	02:34:45.377	0.82965	0.82966			6
2024.11.11	02:34:45.730	0.82964	0.82965			6
2024.11.11	02:34:59.095	0.82965	0.82966			6
2024.11.11	02:35:00.648	0.82965				2
2024.11.11	02:35:01.313	0.82966	0.82967			6
2024.11.11	02:35:12.193	0.82964	0.82965			6
2024.11.11	02:35:13.593		0.82966			4
2024.11.11	02:35:14.454	0.82965				2
2024.11.11	02:35:17.810	0.82966	0.82967			6
2024.11.11	02:35:54.445	0.82965	0.82966			6
2024.11.11	02:36:00.934	0.82965				2
2024.11.11	02:36:04.706	0.82967	0.82968			6
2024.11.11	02:36:07.256	0.82966	0.82967			6
2024.11.11	02:36:08.609	0.82967	0.82968			6
2024.11.11	02:36:13.207	0.82966	0.82967			6
2024.11.11	02:36:14.625	0.82967	0.82968			6
2024.11.11	02:36:16.355	0.82966	0.82967			6
2024.11.11	02:36:18.516	0.82964	0.82965			6
2024.11.11	02:36:26.943	0.82963	0.82964			6
2024.11.11	02:36:30.686	0.82964	0.82965			6
2024.11.11	02:36:39.171	0.82963	0.82964			6
2024.11.11	02:36:41.399	0.82966	0.82967			6
2024.11.11	02:36:41.726	0.82964	0.82965			6
2024.11.11	02:36:42.710	0.82963	0.82964			6
2024.11.11	02:36:47.271	0.82964	0.82965			6
2024.11.11	02:36:51.733	0.82963				2
2024.11.11	02:36:52.939		0.82964			4
2024.11.11	02:36:53.248	0.82964	0.82965			6
2024.11.11	02:37:01.210	0.82964				2
2024.11.11	02:37:26.860	0.82963	0.82964			6
2024.11.11	02:37:35.968	0.82964	0.82965			6
2024.11.11	02:37:48.237	0.82963	0.82964			6
2024.11.11	02:37:51.722	0.82964	0.82965			6
2024.11.11	02:37:54.338	0.82963	0.82964			6
2024.11.11	02:37:54.849	0.82964	0.82965			6
2024.11.11	02:38:00.224	0.82963	0.82964			6
2024.11.11	02:38:00.543	0.82964	0.82965			6
2024.11.11	02:38:00.865	0.82963				2
2024.11.11	02:38:02.063	0.82964				2
2024.11.11	02:38:04.855	0.82963	0.82964			6
2024.11.11	02:38:10.790	0.82964	0.82965			6
2024.11.11	02:38:12.919	0.82963	0.82964			6
2024.11.11	02:38:36.478	0.82962	0.82963			6
2024.11.11	02:38:36.801	0.82963	0.82964			6
2024.11.11	02:39:01.081	0.82963				2
2024.11.11	02:39:04.853	0.82962	0.82963			6
2024.11.11	02:39:38.425	0.82963	0.82964			6
2024.11.11	02:39:54.876	0.82964	0.82965			6
2024.11.11	02:39:56.072	0.82966	0.82967			6
2024.11.11	02:40:00.324	0.82966				2
2024.11.11	02:40:08.374	0.82968	0.82969			6
2024.11.11	02:40:12.292	0.82967	0.82968			6
2024.11.11	02:40:19.805	0.82964	0.82965			6
2024.11.11	02:40:20.120	0.82963	0.82964			6
2024.11.11	02:40:21.328	0.82964	0.82965			6
2024.11.11	02:40:22.260	0.82966	0.82967			6
2024.11.11	02:40:30.894	0.82967	0.82968			6
2024.11.11	02:40:49.365	0.82968	0.82969			6
2024.11.11	02:40:58.341	0.82967	0.82968			6
2024.11.11	02:40:59.384	0.82966	0.82967			6
2024.11.11	02:41:00.257	0.82966				2
2024.11.11	02:41:05.319	0.82967	0.82968			6
2024.11.11	02:41:17.112	0.82966	0.82967			6
2024.11.11	02:41:17.419	0.82967	0.82968			6
2024.11.11	02:41:19.984	0.82966	0.82967			6
2024.11.11	02:41:21.093	0.82967	0.82968			6
2024.11.11	02:41:24.957	0.82966				2
2024.11.11	02:41:25.340	0.82967				2
2024.11.11	02:41:28.705	0.82966	0.82967			6
2024.11.11	02:41:37.513	0.82967	0.82968			6
2024.11.11	02:41:38.137	0.82966	0.82967			6
2024.11.11	02:41:50.234	0.82967	0.82968			6
2024.11.11	02:41:50.556	0.82966	0.82967			6
2024.11.11	02:41:55.451	0.82967	0.82968			6
2024.11.11	02:42:00.202	0.82967				2
2024.11.11	02:42:20.991	0.82968	0.82969			6
2024.11.11	02:42:30.408	0.82967	0.82968			6
2024.11.11	02:42:39.535	0.82968	0.82969			6
2024.11.11	02:42:41.002	0.82967	0.82968			6
2024.11.11	02:43:00.360	0.82967				2
2024.11.11	02:43:01.218	0.82968	0.82969			6
2024.11.11	02:43:24.693	0.82969	0.82970			6
2024.11.11	02:43:26.956	0.82970	0.82971			6
