<DATE>	<TIME>	<BID>	<ASK>	<LAST>	<VOLUME>	<FLAGS>
2024.07.31	00:00:01.208	0.84133	0.84337			6
2024.07.31	00:00:01.527	0.84236	0.84293			6
2024.07.31	00:00:11.636	0.84238	0.84291			6
2024.07.31	00:00:29.893	0.84212	0.84313			6
2024.07.31	00:00:31.009	0.84217	0.84303			6
2024.07.31	00:01:00.403	0.84217				2
2024.07.31	00:01:31.335		0.84303			4
2024.07.31	00:02:00.883	0.84217				2
2024.07.31	00:02:31.646		0.84303			4
2024.07.31	00:03:10.895	0.84217				2
2024.07.31	00:03:54.853		0.84303			4
2024.07.31	00:04:10.902	0.84217				2
2024.07.31	00:05:00.584	0.84217	0.84303			6
2024.07.31	00:06:01.230	0.84217	0.84303			6
2024.07.31	00:06:18.310	0.84212				2
2024.07.31	00:07:04.686	0.84212	0.84303			6
2024.07.31	00:07:06.650		0.84310			4
2024.07.31	00:07:57.663		0.84304			4
2024.07.31	00:08:01.650	0.84212				2
2024.07.31	00:08:57.670		0.84310			4
2024.07.31	00:09:00.893	0.84212				2
2024.07.31	00:09:58.964		0.84303			4
2024.07.31	00:10:00.258	0.84212	0.84272			6
2024.07.31	00:10:03.080		0.84273			4
2024.07.31	00:10:06.395		0.84272			4
2024.07.31	00:10:08.847		0.84273			4
2024.07.31	00:10:12.349		0.84276			4
2024.07.31	00:10:18.398	0.84216				2
2024.07.31	00:10:51.551		0.84275			4
2024.07.31	00:11:00.598	0.84216				2
2024.07.31	00:11:03.109		0.84274			4
2024.07.31	00:11:34.370		0.84273			4
2024.07.31	00:12:01.228	0.84216				2
2024.07.31	00:12:09.071		0.84274			4
2024.07.31	00:12:13.639		0.84273			4
2024.07.31	00:12:18.349	0.84212	0.84272			6
2024.07.31	00:12:45.868		0.84274			4
2024.07.31	00:12:50.367		0.84276			4
2024.07.31	00:13:02.452	0.84216				2
2024.07.31	00:13:10.890		0.84275			4
2024.07.31	00:13:18.428		0.84274			4
2024.07.31	00:13:19.940		0.84273			4
2024.07.31	00:13:46.666		0.84274			4
2024.07.31	00:13:59.165		0.84273			4
2024.07.31	00:14:01.278	0.84216				2
2024.07.31	00:14:17.165		0.84274			4
2024.07.31	00:14:26.166		0.84273			4
2024.07.31	00:14:31.324	0.84226				2
2024.07.31	00:14:33.289		0.84272			4
2024.07.31	00:14:39.995		0.84271			4
2024.07.31	00:14:44.774		0.84288			4
2024.07.31	00:14:45.151		0.84289			4
2024.07.31	00:14:47.281		0.84288			4
2024.07.31	00:14:47.889		0.84305			4
2024.07.31	00:14:51.648		0.84306			4
2024.07.31	00:15:00.258	0.84226				2
2024.07.31	00:15:05.071		0.84307			4
2024.07.31	00:15:06.371		0.84308			4
2024.07.31	00:15:10.891	0.84231	0.84305			6
2024.07.31	00:15:49.153	0.84244	0.84307			6
2024.07.31	00:16:00.371	0.84244				2
2024.07.31	00:16:02.837		0.84310			4
2024.07.31	00:16:03.156		0.84311			4
2024.07.31	00:16:06.065		0.84310			4
2024.07.31	00:16:07.567		0.84305			4
2024.07.31	00:16:08.001		0.84304			4
2024.07.31	00:16:08.354		0.84303			4
2024.07.31	00:16:09.257		0.84301			4
2024.07.31	00:16:09.770		0.84302			4
2024.07.31	00:16:10.478		0.84303			4
2024.07.31	00:16:15.848		0.84305			4
2024.07.31	00:16:21.660		0.84306			4
2024.07.31	00:16:30.530		0.84307			4
2024.07.31	00:16:36.220		0.84308			4
2024.07.31	00:16:39.432		0.84304			4
2024.07.31	00:16:41.496		0.84301			4
2024.07.31	00:16:57.411		0.84300			4
2024.07.31	00:17:00.427	0.84227	0.84303			6
2024.07.31	00:17:02.420		0.84302			4
2024.07.31	00:17:07.256		0.84297			4
2024.07.31	00:17:15.779		0.84295			4
2024.07.31	00:17:21.965		0.84296			4
2024.07.31	00:17:26.524		0.84294			4
2024.07.31	00:17:29.226		0.84291			4
2024.07.31	00:17:32.601		0.84290			4
2024.07.31	00:17:38.501	0.84229	0.84288			6
2024.07.31	00:17:39.294		0.84289			4
2024.07.31	00:17:41.299		0.84288			4
2024.07.31	00:17:42.216		0.84287			4
2024.07.31	00:17:44.671		0.84286			4
2024.07.31	00:17:46.303		0.84284			4
2024.07.31	00:17:49.481		0.84283			4
2024.07.31	00:17:49.791		0.84282			4
2024.07.31	00:17:54.072		0.84281			4
2024.07.31	00:17:56.220	0.84234	0.84280			6
2024.07.31	00:17:56.524		0.84281			4
2024.07.31	00:17:58.404	0.84222	0.84279			6
2024.07.31	00:18:00.358	0.84222	0.84276			6
2024.07.31	00:18:04.830		0.84275			4
2024.07.31	00:18:06.490		0.84273			4
2024.07.31	00:18:07.008		0.84271			4
2024.07.31	00:18:11.821		0.84272			4
2024.07.31	00:18:12.332		0.84273			4
2024.07.31	00:18:13.981		0.84274			4
2024.07.31	00:18:14.389		0.84275			4
2024.07.31	00:18:37.866		0.84274			4
2024.07.31	00:18:40.281	0.84219	0.84277			6
2024.07.31	00:18:46.470		0.84276			4
2024.07.31	00:18:48.060		0.84275			4
2024.07.31	00:18:51.064		0.84274			4
2024.07.31	00:19:00.834	0.84219				2
2024.07.31	00:19:04.838		0.84272			4
2024.07.31	00:19:08.812		0.84274			4
2024.07.31	00:19:19.415		0.84273			4
2024.07.31	00:19:20.478		0.84274			4
2024.07.31	00:19:20.997		0.84275			4
2024.07.31	00:19:27.284		0.84274			4
2024.07.31	00:19:43.391		0.84278			4
2024.07.31	00:19:43.705		0.84277			4
2024.07.31	00:19:45.222		0.84278			4
2024.07.31	00:19:55.689		0.84276			4
2024.07.31	00:19:57.431	0.84226				2
2024.07.31	00:20:02.166	0.84226				2
2024.07.31	00:20:06.922		0.84275			4
2024.07.31	00:20:17.718	0.84222	0.84274			6
2024.07.31	00:20:19.354		0.84273			4
2024.07.31	00:20:26.717	0.84219	0.84274			6
2024.07.31	00:20:40.866		0.84275			4
2024.07.31	00:20:42.193		0.84274			4
2024.07.31	00:20:46.238	0.84226	0.84276			6
2024.07.31	00:20:46.542	0.84219				2
2024.07.31	00:21:01.519	0.84219				2
2024.07.31	00:21:06.666	0.84217	0.84274			6
2024.07.31	00:21:07.133		0.84275			4
2024.07.31	00:21:11.765		0.84276			4
2024.07.31	00:21:17.990		0.84275			4
2024.07.31	00:21:22.873		0.84274			4
2024.07.31	00:21:24.349	0.84219	0.84276			6
2024.07.31	00:21:24.665		0.84277			4
2024.07.31	00:21:25.081		0.84276			4
2024.07.31	00:21:27.755	0.84214	0.84282			6
2024.07.31	00:21:31.022		0.84283			4
2024.07.31	00:21:34.387		0.84282			4
2024.07.31	00:21:35.739		0.84281			4
2024.07.31	00:21:37.027	0.84219				2
2024.07.31	00:21:41.595		0.84282			4
2024.07.31	00:21:45.127		0.84284			4
2024.07.31	00:21:48.665		0.84285			4
2024.07.31	00:22:00.596	0.84219	0.84283			6
2024.07.31	00:22:02.423		0.84284			4
2024.07.31	00:22:15.964		0.84283			4
2024.07.31	00:22:27.894		0.84282			4
2024.07.31	00:22:45.364		0.84283			4
2024.07.31	00:23:02.532	0.84219				2
2024.07.31	00:23:13.287		0.84284			4
2024.07.31	00:23:14.363	0.84226	0.84285			6
2024.07.31	00:23:19.991		0.84286			4
2024.07.31	00:23:23.218		0.84287			4
2024.07.31	00:23:27.123		0.84288			4
2024.07.31	00:23:46.781	0.84234	0.84290			6
2024.07.31	00:23:47.085		0.84291			4
2024.07.31	00:23:48.354		0.84292			4
2024.07.31	00:23:49.722		0.84293			4
2024.07.31	00:23:57.305		0.84295			4
2024.07.31	00:24:02.351	0.84241	0.84296			6
2024.07.31	00:24:02.939		0.84297			4
2024.07.31	00:24:08.333		0.84298			4
2024.07.31	00:24:12.950		0.84295			4
2024.07.31	00:24:16.493		0.84294			4
2024.07.31	00:24:35.613		0.84293			4
2024.07.31	00:24:47.764		0.84294			4
2024.07.31	00:25:00.323	0.84241				2
2024.07.31	00:25:05.159		0.84295			4
2024.07.31	00:25:09.222		0.84294			4
2024.07.31	00:25:20.504		0.84292			4
2024.07.31	00:25:24.066		0.84291			4
2024.07.31	00:25:30.964		0.84290			4
2024.07.31	00:25:34.784		0.84292			4
2024.07.31	00:25:49.382		0.84296			4
2024.07.31	00:25:59.335	0.84242	0.84299			6
2024.07.31	00:25:59.638		0.84298			4
2024.07.31	00:26:00.339	0.84242				2
2024.07.31	00:26:01.864		0.84297			4
2024.07.31	00:26:03.052	0.84243	0.84304			6
2024.07.31	00:26:11.496		0.84305			4
2024.07.31	00:26:12.024		0.84302			4
2024.07.31	00:26:15.264		0.84298			4
2024.07.31	00:26:15.996		0.84296			4
2024.07.31	00:26:18.018		0.84299			4
2024.07.31	00:26:19.965		0.84297			4
2024.07.31	00:26:20.875		0.84294			4
2024.07.31	00:26:25.959		0.84296			4
2024.07.31	00:26:30.334		0.84290			4
2024.07.31	00:26:30.827		0.84291			4
2024.07.31	00:26:33.799		0.84289			4
2024.07.31	00:26:36.456		0.84288			4
2024.07.31	00:26:40.881		0.84289			4
2024.07.31	00:26:42.003		0.84288			4
2024.07.31	00:26:45.261	0.84240				2
2024.07.31	00:26:55.282		0.84287			4
2024.07.31	00:26:57.718	0.84217	0.84285			6
2024.07.31	00:26:58.020	0.84219	0.84284			6
2024.07.31	00:26:59.369		0.84283			4
2024.07.31	00:27:00.161	0.84219	0.84278			6
2024.07.31	00:27:00.895		0.84281			4
2024.07.31	00:27:01.257		0.84280			4
2024.07.31	00:27:02.309		0.84277			4
2024.07.31	00:27:06.877		0.84280			4
2024.07.31	00:27:08.353		0.84279			4
2024.07.31	00:27:22.826	0.84222	0.84273			6
2024.07.31	00:27:24.932		0.84271			4
2024.07.31	00:27:38.873	0.84225	0.84275			6
2024.07.31	00:27:39.182		0.84277			4
2024.07.31	00:27:39.735		0.84280			4
2024.07.31	00:27:41.457		0.84272			4
2024.07.31	00:27:47.331		0.84274			4
2024.07.31	00:27:55.538	0.84230	0.84281			6
2024.07.31	00:27:55.844	0.84222	0.84275			6
2024.07.31	00:27:56.157	0.84208	0.84271			6
2024.07.31	00:28:00.363	0.84208				2
2024.07.31	00:28:02.456		0.84275			4
2024.07.31	00:28:06.417		0.84264			4
2024.07.31	00:28:06.933		0.84265			4
2024.07.31	00:28:08.493		0.84264			4
2024.07.31	00:28:11.204		0.84263			4
2024.07.31	00:28:12.091		0.84264			4
2024.07.31	00:28:12.827	0.84209	0.84263			6
2024.07.31	00:28:13.141	0.84212				2
2024.07.31	00:28:14.753		0.84264			4
2024.07.31	00:28:15.259		0.84265			4
2024.07.31	00:28:18.526	0.84215				2
2024.07.31	00:28:18.831	0.84214	0.84264			6
2024.07.31	00:28:24.970		0.84263			4
2024.07.31	00:28:37.359	0.84212	0.84262			6
2024.07.31	00:28:37.668	0.84211	0.84260			6
2024.07.31	00:28:42.311		0.84267			4
2024.07.31	00:28:45.071		0.84266			4
2024.07.31	00:28:46.039	0.84204	0.84271			6
2024.07.31	00:28:48.843		0.84270			4
2024.07.31	00:28:49.573	0.84209	0.84269			6
2024.07.31	00:28:50.009		0.84270			4
2024.07.31	00:28:53.528	0.84204	0.84269			6
2024.07.31	00:28:54.354	0.84209				2
2024.07.31	00:28:58.533	0.84204	0.84267			6
2024.07.31	00:28:59.567	0.84209	0.84268			6
2024.07.31	00:28:59.963		0.84269			4
2024.07.31	00:29:07.267	0.84209	0.84268			6
2024.07.31	00:29:10.177	0.84204				2
2024.07.31	00:29:11.214	0.84209	0.84267			6
2024.07.31	00:29:12.664		0.84268			4
2024.07.31	00:29:18.383		0.84263			4
2024.07.31	00:29:26.819	0.84214	0.84268			6
2024.07.31	00:29:28.149		0.84265			4
2024.07.31	00:29:29.287		0.84267			4
2024.07.31	00:29:30.432	0.84216	0.84268			6
2024.07.31	00:29:37.426		0.84269			4
2024.07.31	00:30:00.303	0.84216	0.84270			6
2024.07.31	00:30:01.421		0.84271			4
2024.07.31	00:30:05.445		0.84270			4
2024.07.31	00:30:06.335		0.84269			4
2024.07.31	00:30:21.656		0.84270			4
2024.07.31	00:30:26.848		0.84271			4
2024.07.31	00:30:29.551		0.84272			4
2024.07.31	00:30:30.638		0.84271			4
2024.07.31	00:30:32.311		0.84270			4
2024.07.31	00:30:35.565		0.84271			4
2024.07.31	00:30:56.674		0.84270			4
2024.07.31	00:31:00.793	0.84216				2
2024.07.31	00:31:11.866		0.84269			4
2024.07.31	00:31:25.599		0.84268			4
2024.07.31	00:31:30.799		0.84269			4
2024.07.31	00:31:31.231		0.84270			4
2024.07.31	00:31:35.795		0.84269			4
2024.07.31	00:31:55.641		0.84270			4
2024.07.31	00:31:56.749	0.84219				2
2024.07.31	00:32:06.191	0.84219				2
2024.07.31	00:32:22.174		0.84271			4
2024.07.31	00:33:11.852	0.84219				2
2024.07.31	00:33:22.938		0.84271			4
2024.07.31	00:33:24.689		0.84270			4
2024.07.31	00:33:28.233		0.84273			4
2024.07.31	00:33:29.682		0.84274			4
2024.07.31	00:33:35.385	0.84210	0.84273			6
2024.07.31	00:33:36.983	0.84213	0.84270			6
2024.07.31	00:33:40.083	0.84217	0.84274			6
2024.07.31	00:33:40.619		0.84273			4
2024.07.31	00:33:41.589		0.84274			4
2024.07.31	00:34:00.409	0.84217	0.84273			6
2024.07.31	00:34:02.670		0.84269			4
2024.07.31	00:34:03.829		0.84268			4
2024.07.31	00:34:08.699		0.84276			4
2024.07.31	00:34:10.356		0.84275			4
2024.07.31	00:34:10.675		0.84274			4
2024.07.31	00:34:29.163		0.84273			4
2024.07.31	00:34:29.728		0.84270			4
2024.07.31	00:34:42.727		0.84274			4
2024.07.31	00:34:52.734		0.84269			4
2024.07.31	00:34:56.011		0.84274			4
2024.07.31	00:34:58.159		0.84271			4
2024.07.31	00:34:58.472		0.84276			4
2024.07.31	00:34:59.407		0.84275			4
2024.07.31	00:34:59.752	0.84219	0.84278			6
2024.07.31	00:35:00.370	0.84219				2
2024.07.31	00:35:01.873	0.84217				2
2024.07.31	00:35:06.367		0.84277			4
2024.07.31	00:35:06.694		0.84276			4
2024.07.31	00:35:07.125		0.84273			4
2024.07.31	00:35:23.177		0.84274			4
2024.07.31	00:35:28.605	0.84221	0.84275			6
2024.07.31	00:35:29.044	0.84217	0.84272			6
2024.07.31	00:35:29.371		0.84270			4
2024.07.31	00:35:30.304		0.84269			4
2024.07.31	00:35:31.515		0.84274			4
2024.07.31	00:35:31.870		0.84275			4
2024.07.31	00:35:36.446	0.84223				2
2024.07.31	00:35:36.968	0.84220	0.84273			6
2024.07.31	00:35:37.283	0.84221	0.84272			6
2024.07.31	00:35:37.662	0.84220				2
2024.07.31	00:35:40.384	0.84221				2
2024.07.31	00:35:42.350	0.84219				2
2024.07.31	00:35:47.468		0.84273			4
2024.07.31	00:35:47.819	0.84217	0.84272			6
2024.07.31	00:35:52.593	0.84218	0.84271			6
2024.07.31	00:35:53.914		0.84272			4
2024.07.31	00:35:58.295	0.84221	0.84273			6
2024.07.31	00:35:58.620		0.84272			4
2024.07.31	00:35:58.924	0.84219				2
2024.07.31	00:35:59.309	0.84217	0.84273			6
2024.07.31	00:35:59.625	0.84219	0.84271			6
2024.07.31	00:35:59.961	0.84220	0.84272			6
2024.07.31	00:36:00.308	0.84220				2
2024.07.31	00:36:02.604	0.84218				2
2024.07.31	00:36:02.977		0.84271			4
2024.07.31	00:36:03.930	0.84217	0.84272			6
2024.07.31	00:36:04.264	0.84220	0.84274			6
2024.07.31	00:36:04.589	0.84219				2
2024.07.31	00:36:04.904	0.84223				2
2024.07.31	00:36:05.975	0.84222	0.84275			6
2024.07.31	00:36:06.285	0.84219	0.84274			6
2024.07.31	00:36:06.591	0.84222	0.84273			6
2024.07.31	00:36:09.345	0.84219				2
2024.07.31	00:36:13.620	0.84220				2
2024.07.31	00:36:13.924	0.84217	0.84272			6
2024.07.31	00:36:14.241		0.84273			4
2024.07.31	00:36:14.674	0.84223				2
2024.07.31	00:36:15.170		0.84274			4
2024.07.31	00:36:16.611		0.84275			4
2024.07.31	00:36:16.936	0.84217	0.84274			6
2024.07.31	00:36:18.878	0.84220	0.84273			6
2024.07.31	00:36:29.871		0.84274			4
2024.07.31	00:36:30.268	0.84217				2
2024.07.31	00:36:30.664	0.84222				2
2024.07.31	00:36:34.182	0.84224	0.84278			6
2024.07.31	00:36:35.826	0.84217				2
2024.07.31	00:36:39.079		0.84277			4
2024.07.31	00:36:49.551		0.84278			4
2024.07.31	00:36:49.868	0.84223				2
2024.07.31	00:36:50.668		0.84275			4
2024.07.31	00:36:50.988	0.84217				2
2024.07.31	00:36:53.787		0.84271			4
2024.07.31	00:36:54.223		0.84273			4
2024.07.31	00:37:00.065	0.84217				2
2024.07.31	00:37:03.154		0.84272			4
2024.07.31	00:37:03.467		0.84271			4
2024.07.31	00:37:04.346	0.84219				2
2024.07.31	00:37:05.014	0.84217				2
2024.07.31	00:37:05.379		0.84273			4
2024.07.31	00:37:17.303		0.84272			4
2024.07.31	00:37:17.636		0.84273			4
2024.07.31	00:37:17.941		0.84272			4
2024.07.31	00:37:18.466		0.84273			4
2024.07.31	00:37:19.090	0.84221				2
2024.07.31	00:37:20.890		0.84274			4
2024.07.31	00:37:24.086	0.84217				2
2024.07.31	00:37:32.114	0.84220	0.84271			6
2024.07.31	00:37:32.578	0.84217				2
2024.07.31	00:37:32.910	0.84223	0.84272			6
2024.07.31	00:37:33.223	0.84217				2
2024.07.31	00:37:34.297	0.84222				2
2024.07.31	00:37:39.327	0.84217	0.84271			6
2024.07.31	00:37:39.715	0.84222				2
2024.07.31	00:37:40.360	0.84221				2
2024.07.31	00:37:42.723	0.84223	0.84272			6
2024.07.31	00:37:44.510	0.84219				2
2024.07.31	00:37:47.448	0.84217	0.84271			6
2024.07.31	00:37:53.079	0.84218				2
2024.07.31	00:37:54.268	0.84217				2
2024.07.31	00:37:54.677		0.84270			4
2024.07.31	00:37:55.000		0.84271			4
2024.07.31	00:37:59.709		0.84272			4
2024.07.31	00:38:00.425	0.84217				2
2024.07.31	00:38:02.817	0.84220				2
2024.07.31	00:38:03.602	0.84217				2
2024.07.31	00:38:04.129	0.84218	0.84271			6
2024.07.31	00:38:08.610		0.84272			4
2024.07.31	00:38:09.712	0.84217	0.84271			6
2024.07.31	00:38:10.669		0.84270			4
2024.07.31	00:38:11.080	0.84222	0.84271			6
2024.07.31	00:38:11.396	0.84221	0.84270			6
2024.07.31	00:38:11.705	0.84217	0.84271			6
2024.07.31	00:38:12.323		0.84270			4
2024.07.31	00:38:17.638		0.84271			4
2024.07.31	00:38:19.375		0.84268			4
2024.07.31	00:38:19.690		0.84269			4
2024.07.31	00:38:20.126	0.84238	0.84271			6
2024.07.31	00:38:20.670	0.84223				2
2024.07.31	00:38:21.226	0.84221	0.84272			6
2024.07.31	00:38:21.568	0.84234				2
2024.07.31	00:38:22.558	0.84232				2
2024.07.31	00:38:25.020		0.84274			4
2024.07.31	00:38:28.260		0.84273			4
2024.07.31	00:38:45.160		0.84274			4
2024.07.31	00:38:48.090		0.84272			4
2024.07.31	00:38:48.391		0.84271			4
2024.07.31	00:38:48.700		0.84272			4
2024.07.31	00:38:50.180		0.84274			4
2024.07.31	00:38:50.480		0.84271			4
2024.07.31	00:38:50.781		0.84272			4
2024.07.31	00:38:51.099		0.84273			4
2024.07.31	00:38:57.958		0.84274			4
2024.07.31	00:39:00.074	0.84232				2
2024.07.31	00:39:00.515		0.84273			4
2024.07.31	00:39:02.526		0.84274			4
2024.07.31	00:39:03.182		0.84273			4
2024.07.31	00:39:04.471		0.84274			4
2024.07.31	00:39:05.423		0.84273			4
2024.07.31	00:39:05.767		0.84272			4
2024.07.31	00:39:06.081		0.84271			4
2024.07.31	00:39:06.382		0.84273			4
2024.07.31	00:39:06.686		0.84272			4
2024.07.31	00:39:07.620		0.84271			4
2024.07.31	00:39:07.923		0.84272			4
2024.07.31	00:39:08.241		0.84271			4
2024.07.31	00:39:08.845		0.84273			4
2024.07.31	00:39:09.146		0.84272			4
2024.07.31	00:39:18.497		0.84273			4
2024.07.31	00:39:20.144		0.84272			4
2024.07.31	00:39:20.461		0.84274			4
2024.07.31	00:39:20.781		0.84272			4
2024.07.31	00:39:21.090		0.84271			4
2024.07.31	00:39:21.402		0.84273			4
2024.07.31	00:39:21.715		0.84272			4
2024.07.31	00:39:30.407		0.84273			4
2024.07.31	00:39:30.796		0.84272			4
2024.07.31	00:39:33.901		0.84273			4
2024.07.31	00:39:53.462		0.84274			4
2024.07.31	00:39:57.756		0.84273			4
2024.07.31	00:40:00.095	0.84232	0.84274			6
2024.07.31	00:40:00.414		0.84273			4
2024.07.31	00:40:00.722		0.84274			4
2024.07.31	00:40:01.033		0.84276			4
2024.07.31	00:40:01.346		0.84275			4
2024.07.31	00:40:01.884		0.84273			4
2024.07.31	00:40:02.196		0.84275			4
2024.07.31	00:40:09.188		0.84276			4
2024.07.31	00:40:13.253		0.84277			4
2024.07.31	00:40:18.273		0.84276			4
2024.07.31	00:40:21.449		0.84274			4
2024.07.31	00:40:21.801		0.84275			4
2024.07.31	00:40:24.859		0.84274			4
2024.07.31	00:40:25.297		0.84275			4
2024.07.31	00:40:30.890		0.84276			4
2024.07.31	00:40:37.570		0.84275			4
2024.07.31	00:40:37.925		0.84274			4
2024.07.31	00:40:40.873		0.84273			4
2024.07.31	00:40:41.182		0.84274			4
2024.07.31	00:40:41.484		0.84275			4
2024.07.31	00:40:49.190	0.84233	0.84273			6
2024.07.31	00:40:49.509		0.84275			4
2024.07.31	00:40:54.416		0.84277			4
2024.07.31	00:40:59.020		0.84276			4
2024.07.31	00:41:00.900	0.84233				2
2024.07.31	00:41:07.249		0.84274			4
2024.07.31	00:41:07.595		0.84275			4
2024.07.31	00:41:10.381		0.84274			4
2024.07.31	00:41:11.021		0.84275			4
2024.07.31	00:41:16.286		0.84274			4
2024.07.31	00:41:21.967		0.84275			4
2024.07.31	00:41:26.474	0.84232	0.84272			6
2024.07.31	00:41:29.462		0.84271			4
2024.07.31	00:41:29.799		0.84272			4
2024.07.31	00:41:30.158	0.84217	0.84271			6
2024.07.31	00:41:31.206	0.84215	0.84270			6
2024.07.31	00:41:32.010	0.84211	0.84269			6
2024.07.31	00:41:32.356	0.84209				2
2024.07.31	00:41:33.759		0.84268			4
2024.07.31	00:41:36.150		0.84263			4
2024.07.31	00:41:36.457		0.84261			4
2024.07.31	00:41:40.055		0.84262			4
2024.07.31	00:41:50.233		0.84263			4
2024.07.31	00:41:50.600		0.84262			4
2024.07.31	00:41:54.139		0.84263			4
2024.07.31	00:41:54.781		0.84261			4
2024.07.31	00:41:57.569		0.84267			4
2024.07.31	00:41:57.896	0.84211	0.84270			6
2024.07.31	00:41:59.051	0.84215	0.84271			6
2024.07.31	00:42:00.263	0.84209	0.84272			6
2024.07.31	00:42:05.054	0.84212	0.84271			6
2024.07.31	00:42:06.190		0.84270			4
2024.07.31	00:42:06.668		0.84271			4
2024.07.31	00:42:07.438	0.84213				2
2024.07.31	00:42:07.810	0.84210	0.84269			6
2024.07.31	00:42:08.351	0.84213				2
2024.07.31	00:42:14.186	0.84216	0.84272			6
2024.07.31	00:42:14.719	0.84220	0.84273			6
2024.07.31	00:42:16.257	0.84210				2
2024.07.31	00:42:16.579	0.84215				2
2024.07.31	00:42:17.089	0.84216				2
2024.07.31	00:42:18.219	0.84214	0.84272			6
2024.07.31	00:42:19.258		0.84270			4
2024.07.31	00:42:25.245	0.84212				2
2024.07.31	00:42:25.564	0.84209	0.84269			6
2024.07.31	00:42:28.941	0.84212	0.84270			6
2024.07.31	00:42:33.306		0.84269			4
2024.07.31	00:42:40.258	0.84210				2
2024.07.31	00:42:44.531		0.84268			4
2024.07.31	00:42:47.143	0.84211	0.84271			6
2024.07.31	00:42:47.473	0.84210	0.84290			6
2024.07.31	00:42:48.067		0.84286			4
2024.07.31	00:42:51.070		0.84285			4
2024.07.31	00:42:51.451		0.84283			4
2024.07.31	00:42:52.267		0.84282			4
2024.07.31	00:42:52.860	0.84211	0.84281			6
2024.07.31	00:42:53.638	0.84212	0.84278			6
2024.07.31	00:42:53.941		0.84272			4
2024.07.31	00:42:59.028	0.84210	0.84263			6
2024.07.31	00:42:59.342		0.84270			4
2024.07.31	00:42:59.967		0.84274			4
2024.07.31	00:43:00.310	0.84210				2
2024.07.31	00:43:09.998		0.84273			4
2024.07.31	00:43:10.364	0.84214				2
2024.07.31	00:43:14.753	0.84217	0.84274			6
2024.07.31	00:43:16.539	0.84213	0.84273			6
2024.07.31	00:43:18.454		0.84274			4
2024.07.31	00:43:22.054		0.84272			4
2024.07.31	00:43:29.944		0.84273			4
2024.07.31	00:43:37.381	0.84210	0.84267			6
2024.07.31	00:43:37.686		0.84266			4
2024.07.31	00:43:40.231		0.84267			4
2024.07.31	00:43:40.596		0.84269			4
2024.07.31	00:43:43.768		0.84267			4
2024.07.31	00:43:45.412		0.84269			4
2024.07.31	00:43:45.719		0.84267			4
2024.07.31	00:43:53.825		0.84268			4
2024.07.31	00:43:59.658		0.84270			4
2024.07.31	00:43:59.964		0.84267			4
2024.07.31	00:44:00.401	0.84216	0.84272			6
2024.07.31	00:44:00.705	0.84211	0.84269			6
2024.07.31	00:44:01.030	0.84210				2
2024.07.31	00:44:01.344		0.84267			4
2024.07.31	00:44:02.040		0.84266			4
2024.07.31	00:44:10.754		0.84268			4
2024.07.31	00:44:13.481	0.84214	0.84270			6
2024.07.31	00:44:17.054		0.84272			4
2024.07.31	00:44:17.395	0.84215				2
2024.07.31	00:44:20.444	0.84213				2
2024.07.31	00:44:20.764	0.84210				2
2024.07.31	00:44:22.415	0.84219	0.84271			6
2024.07.31	00:44:22.724	0.84210	0.84269			6
2024.07.31	00:44:26.504	0.84212	0.84270			6
2024.07.31	00:44:29.372	0.84210	0.84268			6
2024.07.31	00:44:30.542	0.84211				2
2024.07.31	00:44:32.514	0.84218	0.84273			6
2024.07.31	00:44:33.149	0.84210	0.84263			6
2024.07.31	00:44:33.462		0.84265			4
2024.07.31	00:44:34.109	0.84218	0.84264			6
2024.07.31	00:44:34.832		0.84265			4
2024.07.31	00:44:36.132		0.84266			4
2024.07.31	00:44:44.411		0.84265			4
2024.07.31	00:44:48.113		0.84266			4
2024.07.31	00:44:50.251		0.84267			4
2024.07.31	00:44:52.013		0.84268			4
2024.07.31	00:44:53.944		0.84267			4
2024.07.31	00:44:56.940		0.84264			4
2024.07.31	00:44:57.543	0.84198	0.84246			6
2024.07.31	00:44:57.864	0.84196	0.84247			6
2024.07.31	00:44:58.190	0.84201				2
2024.07.31	00:44:58.493		0.84246			4
2024.07.31	00:44:58.802		0.84247			4
2024.07.31	00:44:59.109		0.84248			4
2024.07.31	00:44:59.423		0.84255			4
2024.07.31	00:44:59.761		0.84258			4
2024.07.31	00:45:00.061	0.84201				2
2024.07.31	00:45:00.833	0.84209	0.84266			6
2024.07.31	00:45:01.472	0.84215	0.84253			6
2024.07.31	00:45:01.781	0.84216	0.84254			6
2024.07.31	00:45:02.457	0.84201	0.84266			6
2024.07.31	00:45:03.083		0.84265			4
2024.07.31	00:45:06.471	0.84213	0.84253			6
2024.07.31	00:45:06.775		0.84251			4
2024.07.31	00:45:07.193		0.84252			4
2024.07.31	00:45:08.597		0.84251			4
2024.07.31	00:45:08.903		0.84252			4
2024.07.31	00:45:10.460		0.84251			4
2024.07.31	00:45:10.779		0.84252			4
2024.07.31	00:45:13.604		0.84254			4
2024.07.31	00:45:13.910	0.84220	0.84253			6
2024.07.31	00:45:14.223	0.84213	0.84254			6
2024.07.31	00:45:14.546		0.84253			4
2024.07.31	00:45:15.389	0.84220	0.84252			6
2024.07.31	00:45:15.703	0.84222	0.84255			6
2024.07.31	00:45:16.020	0.84218	0.84253			6
2024.07.31	00:45:16.322	0.84220				2
2024.07.31	00:45:16.660	0.84217	0.84252			6
2024.07.31	00:45:16.975	0.84213	0.84249			6
2024.07.31	00:45:17.657	0.84220	0.84250			6
2024.07.31	00:45:18.081	0.84219	0.84252			6
2024.07.31	00:45:18.384	0.84220				2
2024.07.31	00:45:19.117	0.84221	0.84253			6
2024.07.31	00:45:19.424		0.84254			4
2024.07.31	00:45:19.742	0.84220				2
2024.07.31	00:45:20.054	0.84223	0.84253			6
2024.07.31	00:45:20.671	0.84224	0.84254			6
2024.07.31	00:45:21.155	0.84220				2
2024.07.31	00:45:21.465	0.84213	0.84253			6
2024.07.31	00:45:21.784	0.84220	0.84252			6
2024.07.31	00:45:22.765	0.84223	0.84249			6
2024.07.31	00:45:23.072	0.84221				2
2024.07.31	00:45:23.381		0.84255			4
2024.07.31	00:45:23.684	0.84213	0.84252			6
2024.07.31	00:45:23.998		0.84253			4
2024.07.31	00:45:24.301		0.84252			4
2024.07.31	00:45:24.775	0.84223	0.84253			6
2024.07.31	00:45:25.082	0.84220	0.84254			6
2024.07.31	00:45:25.395		0.84252			4
2024.07.31	00:45:26.162	0.84221				2
2024.07.31	00:45:26.469	0.84220				2
2024.07.31	00:45:27.981		0.84254			4
2024.07.31	00:45:28.288	0.84221				2
2024.07.31	00:45:28.601	0.84219				2
2024.07.31	00:45:28.902	0.84213	0.84253			6
2024.07.31	00:45:29.222		0.84248			4
2024.07.31	00:45:29.523	0.84214				2
2024.07.31	00:45:29.843	0.84220	0.84242			6
2024.07.31	00:45:30.793	0.84219	0.84244			6
2024.07.31	00:45:31.845		0.84248			4
2024.07.31	00:45:33.093		0.84244			4
2024.07.31	00:45:34.555		0.84245			4
2024.07.31	00:45:37.533		0.84248			4
2024.07.31	00:45:37.839		0.84249			4
2024.07.31	00:45:39.351		0.84245			4
2024.07.31	00:45:41.056		0.84249			4
2024.07.31	00:45:49.280		0.84247			4
2024.07.31	00:45:50.464		0.84249			4
2024.07.31	00:45:53.244		0.84247			4
2024.07.31	00:46:00.669	0.84219				2
2024.07.31	00:46:20.500		0.84246			4
2024.07.31	00:46:26.398	0.84212	0.84265			6
2024.07.31	00:46:26.702		0.84266			4
2024.07.31	00:46:27.021	0.84213	0.84264			6
2024.07.31	00:46:27.322	0.84219	0.84265			6
2024.07.31	00:46:27.662		0.84264			4
2024.07.31	00:46:28.223	0.84224	0.84262			6
2024.07.31	00:46:28.913	0.84219				2
2024.07.31	00:46:29.651	0.84218				2
2024.07.31	00:46:30.363	0.84224	0.84264			6
2024.07.31	00:46:31.304	0.84225				2
2024.07.31	00:46:31.628	0.84223	0.84262			6
2024.07.31	00:46:31.945	0.84224				2
2024.07.31	00:46:32.260	0.84216	0.84255			6
2024.07.31	00:46:32.562		0.84253			4
2024.07.31	00:46:33.280	0.84217	0.84254			6
2024.07.31	00:46:34.315	0.84223	0.84253			6
2024.07.31	00:46:35.416	0.84217	0.84254			6
2024.07.31	00:46:35.794		0.84251			4
2024.07.31	00:46:36.350	0.84223	0.84253			6
2024.07.31	00:46:36.664	0.84226				2
2024.07.31	00:46:37.110	0.84223	0.84251			6
2024.07.31	00:46:37.847	0.84217	0.84253			6
2024.07.31	00:46:38.768	0.84223	0.84252			6
2024.07.31	00:46:43.041	0.84221	0.84251			6
2024.07.31	00:46:43.366	0.84218				2
2024.07.31	00:46:44.135	0.84223	0.84252			6
2024.07.31	00:46:46.556	0.84217	0.84251			6
2024.07.31	00:46:47.477	0.84223				2
2024.07.31	00:46:50.922	0.84220				2
2024.07.31	00:46:52.128	0.84223	0.84252			6
2024.07.31	00:46:53.203	0.84220	0.84251			6
2024.07.31	00:46:54.278	0.84223				2
2024.07.31	00:46:54.586		0.84252			4
2024.07.31	00:46:54.904		0.84251			4
2024.07.31	00:46:55.241	0.84220	0.84252			6
2024.07.31	00:46:55.542		0.84251			4
2024.07.31	00:46:55.895		0.84250			4
2024.07.31	00:46:56.354	0.84222				2
2024.07.31	00:46:56.681	0.84218				2
2024.07.31	00:46:57.341	0.84222	0.84252			6
2024.07.31	00:47:00.201	0.84222				2
2024.07.31	00:47:01.495	0.84230	0.84247			6
2024.07.31	00:47:01.889		0.84249			4
2024.07.31	00:47:02.191	0.84239	0.84265			6
2024.07.31	00:47:02.546	0.84224	0.84261			6
2024.07.31	00:47:02.866	0.84229	0.84262			6
2024.07.31	00:47:03.186	0.84230	0.84263			6
2024.07.31	00:47:03.499		0.84262			4
2024.07.31	00:47:04.064	0.84227	0.84263			6
2024.07.31	00:47:04.410	0.84230	0.84262			6
2024.07.31	00:47:05.221		0.84263			4
2024.07.31	00:47:05.648	0.84222				2
2024.07.31	00:47:06.172	0.84231	0.84262			6
2024.07.31	00:47:06.821	0.84233	0.84263			6
2024.07.31	00:47:07.127	0.84232	0.84262			6
2024.07.31	00:47:07.442	0.84233				2
2024.07.31	00:47:08.182	0.84232				2
2024.07.31	00:47:09.180	0.84227	0.84263			6
2024.07.31	00:47:09.481	0.84228	0.84262			6
2024.07.31	00:47:10.779	0.84231				2
2024.07.31	00:47:11.842	0.84230				2
2024.07.31	00:47:12.143	0.84227	0.84261			6
2024.07.31	00:47:12.603	0.84229				2
2024.07.31	00:47:12.927	0.84228				2
2024.07.31	00:47:13.246	0.84232	0.84263			6
2024.07.31	00:47:13.549	0.84233	0.84255			6
2024.07.31	00:47:13.852	0.84226	0.84273			6
2024.07.31	00:47:14.162	0.84222				2
2024.07.31	00:47:14.558		0.84272			4
2024.07.31	00:47:14.985	0.84212	0.84267			6
2024.07.31	00:47:15.286	0.84223	0.84259			6
2024.07.31	00:47:15.634	0.84225				2
2024.07.31	00:47:15.941	0.84223	0.84260			6
2024.07.31	00:47:16.243	0.84221	0.84259			6
2024.07.31	00:47:16.547	0.84225	0.84260			6
2024.07.31	00:47:16.903		0.84259			4
2024.07.31	00:47:19.602		0.84260			4
2024.07.31	00:47:20.083		0.84259			4
2024.07.31	00:47:27.191	0.84228	0.84260			6
2024.07.31	00:47:27.505	0.84226				2
2024.07.31	00:47:27.963	0.84215	0.84253			6
2024.07.31	00:47:28.676	0.84221				2
2024.07.31	00:47:28.988	0.84223				2
2024.07.31	00:47:29.293	0.84222				2
2024.07.31	00:47:29.611	0.84215				2
2024.07.31	00:47:30.540	0.84220				2
2024.07.31	00:47:31.469	0.84226	0.84254			6
2024.07.31	00:47:32.262	0.84221				2
2024.07.31	00:47:34.288	0.84222				2
2024.07.31	00:47:34.726	0.84224	0.84260			6
2024.07.31	00:47:35.700	0.84228	0.84259			6
2024.07.31	00:47:36.092	0.84223				2
2024.07.31	00:47:36.642	0.84229				2
2024.07.31	00:47:36.986	0.84230	0.84260			6
2024.07.31	00:47:37.286	0.84220				2
2024.07.31	00:47:37.606	0.84226				2
2024.07.31	00:47:38.056	0.84225				2
2024.07.31	00:47:38.364	0.84222	0.84258			6
2024.07.31	00:47:40.203		0.84259			4
2024.07.31	00:47:40.539	0.84221				2
2024.07.31	00:47:42.118	0.84220	0.84260			6
2024.07.31	00:47:43.832	0.84221	0.84259			6
2024.07.31	00:47:44.209		0.84258			4
2024.07.31	00:47:44.697		0.84259			4
2024.07.31	00:47:46.664	0.84222	0.84258			6
2024.07.31	00:47:47.346	0.84223	0.84259			6
2024.07.31	00:47:47.662	0.84222	0.84258			6
2024.07.31	00:47:48.501	0.84224				2
2024.07.31	00:47:48.831	0.84227				2
2024.07.31	00:47:51.242	0.84222				2
2024.07.31	00:47:51.842	0.84221				2
2024.07.31	00:47:52.829	0.84226				2
2024.07.31	00:47:55.531	0.84222	0.84259			6
2024.07.31	00:47:56.738	0.84220				2
2024.07.31	00:48:00.924	0.84220				2
2024.07.31	00:48:01.407	0.84221				2
2024.07.31	00:48:01.942	0.84225				2
2024.07.31	00:48:02.252	0.84228				2
2024.07.31	00:48:04.368	0.84221				2
2024.07.31	00:48:08.081	0.84225				2
2024.07.31	00:48:10.252	0.84229	0.84260			6
2024.07.31	00:48:11.442	0.84219				2
2024.07.31	00:48:12.272	0.84230				2
2024.07.31	00:48:13.982	0.84224				2
2024.07.31	00:48:14.297	0.84230				2
2024.07.31	00:48:14.772	0.84225				2
2024.07.31	00:48:16.445	0.84220				2
2024.07.31	00:48:17.609	0.84226				2
2024.07.31	00:48:19.455	0.84227				2
2024.07.31	00:48:19.978	0.84232				2
2024.07.31	00:48:21.463	0.84220				2
2024.07.31	00:48:22.230	0.84231				2
2024.07.31	00:48:22.536	0.84232				2
2024.07.31	00:48:23.465	0.84220				2
2024.07.31	00:48:25.641	0.84240				2
2024.07.31	00:48:26.619	0.84242	0.84262			6
2024.07.31	00:48:35.816	0.84240	0.84263			6
2024.07.31	00:48:37.235	0.84239	0.84264			6
2024.07.31	00:48:38.580	0.84238	0.84266			6
2024.07.31	00:48:39.691	0.84239	0.84265			6
2024.07.31	00:48:40.001	0.84238	0.84266			6
2024.07.31	00:48:49.021	0.84229	0.84262			6
2024.07.31	00:48:49.369	0.84226				2
2024.07.31	00:48:50.288	0.84227	0.84261			6
2024.07.31	00:48:51.026	0.84226				2
2024.07.31	00:48:53.836	0.84220				2
2024.07.31	00:48:55.201	0.84237	0.84262			6
2024.07.31	00:48:55.581	0.84241				2
2024.07.31	00:48:57.856	0.84217	0.84260			6
2024.07.31	00:48:58.233	0.84220				2
2024.07.31	00:48:59.949	0.84214				2
2024.07.31	00:49:00.916	0.84219				2
2024.07.31	00:49:02.650	0.84214				2
2024.07.31	00:49:04.066	0.84217	0.84259			6
2024.07.31	00:49:09.161	0.84227	0.84260			6
2024.07.31	00:49:11.305		0.84261			4
2024.07.31	00:49:12.193	0.84235				2
2024.07.31	00:49:12.550	0.84240				2
2024.07.31	00:49:13.190	0.84239				2
2024.07.31	00:49:22.366		0.84262			4
2024.07.31	00:49:46.915	0.84240	0.84263			6
2024.07.31	00:50:00.734	0.84239	0.84265			6
2024.07.31	00:50:05.578	0.84248	0.84268			6
2024.07.31	00:50:07.229		0.84269			4
2024.07.31	00:50:07.566	0.84240	0.84266			6
2024.07.31	00:50:12.425	0.84239	0.84267			6
2024.07.31	00:50:13.908	0.84240				2
2024.07.31	00:50:16.866	0.84248	0.84269			6
2024.07.31	00:50:20.757	0.84251	0.84271			6
2024.07.31	00:50:33.441		0.84274			4
2024.07.31	00:50:56.201		0.84275			4
2024.07.31	00:51:00.376	0.84251				2
2024.07.31	00:51:21.065	0.84250				2
2024.07.31	00:51:37.747	0.84252	0.84278			6
2024.07.31	00:51:38.857		0.84277			4
2024.07.31	00:51:41.389		0.84275			4
2024.07.31	00:51:43.751	0.84251	0.84272			6
2024.07.31	00:51:47.967	0.84240	0.84264			6
2024.07.31	00:51:48.284		0.84263			4
2024.07.31	00:51:50.960	0.84219				2
2024.07.31	00:51:51.268	0.84229				2
2024.07.31	00:51:51.575	0.84215	0.84262			6
2024.07.31	00:52:00.869	0.84215				2
2024.07.31	00:52:02.629	0.84216				2
2024.07.31	00:52:07.852	0.84218	0.84259			6
2024.07.31	00:52:10.060	0.84226				2
2024.07.31	00:52:10.785	0.84229				2
2024.07.31	00:52:15.143	0.84227	0.84261			6
2024.07.31	00:52:15.580	0.84229				2
2024.07.31	00:52:17.961	0.84221				2
2024.07.31	00:52:20.447	0.84227	0.84260			6
2024.07.31	00:52:20.802	0.84228				2
2024.07.31	00:52:21.257	0.84227				2
2024.07.31	00:52:22.453	0.84217				2
2024.07.31	00:52:23.856	0.84225	0.84259			6
2024.07.31	00:52:24.163	0.84224	0.84260			6
2024.07.31	00:52:25.228	0.84223				2
2024.07.31	00:52:25.666	0.84222				2
2024.07.31	00:52:31.249	0.84220				2
2024.07.31	00:52:39.988	0.84224				2
2024.07.31	00:52:49.837	0.84217				2
2024.07.31	00:52:59.068	0.84224				2
2024.07.31	00:53:00.068	0.84224				2
2024.07.31	00:53:02.136	0.84220				2
2024.07.31	00:53:04.237	0.84224				2
2024.07.31	00:53:09.937	0.84222				2
2024.07.31	00:53:16.449	0.84220				2
2024.07.31	00:53:20.180	0.84217				2
2024.07.31	00:53:21.494	0.84218				2
2024.07.31	00:53:25.593		0.84260			4
2024.07.31	00:53:30.114	0.84217				2
2024.07.31	00:53:31.250	0.84218	0.84261			6
2024.07.31	00:53:35.435	0.84217				2
2024.07.31	00:53:41.678	0.84216				2
2024.07.31	00:53:42.066	0.84217	0.84260			6
2024.07.31	00:53:42.467	0.84216	0.84261			6
2024.07.31	00:53:42.795	0.84217	0.84260			6
2024.07.31	00:53:52.607	0.84216	0.84261			6
2024.07.31	00:54:00.132	0.84216				2
2024.07.31	00:54:21.312	0.84219				2
2024.07.31	00:54:21.623	0.84218	0.84262			6
2024.07.31	00:54:24.751	0.84216	0.84261			6
2024.07.31	00:54:31.351	0.84215	0.84262			6
2024.07.31	00:54:32.037	0.84220	0.84265			6
2024.07.31	00:54:32.356	0.84222	0.84262			6
2024.07.31	00:54:37.434	0.84226				2
2024.07.31	00:54:37.743	0.84232	0.84261			6
2024.07.31	00:55:00.272	0.84232				2
2024.07.31	00:55:00.989	0.84214	0.84263			6
2024.07.31	00:55:01.379	0.84215	0.84262			6
2024.07.31	00:55:05.451	0.84214	0.84263			6
2024.07.31	00:55:12.157	0.84216				2
2024.07.31	00:55:13.934	0.84250	0.84280			6
2024.07.31	00:55:14.876	0.84249	0.84281			6
2024.07.31	00:55:15.876	0.84248	0.84282			6
2024.07.31	00:55:16.428	0.84250	0.84280			6
2024.07.31	00:55:17.558	0.84248	0.84282			6
2024.07.31	00:55:19.522	0.84247	0.84280			6
2024.07.31	00:55:20.640		0.84283			4
2024.07.31	00:55:20.979		0.84284			4
2024.07.31	00:55:24.042		0.84283			4
2024.07.31	00:55:26.296	0.84254	0.84280			6
2024.07.31	00:55:29.976		0.84279			4
2024.07.31	00:55:31.010		0.84278			4
2024.07.31	00:55:32.167		0.84280			4
2024.07.31	00:55:32.642		0.84278			4
2024.07.31	00:55:33.646		0.84280			4
2024.07.31	00:55:38.012		0.84279			4
2024.07.31	00:55:38.685		0.84277			4
2024.07.31	00:55:40.481		0.84281			4
2024.07.31	00:55:41.641		0.84279			4
2024.07.31	00:55:44.646		0.84280			4
2024.07.31	00:55:45.275		0.84279			4
2024.07.31	00:55:45.641		0.84278			4
2024.07.31	00:55:47.151		0.84279			4
2024.07.31	00:55:50.440		0.84278			4
2024.07.31	00:55:51.648		0.84280			4
2024.07.31	00:55:54.654		0.84278			4
2024.07.31	00:55:55.651		0.84280			4
2024.07.31	00:55:56.642		0.84278			4
2024.07.31	00:56:00.675	0.84254	0.84279			6
2024.07.31	00:56:01.085		0.84277			4
2024.07.31	00:56:02.085		0.84279			4
2024.07.31	00:56:04.334		0.84277			4
2024.07.31	00:56:10.594		0.84281			4
2024.07.31	00:56:11.830		0.84279			4
2024.07.31	00:56:12.880		0.84278			4
2024.07.31	00:56:13.645		0.84281			4
2024.07.31	00:56:14.426		0.84280			4
2024.07.31	00:56:14.854		0.84279			4
2024.07.31	00:56:15.968		0.84277			4
2024.07.31	00:56:21.844		0.84279			4
2024.07.31	00:56:22.647		0.84278			4
2024.07.31	00:56:23.592		0.84279			4
2024.07.31	00:56:25.197		0.84278			4
2024.07.31	00:56:25.509		0.84276			4
2024.07.31	00:56:26.347		0.84261			4
2024.07.31	00:56:28.670		0.84278			4
2024.07.31	00:56:29.653		0.84276			4
2024.07.31	00:56:32.050		0.84277			4
2024.07.31	00:56:32.578		0.84280			4
2024.07.31	00:56:33.646		0.84268			4
2024.07.31	00:56:33.963		0.84284			4
2024.07.31	00:56:34.263		0.84282			4
2024.07.31	00:56:57.097		0.84271			4
2024.07.31	00:56:57.436		0.84282			4
2024.07.31	00:56:58.062		0.84272			4
2024.07.31	00:56:58.441		0.84278			4
2024.07.31	00:56:58.749		0.84282			4
2024.07.31	00:57:01.655	0.84254				2
2024.07.31	00:57:02.657		0.84272			4
2024.07.31	00:57:03.651		0.84270			4
2024.07.31	00:57:04.849		0.84282			4
2024.07.31	00:57:12.874		0.84277			4
2024.07.31	00:57:13.182		0.84282			4
2024.07.31	00:57:14.210		0.84277			4
2024.07.31	00:57:14.515		0.84282			4
2024.07.31	00:57:14.822		0.84278			4
2024.07.31	00:57:15.652		0.84269			4
2024.07.31	00:57:16.649		0.84282			4
2024.07.31	00:57:18.441		0.84266			4
2024.07.31	00:57:24.662		0.84277			4
2024.07.31	00:57:30.070		0.84282			4
2024.07.31	00:57:31.623		0.84281			4
2024.07.31	00:57:32.894		0.84278			4
2024.07.31	00:57:33.923		0.84270			4
2024.07.31	00:57:43.110	0.84256	0.84272			6
2024.07.31	00:57:43.414		0.84270			4
2024.07.31	00:57:45.538	0.84254				2
2024.07.31	00:57:46.617	0.84255				2
2024.07.31	00:57:53.518		0.84279			4
2024.07.31	00:58:03.742	0.84254				2
2024.07.31	00:58:57.347		0.84279			4
2024.07.31	00:58:57.707	0.84250	0.84283			6
2024.07.31	00:59:00.891	0.84250				2
2024.07.31	00:59:03.884	0.84251	0.84271			6
2024.07.31	00:59:04.434		0.84273			4
2024.07.31	00:59:05.694		0.84271			4
2024.07.31	00:59:06.189		0.84282			4
2024.07.31	00:59:12.666		0.84283			4
2024.07.31	00:59:19.102	0.84254	0.84280			6
2024.07.31	00:59:19.514	0.84253	0.84281			6
2024.07.31	00:59:19.831		0.84280			4
2024.07.31	00:59:22.837	0.84257	0.84277			6
2024.07.31	00:59:27.927	0.84255	0.84278			6
2024.07.31	00:59:30.627	0.84256	0.84277			6
2024.07.31	00:59:31.699	0.84257				2
2024.07.31	00:59:32.418	0.84256				2
2024.07.31	00:59:51.451	0.84253	0.84279			6
2024.07.31	00:59:52.898	0.84251	0.84277			6
2024.07.31	01:00:00.318	0.84258				2
2024.07.31	01:00:00.628	0.84257				2
2024.07.31	01:00:01.907	0.84256	0.84278			6
2024.07.31	01:00:02.381	0.84257	0.84276			6
2024.07.31	01:00:02.838	0.84255	0.84269			6
2024.07.31	01:00:03.368	0.84258	0.84278			6
2024.07.31	01:00:04.342	0.84259				2
2024.07.31	01:00:04.960	0.84254	0.84272			6
2024.07.31	01:00:05.263	0.84256	0.84275			6
2024.07.31	01:00:05.905	0.84258	0.84278			6
2024.07.31	01:00:06.337	0.84257				2
2024.07.31	01:00:06.648		0.84279			4
2024.07.31	01:00:07.454	0.84258				2
2024.07.31	01:00:08.981		0.84278			4
2024.07.31	01:00:09.819	0.84257				2
2024.07.31	01:00:10.123	0.84256				2
2024.07.31	01:00:10.447		0.84277			4
2024.07.31	01:00:11.817	0.84261				2
2024.07.31	01:00:12.814		0.84279			4
2024.07.31	01:00:15.367		0.84276			4
2024.07.31	01:00:15.681		0.84279			4
2024.07.31	01:00:17.777	0.84262	0.84280			6
2024.07.31	01:00:19.837	0.84264	0.84283			6
2024.07.31	01:00:20.891		0.84282			4
2024.07.31	01:00:23.156	0.84265	0.84283			6
2024.07.31	01:00:23.575	0.84262	0.84279			6
2024.07.31	01:00:23.883	0.84259	0.84275			6
2024.07.31	01:00:24.200		0.84277			4
2024.07.31	01:00:31.684	0.84260	0.84278			6
2024.07.31	01:00:32.236		0.84277			4
2024.07.31	01:00:32.960		0.84276			4
2024.07.31	01:00:33.495		0.84277			4
2024.07.31	01:00:44.334	0.84258	0.84275			6
2024.07.31	01:00:45.364	0.84259	0.84272			6
2024.07.31	01:00:46.141		0.84275			4
2024.07.31	01:00:46.585	0.84260				2
2024.07.31	01:00:46.985		0.84276			4
2024.07.31	01:00:53.554	0.84261	0.84275			6
2024.07.31	01:00:54.064	0.84260				2
2024.07.31	01:00:58.829	0.84262	0.84276			6
2024.07.31	01:00:59.546	0.84261	0.84275			6
2024.07.31	01:01:00.311	0.84261				2
2024.07.31	01:01:00.686	0.84262				2
2024.07.31	01:01:06.659		0.84274			4
2024.07.31	01:01:07.344		0.84272			4
2024.07.31	01:01:08.288	0.84260	0.84273			6
2024.07.31	01:01:08.798		0.84272			4
2024.07.31	01:01:09.109	0.84261	0.84273			6
2024.07.31	01:01:11.589	0.84257	0.84269			6
2024.07.31	01:01:11.895		0.84268			4
2024.07.31	01:01:17.905	0.84256	0.84266			6
2024.07.31	01:01:18.548	0.84257	0.84268			6
2024.07.31	01:01:19.872	0.84256	0.84269			6
2024.07.31	01:01:22.832	0.84257	0.84268			6
2024.07.31	01:01:23.525	0.84256	0.84266			6
2024.07.31	01:01:24.018	0.84257	0.84269			6
2024.07.31	01:01:27.363	0.84259	0.84266			6
2024.07.31	01:01:28.293		0.84269			4
2024.07.31	01:01:28.604	0.84257	0.84266			6
2024.07.31	01:01:29.336		0.84269			4
2024.07.31	01:01:31.864		0.84268			4
2024.07.31	01:01:32.461	0.84259				2
2024.07.31	01:01:34.122		0.84269			4
2024.07.31	01:01:36.601		0.84268			4
2024.07.31	01:01:38.157		0.84269			4
2024.07.31	01:01:43.697		0.84268			4
2024.07.31	01:01:46.457	0.84258				2
2024.07.31	01:01:47.962		0.84269			4
2024.07.31	01:01:59.464		0.84268			4
2024.07.31	01:02:00.598	0.84264	0.84273			6
2024.07.31	01:02:01.318		0.84271			4
2024.07.31	01:02:01.704		0.84273			4
2024.07.31	01:02:02.738		0.84271			4
2024.07.31	01:02:12.067	0.84263	0.84274			6
2024.07.31	01:02:17.239		0.84273			4
2024.07.31	01:02:17.650		0.84274			4
2024.07.31	01:02:17.990		0.84273			4
2024.07.31	01:02:18.327		0.84274			4
2024.07.31	01:02:20.035		0.84273			4
2024.07.31	01:02:23.157		0.84274			4
2024.07.31	01:02:28.382		0.84273			4
2024.07.31	01:02:28.775	0.84261	0.84270			6
2024.07.31	01:02:29.416		0.84271			4
2024.07.31	01:02:30.889	0.84259	0.84265			6
2024.07.31	01:02:31.993		0.84268			4
2024.07.31	01:02:38.237	0.84258				2
2024.07.31	01:02:39.454		0.84265			4
2024.07.31	01:02:39.942		0.84268			4
2024.07.31	01:02:40.302		0.84265			4
2024.07.31	01:02:45.314		0.84268			4
2024.07.31	01:02:46.395	0.84257	0.84265			6
2024.07.31	01:02:46.713		0.84266			4
2024.07.31	01:02:47.437		0.84268			4
2024.07.31	01:02:47.742		0.84265			4
2024.07.31	01:02:51.148		0.84267			4
2024.07.31	01:02:52.729		0.84266			4
2024.07.31	01:02:53.799		0.84265			4
2024.07.31	01:02:57.003		0.84268			4
2024.07.31	01:02:57.993	0.84256	0.84266			6
2024.07.31	01:02:58.305	0.84257	0.84267			6
2024.07.31	01:03:00.155	0.84257				2
2024.07.31	01:03:00.472	0.84256				2
2024.07.31	01:03:01.544		0.84265			4
2024.07.31	01:03:01.858	0.84254	0.84264			6
2024.07.31	01:03:02.162		0.84262			4
2024.07.31	01:03:04.037		0.84264			4
2024.07.31	01:03:04.438		0.84260			4
2024.07.31	01:03:23.572		0.84264			4
2024.07.31	01:03:25.352	0.84255	0.84260			6
2024.07.31	01:03:25.663	0.84254	0.84262			6
2024.07.31	01:03:26.353		0.84260			4
2024.07.31	01:03:27.069		0.84263			4
2024.07.31	01:03:28.130		0.84262			4
2024.07.31	01:03:28.650		0.84263			4
2024.07.31	01:03:28.962		0.84264			4
2024.07.31	01:03:30.009	0.84255	0.84266			6
2024.07.31	01:03:30.665	0.84253	0.84264			6
2024.07.31	01:03:31.004	0.84254	0.84263			6
2024.07.31	01:03:46.663		0.84262			4
2024.07.31	01:03:47.005		0.84263			4
2024.07.31	01:03:56.362		0.84262			4
2024.07.31	01:03:56.681		0.84263			4
2024.07.31	01:04:00.041	0.84254				2
2024.07.31	01:04:12.961	0.84265	0.84269			6
2024.07.31	01:04:13.264	0.84259				2
2024.07.31	01:04:13.699		0.84266			4
2024.07.31	01:04:14.541		0.84269			4
2024.07.31	01:04:15.522		0.84266			4
2024.07.31	01:04:16.418		0.84268			4
2024.07.31	01:04:17.757		0.84267			4
2024.07.31	01:04:18.884		0.84268			4
2024.07.31	01:04:19.206		0.84267			4
2024.07.31	01:04:20.824	0.84262	0.84271			6
2024.07.31	01:04:22.631		0.84270			4
2024.07.31	01:04:22.941	0.84263	0.84271			6
2024.07.31	01:04:24.432	0.84261	0.84270			6
2024.07.31	01:04:24.742	0.84260	0.84269			6
2024.07.31	01:04:25.226	0.84259	0.84266			6
2024.07.31	01:04:30.582	0.84260	0.84268			6
2024.07.31	01:04:30.883	0.84264	0.84270			6
2024.07.31	01:04:31.391	0.84260	0.84269			6
2024.07.31	01:04:32.380	0.84264	0.84270			6
2024.07.31	01:04:33.521		0.84273			4
2024.07.31	01:04:34.379	0.84260	0.84269			6
2024.07.31	01:04:35.131		0.84270			4
2024.07.31	01:04:36.508	0.84263	0.84271			6
2024.07.31	01:04:36.822	0.84264	0.84272			6
2024.07.31	01:04:40.107		0.84273			4
2024.07.31	01:04:40.947		0.84272			4
2024.07.31	01:04:42.177	0.84260	0.84269			6
2024.07.31	01:04:44.238	0.84264	0.84273			6
2024.07.31	01:05:00.124	0.84262	0.84270			6
2024.07.31	01:05:00.458		0.84272			4
2024.07.31	01:05:00.762	0.84264	0.84273			6
2024.07.31	01:05:01.448	0.84262	0.84271			6
2024.07.31	01:05:01.762	0.84264	0.84273			6
2024.07.31	01:05:02.952		0.84272			4
2024.07.31	01:05:03.301		0.84273			4
2024.07.31	01:05:03.690		0.84270			4
2024.07.31	01:05:06.784	0.84263	0.84271			6
2024.07.31	01:05:07.471	0.84264	0.84270			6
2024.07.31	01:05:08.118	0.84263	0.84271			6
2024.07.31	01:05:08.464	0.84261	0.84270			6
2024.07.31	01:05:09.322		0.84271			4
2024.07.31	01:05:09.765	0.84262				2
2024.07.31	01:05:10.113	0.84261				2
2024.07.31	01:05:11.376		0.84269			4
2024.07.31	01:05:15.664	0.84260	0.84268			6
2024.07.31	01:05:20.409	0.84261				2
2024.07.31	01:05:20.910		0.84269			4
2024.07.31	01:05:21.537		0.84270			4
2024.07.31	01:05:21.987	0.84262	0.84271			6
2024.07.31	01:05:22.671	0.84261	0.84270			6
2024.07.31	01:05:23.922	0.84263	0.84271			6
2024.07.31	01:05:24.371	0.84261				2
2024.07.31	01:05:30.093		0.84270			4
2024.07.31	01:05:30.408	0.84262	0.84271			6
2024.07.31	01:05:30.714	0.84261				2
2024.07.31	01:05:32.046	0.84262				2
2024.07.31	01:05:32.362		0.84272			4
2024.07.31	01:05:35.765		0.84271			4
2024.07.31	01:05:41.568		0.84272			4
2024.07.31	01:05:44.416	0.84263				2
2024.07.31	01:05:45.013	0.84264	0.84273			6
2024.07.31	01:06:00.099	0.84264				2
2024.07.31	01:06:04.359	0.84263	0.84272			6
2024.07.31	01:06:07.426	0.84262	0.84271			6
2024.07.31	01:06:07.767	0.84261				2
2024.07.31	01:06:08.137	0.84262				2
2024.07.31	01:06:12.312	0.84261	0.84270			6
2024.07.31	01:06:15.194	0.84263	0.84272			6
2024.07.31	01:06:15.502	0.84264	0.84273			6
2024.07.31	01:06:16.923	0.84263	0.84272			6
2024.07.31	01:07:00.310	0.84263				2
2024.07.31	01:07:07.521		0.84270			4
2024.07.31	01:07:07.864	0.84261				2
2024.07.31	01:07:27.327	0.84262				2
2024.07.31	01:07:27.665	0.84261	0.84271			6
2024.07.31	01:07:31.620		0.84270			4
2024.07.31	01:07:34.524	0.84262				2
2024.07.31	01:07:38.194	0.84261	0.84271			6
2024.07.31	01:07:39.055		0.84270			4
2024.07.31	01:07:41.376		0.84271			4
2024.07.31	01:07:45.441	0.84263	0.84273			6
2024.07.31	01:07:47.249	0.84262				2
2024.07.31	01:07:47.589	0.84263				2
2024.07.31	01:07:48.623	0.84262				2
2024.07.31	01:07:52.668	0.84263				2
2024.07.31	01:07:52.997	0.84261	0.84270			6
2024.07.31	01:08:00.434	0.84261				2
2024.07.31	01:08:02.826		0.84271			4
2024.07.31	01:08:03.408		0.84270			4
2024.07.31	01:08:03.847		0.84271			4
2024.07.31	01:08:04.618		0.84270			4
2024.07.31	01:08:05.298	0.84262	0.84271			6
2024.07.31	01:08:05.606	0.84261				2
2024.07.31	01:08:05.945	0.84262	0.84270			6
2024.07.31	01:08:06.515		0.84271			4
2024.07.31	01:08:07.469	0.84260				2
2024.07.31	01:08:08.024	0.84262				2
2024.07.31	01:08:08.391	0.84260				2
2024.07.31	01:08:11.794	0.84261				2
2024.07.31	01:08:21.369	0.84262	0.84272			6
2024.07.31	01:08:21.843	0.84261				2
2024.07.31	01:08:23.554	0.84260	0.84271			6
2024.07.31	01:08:24.375	0.84262				2
2024.07.31	01:08:24.682	0.84261	0.84272			6
2024.07.31	01:08:26.471	0.84260				2
2024.07.31	01:08:30.697		0.84271			4
2024.07.31	01:08:33.482	0.84261				2
2024.07.31	01:08:33.893		0.84270			4
2024.07.31	01:08:39.598	0.84262	0.84271			6
2024.07.31	01:08:40.140	0.84261				2
2024.07.31	01:08:41.882	0.84262				2
2024.07.31	01:08:42.223	0.84261				2
2024.07.31	01:08:43.315		0.84270			4
2024.07.31	01:08:44.682		0.84271			4
2024.07.31	01:08:51.069		0.84272			4
2024.07.31	01:08:51.844		0.84271			4
2024.07.31	01:09:00.563	0.84261				2
2024.07.31	01:09:00.967	0.84262	0.84270			6
2024.07.31	01:09:02.247	0.84261	0.84269			6
2024.07.31	01:09:10.593		0.84268			4
2024.07.31	01:09:10.937		0.84269			4
2024.07.31	01:09:59.473	0.84260	0.84268			6
2024.07.31	01:10:00.381	0.84261				2
2024.07.31	01:10:01.865		0.84269			4
2024.07.31	01:10:04.039	0.84260	0.84267			6
2024.07.31	01:10:12.277	0.84261				2
2024.07.31	01:10:14.638	0.84260				2
2024.07.31	01:10:15.229	0.84261				2
2024.07.31	01:10:15.953	0.84260	0.84266			6
2024.07.31	01:10:17.015		0.84268			4
2024.07.31	01:10:17.351		0.84267			4
2024.07.31	01:10:18.449		0.84268			4
2024.07.31	01:10:21.323	0.84261				2
2024.07.31	01:10:22.266		0.84267			4
2024.07.31	01:10:24.402	0.84260				2
2024.07.31	01:10:27.512	0.84261				2
2024.07.31	01:10:28.380	0.84260	0.84268			6
2024.07.31	01:10:28.691		0.84267			4
2024.07.31	01:10:29.004		0.84268			4
2024.07.31	01:10:29.440		0.84267			4
2024.07.31	01:10:30.954		0.84268			4
2024.07.31	01:10:31.406		0.84267			4
2024.07.31	01:10:37.417	0.84262				2
2024.07.31	01:10:37.741		0.84270			4
2024.07.31	01:10:40.809	0.84263				2
2024.07.31	01:10:43.089	0.84262				2
2024.07.31	01:10:55.668	0.84261	0.84269			6
2024.07.31	01:10:57.460		0.84268			4
2024.07.31	01:11:00.186	0.84261				2
2024.07.31	01:11:02.312		0.84267			4
2024.07.31	01:11:02.752		0.84268			4
2024.07.31	01:11:12.392	0.84260				2
2024.07.31	01:11:42.666	0.84261				2
2024.07.31	01:11:59.466		0.84267			4
2024.07.31	01:12:00.307	0.84261				2
2024.07.31	01:12:03.568	0.84260				2
2024.07.31	01:12:36.398		0.84266			4
2024.07.31	01:12:39.521	0.84259	0.84265			6
2024.07.31	01:12:43.264		0.84266			4
2024.07.31	01:12:49.677	0.84260				2
2024.07.31	01:12:49.981	0.84259				2
2024.07.31	01:12:57.947		0.84265			4
2024.07.31	01:13:00.402	0.84259				2
2024.07.31	01:13:02.620		0.84266			4
2024.07.31	01:13:03.568	0.84260				2
2024.07.31	01:13:20.464	0.84259				2
2024.07.31	01:13:21.761	0.84260	0.84267			6
2024.07.31	01:13:22.411		0.84266			4
2024.07.31	01:13:23.207		0.84267			4
2024.07.31	01:13:30.597		0.84266			4
2024.07.31	01:13:38.160		0.84267			4
2024.07.31	01:14:00.475	0.84260				2
2024.07.31	01:14:08.072	0.84259	0.84266			6
2024.07.31	01:14:08.463	0.84260	0.84267			6
2024.07.31	01:14:14.554	0.84259	0.84266			6
2024.07.31	01:14:23.161		0.84267			4
2024.07.31	01:14:23.465		0.84268			4
2024.07.31	01:14:24.113	0.84260	0.84269			6
2024.07.31	01:14:24.676	0.84261				2
2024.07.31	01:14:33.396	0.84260				2
2024.07.31	01:14:35.581	0.84261	0.84268			6
2024.07.31	01:14:44.765	0.84260	0.84269			6
2024.07.31	01:14:50.493	0.84261	0.84268			6
2024.07.31	01:14:51.054	0.84262	0.84267			6
2024.07.31	01:14:51.360	0.84261				2
2024.07.31	01:15:00.310	0.84261				2
2024.07.31	01:15:03.964	0.84260	0.84266			6
2024.07.31	01:15:08.595	0.84261	0.84267			6
2024.07.31	01:15:08.921		0.84268			4
2024.07.31	01:15:09.264	0.84262				2
2024.07.31	01:15:16.737		0.84267			4
2024.07.31	01:15:19.803		0.84268			4
2024.07.31	01:15:36.442	0.84261				2
2024.07.31	01:15:36.933	0.84262				2
2024.07.31	01:15:49.088	0.84261	0.84267			6
2024.07.31	01:15:49.391		0.84266			4
2024.07.31	01:15:49.811	0.84260				2
2024.07.31	01:15:59.378	0.84262				2
2024.07.31	01:16:00.099	0.84262				2
2024.07.31	01:16:18.610	0.84260				2
2024.07.31	01:16:18.996	0.84261				2
2024.07.31	01:16:22.553	0.84260				2
2024.07.31	01:16:29.104	0.84261				2
2024.07.31	01:16:40.576	0.84259	0.84264			6
2024.07.31	01:16:41.182	0.84260	0.84265			6
2024.07.31	01:16:44.560	0.84257	0.84262			6
2024.07.31	01:16:57.342		0.84263			4
2024.07.31	01:17:00.536	0.84257				2
2024.07.31	01:17:03.473	0.84258				2
2024.07.31	01:17:12.494	0.84259				2
2024.07.31	01:17:15.338	0.84258	0.84261			6
2024.07.31	01:17:17.636	0.84257				2
2024.07.31	01:17:47.400	0.84256				2
2024.07.31	01:17:50.376	0.84257	0.84262			6
2024.07.31	01:17:50.735	0.84258				2
2024.07.31	01:17:51.674		0.84261			4
2024.07.31	01:17:51.984		0.84260			4
2024.07.31	01:18:01.551	0.84258				2
2024.07.31	01:18:09.330	0.84257				2
2024.07.31	01:18:09.688	0.84258				2
2024.07.31	01:18:15.061	0.84257				2
2024.07.31	01:18:15.506	0.84258				2
2024.07.31	01:18:16.491	0.84257				2
2024.07.31	01:18:16.924	0.84258	0.84261			6
2024.07.31	01:18:21.062	0.84257				2
2024.07.31	01:18:22.265		0.84260			4
2024.07.31	01:18:24.690	0.84258	0.84262			6
2024.07.31	01:18:25.043		0.84263			4
2024.07.31	01:18:26.495	0.84257	0.84261			6
2024.07.31	01:18:46.121	0.84258				2
2024.07.31	01:18:48.525		0.84262			4
2024.07.31	01:18:50.788	0.84257				2
2024.07.31	01:18:51.766	0.84258				2
2024.07.31	01:18:52.626	0.84257				2
2024.07.31	01:18:56.290		0.84261			4
2024.07.31	01:19:00.790	0.84257				2
2024.07.31	01:19:11.147	0.84258	0.84263			6
2024.07.31	01:19:15.710	0.84259	0.84264			6
2024.07.31	01:19:16.198	0.84258	0.84263			6
2024.07.31	01:19:16.594	0.84259	0.84264			6
2024.07.31	01:19:19.758		0.84263			4
2024.07.31	01:19:39.146	0.84258	0.84262			6
2024.07.31	01:19:41.410	0.84257				2
2024.07.31	01:19:46.684	0.84258	0.84263			6
2024.07.31	01:19:50.342	0.84259				2
2024.07.31	01:19:53.656	0.84258				2
2024.07.31	01:19:56.938	0.84259				2
2024.07.31	01:20:00.185	0.84259				2
2024.07.31	01:20:04.184	0.84258	0.84262			6
2024.07.31	01:20:06.108		0.84263			4
2024.07.31	01:20:07.968		0.84262			4
2024.07.31	01:20:16.943	0.84257				2
2024.07.31	01:20:17.375	0.84258	0.84263			6
2024.07.31	01:20:17.684	0.84257	0.84262			6
2024.07.31	01:20:30.464	0.84258	0.84263			6
2024.07.31	01:20:32.604		0.84262			4
2024.07.31	01:20:39.783	0.84259	0.84263			6
2024.07.31	01:20:52.446	0.84255	0.84261			6
2024.07.31	01:20:53.070	0.84256				2
2024.07.31	01:20:55.546	0.84255	0.84259			6
2024.07.31	01:20:58.503	0.84254	0.84258			6
2024.07.31	01:21:00.227	0.84255	0.84260			6
2024.07.31	01:21:01.865	0.84256				2
2024.07.31	01:21:04.358	0.84255	0.84259			6
2024.07.31	01:21:05.440	0.84256	0.84260			6
2024.07.31	01:21:07.701	0.84255				2
2024.07.31	01:21:08.005	0.84256				2
2024.07.31	01:21:10.641	0.84255				2
2024.07.31	01:21:16.930	0.84256				2
2024.07.31	01:21:18.336	0.84255				2
2024.07.31	01:21:20.628		0.84259			4
2024.07.31	01:21:28.900		0.84260			4
2024.07.31	01:21:29.261		0.84259			4
2024.07.31	01:21:29.577		0.84260			4
2024.07.31	01:21:30.233		0.84259			4
2024.07.31	01:21:33.810		0.84260			4
2024.07.31	01:21:34.112	0.84254	0.84259			6
2024.07.31	01:21:35.275	0.84255				2
2024.07.31	01:21:44.708	0.84254	0.84258			6
2024.07.31	01:21:48.778	0.84253				2
2024.07.31	01:21:49.139	0.84254				2
2024.07.31	01:21:52.747	0.84255	0.84259			6
2024.07.31	01:21:54.475		0.84260			4
2024.07.31	01:21:57.853		0.84259			4
2024.07.31	01:22:00.312	0.84255				2
2024.07.31	01:22:01.030		0.84260			4
2024.07.31	01:22:01.375		0.84259			4
2024.07.31	01:22:04.668		0.84260			4
2024.07.31	01:22:07.564		0.84259			4
2024.07.31	01:22:08.604		0.84260			4
2024.07.31	01:22:16.114		0.84259			4
2024.07.31	01:22:16.430		0.84260			4
2024.07.31	01:22:17.369		0.84259			4
2024.07.31	01:22:19.492		0.84260			4
2024.07.31	01:22:20.656		0.84259			4
2024.07.31	01:22:21.950		0.84260			4
2024.07.31	01:22:28.415		0.84259			4
2024.07.31	01:22:29.334		0.84260			4
2024.07.31	01:22:57.334		0.84259			4
2024.07.31	01:23:00.478	0.84254				2
2024.07.31	01:23:25.864	0.84255				2
2024.07.31	01:23:41.464	0.84254				2
2024.07.31	01:23:57.505		0.84259			4
2024.07.31	01:24:00.054	0.84254				2
2024.07.31	01:24:03.241	0.84255	0.84260			6
2024.07.31	01:24:07.038	0.84256				2
2024.07.31	01:24:07.342		0.84261			4
2024.07.31	01:24:43.484	0.84255	0.84260			6
2024.07.31	01:24:51.594	0.84256				2
2024.07.31	01:24:55.932	0.84255	0.84259			6
2024.07.31	01:24:56.988	0.84256	0.84260			6
2024.07.31	01:25:00.226	0.84255				2
2024.07.31	01:25:04.539	0.84256				2
2024.07.31	01:25:11.041	0.84258				2
2024.07.31	01:25:21.927		0.84259			4
2024.07.31	01:25:24.202		0.84260			4
2024.07.31	01:25:24.598	0.84257	0.84259			6
2024.07.31	01:25:32.581	0.84258	0.84260			6
2024.07.31	01:25:35.343	0.84257	0.84259			6
2024.07.31	01:25:52.595	0.84256				2
2024.07.31	01:25:52.928	0.84257	0.84260			6
2024.07.31	01:25:54.364		0.84259			4
2024.07.31	01:25:58.880		0.84260			4
2024.07.31	01:26:00.325	0.84257				2
2024.07.31	01:26:01.563		0.84259			4
2024.07.31	01:26:04.780		0.84260			4
2024.07.31	01:26:05.512	0.84256	0.84259			6
2024.07.31	01:26:35.127	0.84255				2
2024.07.31	01:26:40.329	0.84256				2
2024.07.31	01:26:42.304	0.84255	0.84258			6
2024.07.31	01:26:43.436		0.84259			4
2024.07.31	01:26:51.063		0.84260			4
2024.07.31	01:27:00.443	0.84255				2
2024.07.31	01:27:06.063		0.84261			4
2024.07.31	01:27:08.767	0.84254	0.84258			6
2024.07.31	01:27:09.101	0.84255	0.84259			6
2024.07.31	01:27:09.404	0.84254				2
2024.07.31	01:27:12.235	0.84255				2
2024.07.31	01:27:13.025		0.84260			4
2024.07.31	01:27:14.021	0.84258	0.84263			6
2024.07.31	01:27:14.323	0.84260	0.84265			6
2024.07.31	01:27:33.296	0.84261				2
2024.07.31	01:27:47.288	0.84260	0.84264			6
2024.07.31	01:27:54.375		0.84265			4
2024.07.31	01:27:55.273		0.84264			4
2024.07.31	01:28:00.219	0.84260				2
2024.07.31	01:28:40.852	0.84259				2
2024.07.31	01:28:41.741	0.84260				2
2024.07.31	01:28:55.584		0.84264			4
2024.07.31	01:29:00.327	0.84260				2
2024.07.31	01:29:06.064		0.84265			4
2024.07.31	01:29:07.407		0.84264			4
2024.07.31	01:29:27.508	0.84259	0.84263			6
2024.07.31	01:29:36.666		0.84264			4
2024.07.31	01:29:45.365		0.84263			4
2024.07.31	01:29:57.830		0.84264			4
2024.07.31	01:30:00.307	0.84259				2
2024.07.31	01:30:08.167	0.84256	0.84261			6
2024.07.31	01:30:14.450	0.84257				2
2024.07.31	01:30:19.218	0.84256				2
2024.07.31	01:30:25.415	0.84257				2
2024.07.31	01:30:29.465	0.84256				2
2024.07.31	01:30:34.117	0.84257				2
2024.07.31	01:31:00.337	0.84257				2
2024.07.31	01:31:00.638	0.84256				2
2024.07.31	01:31:08.541		0.84261			4
2024.07.31	01:31:13.813	0.84257				2
2024.07.31	01:31:14.436	0.84256				2
2024.07.31	01:31:20.430	0.84257				2
2024.07.31	01:31:33.047	0.84258				2
2024.07.31	01:31:33.698		0.84263			4
2024.07.31	01:31:38.601		0.84262			4
2024.07.31	01:31:40.801	0.84259				2
2024.07.31	01:31:42.853		0.84263			4
2024.07.31	01:31:46.040		0.84264			4
2024.07.31	01:31:51.576		0.84265			4
2024.07.31	01:31:52.121		0.84264			4
2024.07.31	01:31:52.580		0.84265			4
2024.07.31	01:31:55.217		0.84264			4
2024.07.31	01:31:58.360	0.84257	0.84261			6
2024.07.31	01:31:59.709	0.84258	0.84262			6
2024.07.31	01:32:00.048	0.84258	0.84263			6
2024.07.31	01:32:11.896	0.84259				2
2024.07.31	01:32:12.772	0.84257	0.84262			6
2024.07.31	01:32:13.320	0.84256				2
2024.07.31	01:32:14.323		0.84263			4
2024.07.31	01:32:16.557		0.84262			4
2024.07.31	01:32:16.877		0.84261			4
2024.07.31	01:32:26.480		0.84262			4
2024.07.31	01:32:27.542		0.84261			4
2024.07.31	01:32:28.249		0.84262			4
2024.07.31	01:32:28.561		0.84261			4
2024.07.31	01:32:29.304		0.84262			4
2024.07.31	01:32:30.405		0.84261			4
2024.07.31	01:32:32.151		0.84262			4
2024.07.31	01:32:36.008		0.84261			4
2024.07.31	01:32:36.517		0.84262			4
2024.07.31	01:32:49.598		0.84261			4
2024.07.31	01:32:51.533		0.84262			4
2024.07.31	01:32:53.164		0.84260			4
2024.07.31	01:32:53.491	0.84257	0.84262			6
2024.07.31	01:32:55.514	0.84256				2
2024.07.31	01:32:55.837		0.84261			4
2024.07.31	01:32:58.154		0.84260			4
2024.07.31	01:32:58.526		0.84261			4
2024.07.31	01:33:00.348	0.84256				2
2024.07.31	01:33:02.349		0.84262			4
2024.07.31	01:33:03.144		0.84261			4
2024.07.31	01:33:03.606		0.84262			4
2024.07.31	01:33:08.167	0.84257				2
2024.07.31	01:33:09.800	0.84256				2
2024.07.31	01:33:16.753		0.84261			4
2024.07.31	01:33:19.150		0.84262			4
2024.07.31	01:33:20.424		0.84261			4
2024.07.31	01:33:28.864		0.84262			4
2024.07.31	01:33:32.401		0.84261			4
2024.07.31	01:33:32.795		0.84262			4
2024.07.31	01:33:42.490		0.84261			4
2024.07.31	01:33:46.774		0.84260			4
2024.07.31	01:33:47.175		0.84261			4
2024.07.31	01:33:49.631		0.84262			4
2024.07.31	01:33:54.393		0.84261			4
2024.07.31	01:33:55.372		0.84262			4
2024.07.31	01:34:00.143	0.84256				2
2024.07.31	01:34:00.834		0.84261			4
2024.07.31	01:34:01.142	0.84255	0.84262			6
2024.07.31	01:34:08.955		0.84261			4
2024.07.31	01:34:09.275	0.84259	0.84263			6
2024.07.31	01:34:09.583	0.84258				2
2024.07.31	01:34:11.085	0.84259				2
2024.07.31	01:34:24.413	0.84258				2
2024.07.31	01:34:31.264	0.84259				2
2024.07.31	01:34:32.372	0.84258	0.84262			6
2024.07.31	01:34:40.864	0.84259	0.84263			6
2024.07.31	01:34:56.981	0.84258	0.84262			6
2024.07.31	01:35:01.582	0.84258				2
2024.07.31	01:35:02.275	0.84259	0.84263			6
2024.07.31	01:35:30.932	0.84258	0.84262			6
2024.07.31	01:35:31.329	0.84259	0.84263			6
2024.07.31	01:35:53.304		0.84264			4
2024.07.31	01:36:00.315	0.84259				2
2024.07.31	01:36:07.602		0.84263			4
2024.07.31	01:36:07.938		0.84264			4
2024.07.31	01:36:10.351		0.84263			4
2024.07.31	01:36:43.534	0.84256	0.84261			6
2024.07.31	01:36:48.068		0.84260			4
2024.07.31	01:36:56.764		0.84261			4
2024.07.31	01:37:00.361	0.84256				2
2024.07.31	01:37:21.190	0.84259	0.84263			6
2024.07.31	01:37:21.501	0.84260	0.84264			6
2024.07.31	01:37:46.933	0.84259				2
2024.07.31	01:37:48.488		0.84263			4
2024.07.31	01:37:49.066	0.84260	0.84264			6
2024.07.31	01:37:52.232		0.84263			4
2024.07.31	01:38:00.205	0.84260				2
2024.07.31	01:38:02.527	0.84259				2
2024.07.31	01:38:04.624	0.84260				2
2024.07.31	01:38:08.670		0.84264			4
2024.07.31	01:38:18.354		0.84262			4
2024.07.31	01:38:24.629		0.84263			4
2024.07.31	01:38:25.895	0.84259				2
2024.07.31	01:38:27.131		0.84262			4
2024.07.31	01:38:30.064	0.84260				2
2024.07.31	01:38:31.154		0.84261			4
2024.07.31	01:38:35.082		0.84263			4
2024.07.31	01:38:36.317		0.84262			4
2024.07.31	01:38:37.028	0.84256				2
2024.07.31	01:38:37.343		0.84261			4
2024.07.31	01:38:38.112		0.84260			4
2024.07.31	01:38:38.766		0.84262			4
2024.07.31	01:38:44.723		0.84261			4
2024.07.31	01:38:47.246		0.84260			4
2024.07.31	01:38:47.661		0.84261			4
2024.07.31	01:38:47.999		0.84262			4
2024.07.31	01:38:54.236		0.84263			4
2024.07.31	01:39:00.322	0.84256	0.84262			6
2024.07.31	01:39:19.834		0.84261			4
2024.07.31	01:39:27.106		0.84262			4
2024.07.31	01:39:35.591		0.84261			4
2024.07.31	01:39:35.983	0.84257				2
2024.07.31	01:39:56.180		0.84260			4
2024.07.31	01:39:59.648		0.84259			4
2024.07.31	01:40:00.528	0.84257				2
2024.07.31	01:40:08.181		0.84260			4
2024.07.31	01:40:10.021		0.84259			4
2024.07.31	01:40:18.181		0.84261			4
2024.07.31	01:40:21.656	0.84255				2
2024.07.31	01:40:23.305		0.84259			4
2024.07.31	01:40:23.861		0.84261			4
2024.07.31	01:40:26.310	0.84254	0.84259			6
2024.07.31	01:40:26.737		0.84260			4
2024.07.31	01:40:30.430		0.84259			4
2024.07.31	01:40:32.910	0.84255	0.84260			6
2024.07.31	01:40:33.902		0.84261			4
2024.07.31	01:40:34.214		0.84262			4
2024.07.31	01:40:34.517		0.84261			4
2024.07.31	01:40:34.914		0.84262			4
2024.07.31	01:40:35.308		0.84261			4
2024.07.31	01:40:39.677	0.84254	0.84259			6
2024.07.31	01:40:40.028	0.84255	0.84260			6
2024.07.31	01:40:42.003		0.84259			4
2024.07.31	01:40:42.323	0.84254	0.84260			6
2024.07.31	01:40:48.810	0.84255	0.84261			6
2024.07.31	01:40:51.725		0.84260			4
2024.07.31	01:40:54.528		0.84262			4
2024.07.31	01:41:01.230	0.84255				2
2024.07.31	01:41:05.757		0.84261			4
2024.07.31	01:41:07.569		0.84262			4
2024.07.31	01:41:07.872	0.84257	0.84261			6
2024.07.31	01:41:12.064	0.84256	0.84262			6
2024.07.31	01:41:25.817	0.84255				2
2024.07.31	01:41:26.304		0.84261			4
2024.07.31	01:41:28.345		0.84262			4
2024.07.31	01:41:28.682		0.84261			4
2024.07.31	01:41:34.726		0.84260			4
2024.07.31	01:41:36.478		0.84261			4
2024.07.31	01:41:41.636		0.84260			4
2024.07.31	01:41:46.160	0.84256	0.84261			6
2024.07.31	01:41:46.548		0.84260			4
2024.07.31	01:41:52.208		0.84261			4
2024.07.31	01:41:59.087	0.84255	0.84260			6
2024.07.31	01:41:59.403	0.84254				2
2024.07.31	01:42:00.032	0.84254				2
2024.07.31	01:42:01.288		0.84261			4
2024.07.31	01:42:01.598		0.84260			4
2024.07.31	01:42:03.381		0.84261			4
2024.07.31	01:42:04.701		0.84260			4
2024.07.31	01:42:07.732		0.84261			4
2024.07.31	01:42:10.753		0.84260			4
2024.07.31	01:42:13.125		0.84259			4
2024.07.31	01:42:13.962		0.84258			4
2024.07.31	01:42:14.839	0.84253				2
2024.07.31	01:42:17.446	0.84254				2
2024.07.31	01:42:17.959	0.84253	0.84259			6
2024.07.31	01:42:18.299		0.84258			4
2024.07.31	01:42:18.623	0.84254	0.84259			6
2024.07.31	01:42:19.541	0.84253				2
2024.07.31	01:42:22.032	0.84254	0.84260			6
2024.07.31	01:42:23.540		0.84261			4
2024.07.31	01:42:23.878		0.84259			4
2024.07.31	01:42:24.388		0.84261			4
2024.07.31	01:42:28.063		0.84260			4
2024.07.31	01:42:37.343	0.84260	0.84263			6
2024.07.31	01:42:37.657		0.84265			4
2024.07.31	01:42:38.410	0.84259	0.84264			6
2024.07.31	01:42:46.657		0.84263			4
2024.07.31	01:42:59.237	0.84258				2
2024.07.31	01:43:00.117	0.84258				2
2024.07.31	01:43:02.662	0.84259	0.84264			6
2024.07.31	01:43:09.618		0.84263			4
2024.07.31	01:43:10.355		0.84264			4
2024.07.31	01:43:12.016		0.84263			4
2024.07.31	01:43:13.591	0.84258	0.84262			6
2024.07.31	01:43:19.170		0.84264			4
2024.07.31	01:43:20.219		0.84263			4
2024.07.31	01:43:55.602		0.84262			4
2024.07.31	01:44:00.705	0.84258				2
2024.07.31	01:44:01.229		0.84263			4
2024.07.31	01:44:03.884	0.84257				2
2024.07.31	01:44:09.440		0.84262			4
2024.07.31	01:44:20.730		0.84263			4
2024.07.31	01:44:24.354	0.84258				2
2024.07.31	01:44:30.629		0.84262			4
2024.07.31	01:44:39.070		0.84263			4
2024.07.31	01:45:00.064	0.84257	0.84264			6
2024.07.31	01:45:00.732		0.84263			4
2024.07.31	01:45:02.159	0.84258				2
2024.07.31	01:45:45.925		0.84262			4
2024.07.31	01:45:46.244	0.84259	0.84264			6
2024.07.31	01:45:55.689		0.84263			4
2024.07.31	01:46:00.353	0.84259				2
2024.07.31	01:46:18.234		0.84264			4
2024.07.31	01:46:18.539		0.84263			4
2024.07.31	01:46:30.058	0.84258				2
2024.07.31	01:46:40.616		0.84264			4
2024.07.31	01:47:00.770	0.84258				2
2024.07.31	01:47:10.000		0.84263			4
2024.07.31	01:47:21.000	0.84257	0.84264			6
2024.07.31	01:47:27.064	0.84258	0.84263			6
2024.07.31	01:47:48.065		0.84264			4
2024.07.31	01:47:56.244		0.84263			4
2024.07.31	01:48:00.168	0.84258				2
2024.07.31	01:48:11.634		0.84264			4
2024.07.31	01:48:14.256	0.84257	0.84262			6
2024.07.31	01:48:14.565		0.84264			4
2024.07.31	01:48:19.156		0.84262			4
2024.07.31	01:48:22.180	0.84256	0.84261			6
2024.07.31	01:48:22.487	0.84257				2
2024.07.31	01:48:29.971		0.84262			4
2024.07.31	01:48:30.880		0.84261			4
2024.07.31	01:48:31.763		0.84262			4
2024.07.31	01:48:35.167		0.84261			4
2024.07.31	01:48:41.735	0.84258				2
2024.07.31	01:48:45.420	0.84255				2
2024.07.31	01:48:55.196	0.84256	0.84260			6
2024.07.31	01:49:01.285	0.84255				2
2024.07.31	01:49:01.865		0.84261			4
2024.07.31	01:49:03.965		0.84260			4
2024.07.31	01:49:15.722	0.84256				2
2024.07.31	01:49:20.580		0.84261			4
2024.07.31	01:49:35.203		0.84260			4
2024.07.31	01:49:44.320		0.84261			4
2024.07.31	01:49:44.961		0.84260			4
2024.07.31	01:50:00.443	0.84256				2
2024.07.31	01:50:01.858	0.84255				2
2024.07.31	01:50:07.366	0.84256	0.84261			6
2024.07.31	01:50:07.709		0.84260			4
2024.07.31	01:50:08.025	0.84255	0.84261			6
2024.07.31	01:50:23.173		0.84260			4
2024.07.31	01:50:26.511	0.84256				2
2024.07.31	01:50:32.522	0.84257				2
2024.07.31	01:50:32.824	0.84256				2
2024.07.31	01:50:33.626	0.84257				2
2024.07.31	01:50:34.296	0.84256				2
2024.07.31	01:50:35.202	0.84257				2
2024.07.31	01:50:43.193	0.84256	0.84261			6
2024.07.31	01:50:53.731		0.84260			4
2024.07.31	01:50:54.065		0.84261			4
2024.07.31	01:51:00.225	0.84256				2
2024.07.31	01:51:02.026		0.84260			4
2024.07.31	01:51:03.292		0.84261			4
2024.07.31	01:51:09.830	0.84255	0.84260			6
2024.07.31	01:51:15.370	0.84256	0.84262			6
2024.07.31	01:51:15.741		0.84261			4
2024.07.31	01:51:24.994		0.84260			4
2024.07.31	01:51:27.269	0.84255				2
2024.07.31	01:51:28.558		0.84261			4
2024.07.31	01:51:34.120	0.84254				2
2024.07.31	01:51:34.423	0.84255	0.84260			6
2024.07.31	01:51:45.994	0.84254				2
2024.07.31	01:51:47.057	0.84255				2
2024.07.31	01:51:48.251	0.84253				2
2024.07.31	01:51:52.262		0.84259			4
2024.07.31	01:51:57.108		0.84258			4
2024.07.31	01:51:57.665		0.84259			4
2024.07.31	01:51:59.820		0.84258			4
2024.07.31	01:52:00.319	0.84253				2
2024.07.31	01:52:00.637		0.84259			4
2024.07.31	01:52:02.089		0.84257			4
2024.07.31	01:52:02.406		0.84258			4
2024.07.31	01:52:03.558	0.84254				2
2024.07.31	01:52:04.242		0.84259			4
2024.07.31	01:52:05.885	0.84255				2
2024.07.31	01:52:08.437	0.84254				2
2024.07.31	01:52:10.147		0.84258			4
2024.07.31	01:52:10.517		0.84259			4
2024.07.31	01:52:11.196	0.84255	0.84258			6
2024.07.31	01:52:14.223	0.84256	0.84259			6
2024.07.31	01:52:14.712		0.84258			4
2024.07.31	01:52:18.791		0.84259			4
2024.07.31	01:52:19.508		0.84258			4
2024.07.31	01:52:21.786		0.84259			4
2024.07.31	01:52:24.668		0.84260			4
2024.07.31	01:52:26.648		0.84259			4
2024.07.31	01:52:27.080		0.84260			4
2024.07.31	01:52:27.431	0.84254	0.84259			6
2024.07.31	01:52:27.743		0.84258			4
2024.07.31	01:52:28.138		0.84257			4
2024.07.31	01:52:28.453		0.84258			4
2024.07.31	01:52:29.535		0.84257			4
2024.07.31	01:52:30.941	0.84255	0.84258			6
2024.07.31	01:52:31.264	0.84254				2
2024.07.31	01:52:31.620		0.84257			4
2024.07.31	01:52:31.930		0.84258			4
2024.07.31	01:52:32.236	0.84257	0.84260			6
2024.07.31	01:52:32.636		0.84258			4
2024.07.31	01:52:32.964	0.84256	0.84259			6
2024.07.31	01:52:33.660	0.84255	0.84258			6
2024.07.31	01:52:34.004		0.84259			4
2024.07.31	01:52:34.813		0.84258			4
2024.07.31	01:52:38.629		0.84259			4
2024.07.31	01:52:43.849	0.84254	0.84257			6
2024.07.31	01:52:44.783	0.84253				2
2024.07.31	01:52:45.318		0.84256			4
2024.07.31	01:52:47.344	0.84254	0.84258			6
2024.07.31	01:52:48.048	0.84255				2
2024.07.31	01:52:51.056	0.84254				2
2024.07.31	01:52:52.155	0.84255				2
2024.07.31	01:52:52.464	0.84254				2
2024.07.31	01:52:53.504	0.84255				2
2024.07.31	01:53:00.160	0.84254	0.84257			6
2024.07.31	01:53:00.477		0.84256			4
2024.07.31	01:53:00.806		0.84257			4
2024.07.31	01:53:01.242	0.84255				2
2024.07.31	01:53:01.563		0.84258			4
2024.07.31	01:53:02.610	0.84254				2
2024.07.31	01:53:05.886	0.84253				2
2024.07.31	01:53:06.201	0.84254				2
2024.07.31	01:53:07.000		0.84257			4
2024.07.31	01:53:07.305	0.84253	0.84256			6
2024.07.31	01:53:08.364		0.84257			4
2024.07.31	01:53:08.731		0.84258			4
2024.07.31	01:53:10.060		0.84257			4
2024.07.31	01:53:10.365		0.84256			4
2024.07.31	01:53:10.749		0.84257			4
2024.07.31	01:53:12.327	0.84254				2
2024.07.31	01:53:13.112	0.84253				2
2024.07.31	01:53:13.454		0.84258			4
2024.07.31	01:53:14.485		0.84256			4
2024.07.31	01:53:14.865		0.84258			4
2024.07.31	01:53:18.014		0.84257			4
2024.07.31	01:53:18.650	0.84254				2
2024.07.31	01:53:19.216		0.84258			4
2024.07.31	01:53:19.893	0.84253				2
2024.07.31	01:53:20.788		0.84257			4
2024.07.31	01:53:21.855		0.84258			4
2024.07.31	01:53:22.357		0.84256			4
2024.07.31	01:53:23.472	0.84254	0.84258			6
2024.07.31	01:53:23.834		0.84257			4
2024.07.31	01:53:25.906	0.84253	0.84258			6
2024.07.31	01:53:26.341		0.84257			4
2024.07.31	01:53:32.030		0.84258			4
2024.07.31	01:53:32.741	0.84254				2
2024.07.31	01:53:33.446	0.84253				2
2024.07.31	01:53:34.377	0.84254				2
2024.07.31	01:53:34.739	0.84253				2
2024.07.31	01:53:36.941		0.84257			4
2024.07.31	01:53:37.902		0.84258			4
2024.07.31	01:53:38.206		0.84257			4
2024.07.31	01:53:38.554		0.84256			4
2024.07.31	01:53:39.552		0.84257			4
2024.07.31	01:53:40.802	0.84254	0.84258			6
2024.07.31	01:53:41.122	0.84253	0.84257			6
2024.07.31	01:53:43.052	0.84254	0.84259			6
2024.07.31	01:53:43.413	0.84253	0.84256			6
2024.07.31	01:53:46.037	0.84252				2
2024.07.31	01:53:46.651	0.84251	0.84257			6
2024.07.31	01:53:47.096	0.84252	0.84256			6
2024.07.31	01:53:50.080		0.84257			4
2024.07.31	01:53:50.450	0.84251	0.84256			6
2024.07.31	01:53:50.762	0.84250	0.84255			6
2024.07.31	01:53:53.606		0.84254			4
2024.07.31	01:53:54.061		0.84253			4
2024.07.31	01:53:59.797		0.84254			4
2024.07.31	01:54:00.120	0.84250	0.84253			6
2024.07.31	01:54:03.332	0.84248	0.84252			6
2024.07.31	01:54:07.503	0.84250				2
2024.07.31	01:54:07.855	0.84249				2
2024.07.31	01:54:08.608	0.84250				2
2024.07.31	01:54:12.416	0.84249				2
2024.07.31	01:54:18.987		0.84253			4
2024.07.31	01:54:19.386	0.84250				2
2024.07.31	01:54:20.973	0.84252	0.84254			6
2024.07.31	01:54:29.385		0.84255			4
2024.07.31	01:54:30.803	0.84250	0.84253			6
2024.07.31	01:54:46.421	0.84251				2
2024.07.31	01:54:46.724	0.84250				2
2024.07.31	01:54:47.560	0.84251				2
2024.07.31	01:54:49.279	0.84252				2
2024.07.31	01:54:49.937		0.84254			4
2024.07.31	01:54:50.346		0.84253			4
2024.07.31	01:54:54.387		0.84254			4
2024.07.31	01:55:00.096	0.84252				2
2024.07.31	01:55:00.805	0.84253				2
2024.07.31	01:55:06.453	0.84255	0.84257			6
2024.07.31	01:55:08.329	0.84254				2
2024.07.31	01:55:08.632	0.84253				2
2024.07.31	01:55:08.943	0.84254	0.84258			6
2024.07.31	01:55:10.607		0.84257			4
2024.07.31	01:55:13.803	0.84253				2
2024.07.31	01:55:18.491		0.84256			4
2024.07.31	01:55:20.177	0.84252	0.84255			6
2024.07.31	01:55:22.919	0.84253	0.84257			6
2024.07.31	01:55:36.273	0.84254				2
2024.07.31	01:55:39.376	0.84253				2
2024.07.31	01:55:40.135	0.84255				2
2024.07.31	01:55:45.029	0.84253				2
2024.07.31	01:55:45.376	0.84255				2
2024.07.31	01:55:46.677	0.84256	0.84258			6
2024.07.31	01:55:47.684	0.84254				2
2024.07.31	01:55:52.868	0.84256				2
2024.07.31	01:55:59.416	0.84255				2
2024.07.31	01:56:00.045	0.84255				2
2024.07.31	01:56:00.383	0.84256				2
2024.07.31	01:56:02.380		0.84259			4
2024.07.31	01:56:03.379	0.84257	0.84258			6
2024.07.31	01:56:15.214	0.84256				2
2024.07.31	01:56:50.533		0.84259			4
2024.07.31	01:56:50.843		0.84258			4
2024.07.31	01:56:54.641		0.84257			4
2024.07.31	01:57:00.014	0.84256				2
2024.07.31	01:57:08.686	0.84257	0.84258			6
2024.07.31	01:57:27.143	0.84256	0.84257			6
2024.07.31	01:57:28.280	0.84257	0.84258			6
2024.07.31	01:57:30.377	0.84256	0.84257			6
2024.07.31	01:57:30.902	0.84257	0.84258			6
2024.07.31	01:57:31.923	0.84256	0.84257			6
2024.07.31	01:57:38.571	0.84255				2
2024.07.31	01:57:39.378	0.84256				2
2024.07.31	01:57:47.572	0.84255				2
2024.07.31	01:57:49.146	0.84254				2
2024.07.31	01:57:57.628	0.84255				2
2024.07.31	01:57:58.023	0.84257	0.84259			6
2024.07.31	01:57:59.209	0.84258				2
2024.07.31	01:58:00.720	0.84258				2
2024.07.31	01:58:06.025	0.84257				2
2024.07.31	01:58:09.429		0.84260			4
2024.07.31	01:58:10.910	0.84259	0.84262			6
2024.07.31	01:58:11.222	0.84260	0.84263			6
2024.07.31	01:58:11.925		0.84262			4
2024.07.31	01:58:12.294	0.84261	0.84263			6
2024.07.31	01:58:16.087		0.84264			4
2024.07.31	01:58:17.982		0.84262			4
2024.07.31	01:58:19.959		0.84263			4
2024.07.31	01:58:33.669	0.84260	0.84262			6
2024.07.31	01:58:35.891	0.84259				2
2024.07.31	01:58:36.720	0.84260	0.84263			6
2024.07.31	01:58:37.027	0.84259				2
2024.07.31	01:58:40.205		0.84262			4
2024.07.31	01:58:40.527	0.84261	0.84263			6
2024.07.31	01:58:41.231		0.84264			4
2024.07.31	01:58:43.553	0.84260	0.84263			6
2024.07.31	01:58:44.377	0.84261				2
2024.07.31	01:58:45.524	0.84260				2
2024.07.31	01:58:47.049	0.84261				2
2024.07.31	01:58:48.118	0.84260				2
2024.07.31	01:58:49.130	0.84261				2
2024.07.31	01:58:50.149	0.84260	0.84262			6
2024.07.31	01:58:53.455	0.84261				2
2024.07.31	01:59:00.391	0.84261				2
2024.07.31	01:59:09.088	0.84260				2
2024.07.31	01:59:17.385	0.84259				2
2024.07.31	01:59:37.936		0.84263			4
2024.07.31	01:59:41.981		0.84260			4
2024.07.31	01:59:50.889	0.84257	0.84258			6
2024.07.31	01:59:52.542	0.84256	0.84257			6
2024.07.31	01:59:53.267	0.84255	0.84256			6
2024.07.31	01:59:54.388		0.84257			4
2024.07.31	01:59:55.077	0.84256				2
2024.07.31	02:00:00.165	0.84256	0.84258			6
2024.07.31	02:00:00.482	0.84257				2
2024.07.31	02:00:01.070	0.84259	0.84260			6
2024.07.31	02:00:02.529	0.84258	0.84259			6
2024.07.31	02:00:03.213	0.84257	0.84258			6
2024.07.31	02:00:06.383	0.84256				2
2024.07.31	02:00:06.693	0.84257				2
2024.07.31	02:00:12.114		0.84259			4
2024.07.31	02:00:13.603	0.84258				2
2024.07.31	02:00:18.380		0.84260			4
2024.07.31	02:00:22.710	0.84256	0.84259			6
2024.07.31	02:00:23.025	0.84257	0.84260			6
2024.07.31	02:00:23.760	0.84258	0.84259			6
2024.07.31	02:00:27.212	0.84257				2
2024.07.31	02:00:33.430	0.84256	0.84258			6
2024.07.31	02:00:40.453	0.84255				2
2024.07.31	02:00:42.730	0.84256				2
2024.07.31	02:00:44.385		0.84257			4
2024.07.31	02:00:53.623	0.84257	0.84258			6
2024.07.31	02:00:54.902	0.84256				2
2024.07.31	02:00:59.778	0.84255				2
2024.07.31	02:01:00.345	0.84255				2
2024.07.31	02:01:00.852	0.84254	0.84257			6
2024.07.31	02:01:01.355	0.84255				2
2024.07.31	02:01:01.736	0.84254				2
2024.07.31	02:01:02.390	0.84255				2
2024.07.31	02:01:03.004	0.84256				2
2024.07.31	02:01:05.593	0.84255				2
2024.07.31	02:01:11.379	0.84256				2
2024.07.31	02:01:18.791	0.84254				2
2024.07.31	02:01:20.495	0.84256				2
2024.07.31	02:01:21.399	0.84257	0.84258			6
2024.07.31	02:01:23.635	0.84256	0.84257			6
2024.07.31	02:01:24.847	0.84257	0.84258			6
2024.07.31	02:01:41.851	0.84256	0.84257			6
2024.07.31	02:01:43.931	0.84257	0.84258			6
2024.07.31	02:01:44.670	0.84256	0.84257			6
2024.07.31	02:01:48.906	0.84257	0.84258			6
2024.07.31	02:01:50.589	0.84256	0.84257			6
2024.07.31	02:01:58.431	0.84257	0.84258			6
2024.07.31	02:02:00.109	0.84256	0.84257			6
2024.07.31	02:02:08.250	0.84259	0.84260			6
2024.07.31	02:02:10.002	0.84258	0.84259			6
2024.07.31	02:02:12.065		0.84260			4
2024.07.31	02:02:18.482		0.84259			4
2024.07.31	02:02:27.930		0.84260			4
2024.07.31	02:02:30.106	0.84259				2
2024.07.31	02:02:30.486	0.84260	0.84261			6
2024.07.31	02:02:30.823	0.84259	0.84260			6
2024.07.31	02:02:39.547	0.84258				2
2024.07.31	02:02:45.452	0.84257				2
2024.07.31	02:02:46.397	0.84256	0.84259			6
2024.07.31	02:02:49.809		0.84258			4
2024.07.31	02:02:51.610	0.84254				2
2024.07.31	02:02:52.850	0.84257				2
2024.07.31	02:02:56.632		0.84259			4
2024.07.31	02:02:57.304	0.84256	0.84257			6
2024.07.31	02:02:57.995		0.84258			4
2024.07.31	02:02:58.390	0.84257				2
2024.07.31	02:02:59.368	0.84254				2
2024.07.31	02:03:00.080	0.84254				2
2024.07.31	02:03:01.336	0.84255				2
2024.07.31	02:03:10.643		0.84257			4
2024.07.31	02:03:12.386	0.84257	0.84258			6
2024.07.31	02:03:15.161	0.84256				2
2024.07.31	02:03:17.391		0.84257			4
2024.07.31	02:03:19.388	0.84257	0.84258			6
2024.07.31	02:03:24.774	0.84255	0.84257			6
2024.07.31	02:03:26.375		0.84258			4
2024.07.31	02:03:30.858	0.84256				2
2024.07.31	02:03:31.421	0.84254	0.84256			6
2024.07.31	02:03:33.045	0.84253				2
2024.07.31	02:03:43.020		0.84255			4
2024.07.31	02:03:45.366		0.84256			4
2024.07.31	02:04:00.890	0.84253				2
2024.07.31	02:04:01.269		0.84255			4
2024.07.31	02:04:05.968	0.84254				2
2024.07.31	02:04:06.754		0.84256			4
2024.07.31	02:04:12.947	0.84255				2
2024.07.31	02:04:13.249	0.84254				2
2024.07.31	02:04:15.886		0.84257			4
2024.07.31	02:04:21.818	0.84253				2
2024.07.31	02:04:23.060	0.84254				2
2024.07.31	02:04:36.376	0.84253				2
2024.07.31	02:04:40.893	0.84254				2
2024.07.31	02:04:41.287	0.84253				2
2024.07.31	02:04:45.664	0.84254				2
2024.07.31	02:04:46.322	0.84255				2
2024.07.31	02:04:51.772	0.84254				2
2024.07.31	02:05:00.025	0.84254				2
2024.07.31	02:05:08.036		0.84256			4
2024.07.31	02:05:08.877		0.84255			4
2024.07.31	02:05:10.676	0.84253	0.84256			6
2024.07.31	02:05:14.384	0.84255				2
2024.07.31	02:05:18.347	0.84253				2
2024.07.31	02:05:23.029	0.84254				2
2024.07.31	02:05:23.814	0.84255				2
2024.07.31	02:05:24.451	0.84254				2
2024.07.31	02:05:28.976	0.84253				2
2024.07.31	02:05:30.968	0.84254	0.84257			6
2024.07.31	02:05:34.987	0.84255				2
2024.07.31	02:05:36.834		0.84256			4
2024.07.31	02:05:37.856	0.84256	0.84257			6
2024.07.31	02:05:40.411	0.84255	0.84256			6
2024.07.31	02:05:42.879	0.84253				2
2024.07.31	02:05:43.403		0.84255			4
2024.07.31	02:05:48.767	0.84254				2
2024.07.31	02:05:50.145	0.84255	0.84256			6
2024.07.31	02:05:50.620	0.84254	0.84255			6
2024.07.31	02:06:01.193	0.84254				2
2024.07.31	02:06:07.775		0.84256			4
2024.07.31	02:06:17.331	0.84253	0.84255			6
2024.07.31	02:06:17.672	0.84254				2
2024.07.31	02:06:25.186	0.84253	0.84256			6
2024.07.31	02:06:50.612	0.84255				2
2024.07.31	02:07:00.223	0.84255				2
2024.07.31	02:07:04.895	0.84256	0.84257			6
2024.07.31	02:07:07.966	0.84255	0.84256			6
2024.07.31	02:07:08.328	0.84256	0.84257			6
2024.07.31	02:07:12.504	0.84255	0.84256			6
2024.07.31	02:07:24.166	0.84254				2
2024.07.31	02:07:24.518	0.84255				2
2024.07.31	02:07:25.813	0.84256	0.84257			6
2024.07.31	02:07:32.607	0.84257	0.84258			6
2024.07.31	02:07:36.176	0.84256	0.84257			6
2024.07.31	02:07:36.482	0.84255	0.84256			6
2024.07.31	02:07:41.416	0.84256	0.84257			6
2024.07.31	02:07:52.368	0.84252	0.84253			6
2024.07.31	02:07:52.683	0.84253	0.84254			6
2024.07.31	02:08:01.590	0.84252	0.84253			6
2024.07.31	02:08:02.181	0.84253	0.84254			6
2024.07.31	02:08:07.828	0.84251	0.84252			6
2024.07.31	02:08:12.767	0.84252	0.84253			6
2024.07.31	02:08:26.885	0.84254	0.84255			6
2024.07.31	02:08:34.169	0.84255	0.84256			6
2024.07.31	02:08:36.343	0.84254	0.84255			6
2024.07.31	02:08:40.492	0.84253	0.84254			6
2024.07.31	02:09:00.355	0.84253				2
2024.07.31	02:09:22.033	0.84254	0.84255			6
2024.07.31	02:09:22.926	0.84253	0.84254			6
2024.07.31	02:09:27.068		0.84255			4
2024.07.31	02:09:37.479	0.84254				2
2024.07.31	02:09:38.651	0.84253				2
2024.07.31	02:09:40.685		0.84254			4
2024.07.31	02:09:41.006	0.84254	0.84255			6
2024.07.31	02:09:55.483	0.84253	0.84254			6
2024.07.31	02:10:00.079	0.84253				2
2024.07.31	02:10:05.147	0.84254	0.84255			6
2024.07.31	02:10:20.696	0.84253	0.84254			6
2024.07.31	02:10:22.381	0.84254	0.84255			6
2024.07.31	02:10:25.342	0.84253	0.84254			6
2024.07.31	02:10:25.694	0.84254	0.84255			6
2024.07.31	02:10:27.804	0.84253	0.84254			6
2024.07.31	02:10:28.265		0.84255			4
2024.07.31	02:10:29.381		0.84254			4
2024.07.31	02:10:31.541		0.84255			4
2024.07.31	02:10:31.875	0.84254				2
2024.07.31	02:11:00.247	0.84254				2
2024.07.31	02:11:05.824	0.84253	0.84254			6
2024.07.31	02:11:22.810		0.84255			4
2024.07.31	02:11:23.571		0.84254			4
2024.07.31	02:11:27.734		0.84255			4
2024.07.31	02:11:37.479	0.84254				2
2024.07.31	02:11:45.549	0.84253				2
2024.07.31	02:11:48.786	0.84252	0.84254			6
2024.07.31	02:12:00.063	0.84252				2
2024.07.31	02:12:04.730	0.84253				2
2024.07.31	02:12:05.036	0.84252				2
2024.07.31	02:12:17.629	0.84254	0.84255			6
2024.07.31	02:12:27.806	0.84253				2
2024.07.31	02:12:32.676	0.84252	0.84254			6
2024.07.31	02:12:36.630		0.84255			4
2024.07.31	02:12:37.040		0.84254			4
2024.07.31	02:12:42.880	0.84253				2
2024.07.31	02:12:47.319	0.84252	0.84253			6
2024.07.31	02:12:50.281	0.84253	0.84254			6
2024.07.31	02:12:57.986	0.84252	0.84253			6
2024.07.31	02:13:00.048	0.84252				2
2024.07.31	02:13:00.683	0.84250	0.84251			6
2024.07.31	02:13:01.009		0.84253			4
2024.07.31	02:13:01.356	0.84249				2
2024.07.31	02:13:07.702		0.84251			4
2024.07.31	02:13:10.443		0.84250			4
2024.07.31	02:13:13.316	0.84248	0.84249			6
2024.07.31	02:13:16.806		0.84250			4
2024.07.31	02:13:17.118		0.84249			4
2024.07.31	02:13:27.780	0.84249	0.84250			6
2024.07.31	02:13:33.058	0.84248	0.84249			6
2024.07.31	02:13:35.477	0.84249	0.84250			6
2024.07.31	02:13:36.989	0.84248	0.84249			6
2024.07.31	02:13:38.048	0.84247	0.84248			6
2024.07.31	02:13:38.353		0.84249			4
2024.07.31	02:13:40.106	0.84248				2
2024.07.31	02:13:40.432	0.84247				2
2024.07.31	02:13:54.969		0.84248			4
2024.07.31	02:14:00.089	0.84247				2
2024.07.31	02:14:09.888		0.84249			4
2024.07.31	02:14:10.213	0.84246				2
2024.07.31	02:14:14.531		0.84248			4
2024.07.31	02:14:15.454		0.84249			4
2024.07.31	02:14:16.159		0.84248			4
2024.07.31	02:14:16.465	0.84247				2
2024.07.31	02:14:38.206		0.84249			4
2024.07.31	02:14:38.595	0.84248				2
2024.07.31	02:14:40.326	0.84247	0.84248			6
2024.07.31	02:14:42.073	0.84248	0.84249			6
2024.07.31	02:14:50.825	0.84247				2
2024.07.31	02:15:00.461	0.84247				2
2024.07.31	02:15:02.389	0.84248				2
2024.07.31	02:15:04.172	0.84247				2
2024.07.31	02:15:15.430	0.84248				2
2024.07.31	02:15:19.442	0.84247				2
2024.07.31	02:15:42.488		0.84249			4
2024.07.31	02:15:43.421		0.84248			4
2024.07.31	02:15:46.199		0.84249			4
2024.07.31	02:15:49.056	0.84248				2
2024.07.31	02:15:49.471	0.84247				2
2024.07.31	02:15:49.777	0.84248				2
2024.07.31	02:16:00.199	0.84248				2
2024.07.31	02:16:20.438	0.84247				2
2024.07.31	02:16:20.860	0.84248				2
2024.07.31	02:16:22.821	0.84250	0.84251			6
2024.07.31	02:16:27.951	0.84248	0.84249			6
2024.07.31	02:16:28.391	0.84249	0.84250			6
2024.07.31	02:16:30.634	0.84248	0.84249			6
2024.07.31	02:16:30.962	0.84249	0.84250			6
2024.07.31	02:16:32.952	0.84250	0.84251			6
2024.07.31	02:16:36.655	0.84248	0.84249			6
2024.07.31	02:16:38.345	0.84247				2
2024.07.31	02:16:41.754		0.84248			4
2024.07.31	02:16:45.612	0.84246				2
2024.07.31	02:16:46.815	0.84244	0.84247			6
2024.07.31	02:16:47.213	0.84243				2
2024.07.31	02:16:47.518	0.84245				2
2024.07.31	02:16:48.343	0.84246				2
2024.07.31	02:16:49.801	0.84245	0.84246			6
2024.07.31	02:16:50.248	0.84246	0.84247			6
2024.07.31	02:16:50.629	0.84245	0.84246			6
2024.07.31	02:16:55.630	0.84246	0.84247			6
2024.07.31	02:17:00.233	0.84246				2
2024.07.31	02:17:05.598	0.84244	0.84245			6
2024.07.31	02:17:06.396		0.84246			4
2024.07.31	02:17:08.603		0.84245			4
2024.07.31	02:17:16.222	0.84245	0.84246			6
2024.07.31	02:17:16.707	0.84244	0.84245			6
2024.07.31	02:17:35.245	0.84243	0.84244			6
2024.07.31	02:17:45.313	0.84244	0.84245			6
2024.07.31	02:18:00.436	0.84243	0.84244			6
2024.07.31	02:18:22.340	0.84244	0.84245			6
2024.07.31	02:18:29.624	0.84243	0.84244			6
2024.07.31	02:18:32.742	0.84244	0.84245			6
2024.07.31	02:18:42.321	0.84243	0.84244			6
2024.07.31	02:19:05.850	0.84243				2
2024.07.31	02:19:07.840	0.84242	0.84243			6
2024.07.31	02:19:12.786	0.84240	0.84242			6
2024.07.31	02:19:17.935	0.84238				2
2024.07.31	02:19:20.568		0.84240			4
2024.07.31	02:19:26.709	0.84237				2
2024.07.31	02:19:28.417	0.84238				2
2024.07.31	02:19:29.540	0.84237				2
2024.07.31	02:19:29.972	0.84238				2
2024.07.31	02:19:30.476	0.84237	0.84241			6
2024.07.31	02:19:31.490	0.84238				2
2024.07.31	02:19:31.821	0.84237				2
2024.07.31	02:19:33.170	0.84238				2
2024.07.31	02:19:38.903	0.84239				2
2024.07.31	02:19:40.481	0.84237	0.84242			6
2024.07.31	02:19:41.111	0.84238	0.84241			6
2024.07.31	02:19:44.521	0.84237				2
2024.07.31	02:19:51.108		0.84240			4
2024.07.31	02:19:53.731		0.84241			4
2024.07.31	02:20:00.862	0.84237				2
2024.07.31	02:20:05.526		0.84240			4
2024.07.31	02:20:14.880		0.84241			4
2024.07.31	02:20:16.980	0.84238				2
2024.07.31	02:20:17.525	0.84239				2
2024.07.31	02:20:22.837	0.84237				2
2024.07.31	02:20:25.386	0.84238				2
2024.07.31	02:20:29.015	0.84239				2
2024.07.31	02:20:29.378		0.84242			4
2024.07.31	02:20:32.985	0.84238				2
2024.07.31	02:20:33.296	0.84239				2
2024.07.31	02:20:33.692	0.84238	0.84241			6
2024.07.31	02:20:34.904	0.84237				2
2024.07.31	02:20:35.395	0.84238				2
2024.07.31	02:20:38.778		0.84242			4
2024.07.31	02:20:46.980	0.84239	0.84241			6
2024.07.31	02:20:48.527	0.84238				2
2024.07.31	02:20:52.387		0.84242			4
2024.07.31	02:20:57.354	0.84240				2
2024.07.31	02:21:00.680	0.84240				2
2024.07.31	02:21:07.866		0.84241			4
2024.07.31	02:21:23.758	0.84239				2
2024.07.31	02:21:31.019	0.84240	0.84242			6
2024.07.31	02:21:57.694	0.84241	0.84243			6
2024.07.31	02:21:58.348	0.84242				2
2024.07.31	02:22:01.090	0.84242				2
2024.07.31	02:22:02.589	0.84240				2
2024.07.31	02:22:02.957		0.84242			4
2024.07.31	02:22:11.332		0.84243			4
2024.07.31	02:22:16.092	0.84241	0.84242			6
2024.07.31	02:22:16.395		0.84244			4
2024.07.31	02:22:24.071		0.84243			4
2024.07.31	02:22:54.634	0.84243	0.84244			6
2024.07.31	02:22:54.945	0.84242	0.84243			6
2024.07.31	02:22:59.033	0.84241				2
2024.07.31	02:23:00.115	0.84241				2
2024.07.31	02:23:20.493		0.84242			4
2024.07.31	02:23:26.661	0.84240				2
2024.07.31	02:23:29.387	0.84241				2
2024.07.31	02:23:33.637	0.84239	0.84243			6
2024.07.31	02:23:33.942		0.84242			4
2024.07.31	02:23:34.377	0.84240				2
2024.07.31	02:23:40.392		0.84243			4
2024.07.31	02:23:50.506		0.84242			4
2024.07.31	02:23:52.136	0.84239				2
2024.07.31	02:23:54.168	0.84238				2
2024.07.31	02:23:54.656	0.84237				2
2024.07.31	02:23:56.209	0.84238				2
2024.07.31	02:24:00.327	0.84238				2
2024.07.31	02:24:01.426	0.84237				2
2024.07.31	02:24:13.983	0.84238				2
2024.07.31	02:24:16.002	0.84239				2
2024.07.31	02:24:17.525	0.84238				2
2024.07.31	02:24:18.006	0.84239				2
2024.07.31	02:24:22.835	0.84240				2
2024.07.31	02:24:24.829	0.84237	0.84239			6
2024.07.31	02:24:25.143	0.84238				2
2024.07.31	02:25:00.318	0.84238				2
2024.07.31	02:25:05.466	0.84239	0.84240			6
2024.07.31	02:25:16.388	0.84241	0.84242			6
2024.07.31	02:25:22.316	0.84242	0.84243			6
2024.07.31	02:25:23.588	0.84241	0.84242			6
2024.07.31	02:25:23.916		0.84243			4
2024.07.31	02:25:24.787	0.84242				2
2024.07.31	02:25:27.370	0.84241	0.84242			6
2024.07.31	02:25:27.682	0.84242	0.84243			6
2024.07.31	02:25:42.498	0.84243	0.84244			6
2024.07.31	02:25:43.157	0.84244	0.84245			6
2024.07.31	02:25:45.111	0.84243	0.84244			6
2024.07.31	02:25:46.199	0.84240				2
2024.07.31	02:25:46.508		0.84243			4
2024.07.31	02:25:47.682	0.84239	0.84242			6
2024.07.31	02:25:50.663	0.84238				2
2024.07.31	02:25:53.310	0.84242	0.84243			6
2024.07.31	02:25:53.759	0.84241				2
2024.07.31	02:25:54.077		0.84242			4
2024.07.31	02:25:55.972	0.84240				2
2024.07.31	02:25:56.282		0.84243			4
2024.07.31	02:25:57.389	0.84241	0.84242			6
2024.07.31	02:25:57.994	0.84242	0.84243			6
2024.07.31	02:25:59.643	0.84241	0.84242			6
2024.07.31	02:26:00.260	0.84241				2
2024.07.31	02:26:01.602		0.84243			4
2024.07.31	02:26:03.235		0.84242			4
2024.07.31	02:26:03.620	0.84243	0.84244			6
2024.07.31	02:26:20.235	0.84242	0.84243			6
2024.07.31	02:26:21.483	0.84243	0.84244			6
2024.07.31	02:26:42.766	0.84242	0.84243			6
2024.07.31	02:26:53.486	0.84243	0.84244			6
2024.07.31	02:26:54.406	0.84242	0.84243			6
2024.07.31	02:26:57.342	0.84243	0.84244			6
2024.07.31	02:26:59.417	0.84242	0.84243			6
2024.07.31	02:27:00.137	0.84242				2
2024.07.31	02:27:02.679	0.84243	0.84244			6
2024.07.31	02:27:06.606	0.84242	0.84243			6
2024.07.31	02:27:13.367	0.84241	0.84244			6
2024.07.31	02:27:13.680		0.84243			4
2024.07.31	02:27:14.012	0.84243	0.84244			6
2024.07.31	02:27:22.610	0.84240	0.84243			6
2024.07.31	02:27:25.514		0.84241			4
2024.07.31	02:27:35.788	0.84241	0.84242			6
2024.07.31	02:27:36.343	0.84242	0.84243			6
2024.07.31	02:28:02.033	0.84242				2
2024.07.31	02:28:02.930	0.84241	0.84242			6
2024.07.31	02:28:04.237	0.84242	0.84243			6
2024.07.31	02:28:05.237	0.84241	0.84242			6
2024.07.31	02:28:09.074		0.84243			4
2024.07.31	02:28:12.833	0.84245	0.84246			6
2024.07.31	02:28:13.511	0.84246	0.84247			6
2024.07.31	02:28:14.340	0.84245	0.84246			6
2024.07.31	02:28:31.696	0.84244	0.84245			6
2024.07.31	02:28:32.087	0.84245	0.84246			6
2024.07.31	02:28:33.323	0.84244	0.84245			6
2024.07.31	02:28:40.802	0.84242	0.84243			6
2024.07.31	02:28:41.772	0.84240	0.84242			6
2024.07.31	02:28:44.071	0.84241	0.84243			6
2024.07.31	02:28:46.733		0.84242			4
2024.07.31	02:28:48.946		0.84243			4
2024.07.31	02:28:52.490	0.84242				2
2024.07.31	02:28:58.905	0.84241				2
2024.07.31	02:29:00.084	0.84241				2
2024.07.31	02:29:03.137		0.84242			4
2024.07.31	02:29:05.325	0.84242	0.84243			6
2024.07.31	02:29:10.889	0.84241	0.84242			6
2024.07.31	02:29:21.033	0.84242	0.84243			6
2024.07.31	02:29:38.081	0.84241	0.84242			6
2024.07.31	02:29:38.558	0.84242	0.84243			6
2024.07.31	02:29:44.412	0.84241	0.84242			6
2024.07.31	02:29:47.706	0.84242	0.84243			6
2024.07.31	02:29:51.709	0.84241	0.84242			6
2024.07.31	02:29:52.026	0.84242	0.84243			6
2024.07.31	02:30:00.590	0.84242				2
2024.07.31	02:30:05.174	0.84241				2
2024.07.31	02:30:05.484	0.84242				2
2024.07.31	02:30:05.982	0.84243	0.84244			6
2024.07.31	02:30:10.227	0.84241	0.84242			6
2024.07.31	02:30:10.570	0.84242	0.84243			6
2024.07.31	02:30:19.372	0.84240	0.84241			6
2024.07.31	02:30:19.677		0.84242			4
2024.07.31	02:30:25.307		0.84241			4
2024.07.31	02:30:39.504	0.84239	0.84240			6
2024.07.31	02:30:41.993	0.84238	0.84239			6
2024.07.31	02:30:49.385	0.84237	0.84238			6
2024.07.31	02:31:00.193	0.84237				2
2024.07.31	02:31:08.821	0.84238	0.84239			6
2024.07.31	02:31:10.071	0.84236	0.84238			6
2024.07.31	02:31:10.385	0.84235	0.84237			6
2024.07.31	02:31:17.578	0.84236				2
2024.07.31	02:31:18.994	0.84234	0.84236			6
2024.07.31	02:31:20.074	0.84233				2
2024.07.31	02:31:20.870	0.84234	0.84235			6
2024.07.31	02:31:21.187		0.84236			4
2024.07.31	02:31:24.397		0.84235			4
2024.07.31	02:31:30.085		0.84236			4
2024.07.31	02:31:37.731	0.84235				2
2024.07.31	02:31:38.974	0.84233	0.84234			6
2024.07.31	02:31:39.517	0.84232				2
2024.07.31	02:31:43.355	0.84233				2
2024.07.31	02:31:49.949	0.84234	0.84235			6
2024.07.31	02:31:50.508	0.84232				2
2024.07.31	02:31:53.760	0.84235	0.84236			6
2024.07.31	02:31:54.176	0.84234				2
2024.07.31	02:31:54.607	0.84233				2
2024.07.31	02:31:55.088	0.84234				2
2024.07.31	02:31:55.406	0.84233	0.84235			6
2024.07.31	02:32:01.151	0.84233				2
2024.07.31	02:32:07.822		0.84234			4
2024.07.31	02:32:08.142	0.84235	0.84236			6
2024.07.31	02:32:08.819	0.84234	0.84235			6
2024.07.31	02:32:10.368	0.84235	0.84236			6
2024.07.31	02:32:20.349		0.84237			4
2024.07.31	02:32:21.876		0.84236			4
2024.07.31	02:32:25.726		0.84237			4
2024.07.31	02:32:27.045	0.84233				2
2024.07.31	02:32:27.348	0.84238	0.84239			6
2024.07.31	02:32:27.686	0.84237	0.84238			6
2024.07.31	02:32:31.368	0.84238	0.84239			6
2024.07.31	02:32:35.420	0.84239	0.84240			6
2024.07.31	02:32:38.530	0.84238	0.84239			6
2024.07.31	02:32:48.491	0.84239	0.84240			6
2024.07.31	02:32:48.985	0.84238	0.84239			6
2024.07.31	02:33:00.011	0.84238				2
2024.07.31	02:33:02.388	0.84239	0.84240			6
2024.07.31	02:33:04.914	0.84238	0.84239			6
2024.07.31	02:33:08.124	0.84239	0.84240			6
2024.07.31	02:33:14.866	0.84238	0.84239			6
2024.07.31	02:33:17.731	0.84239	0.84240			6
2024.07.31	02:33:18.992	0.84238	0.84239			6
2024.07.31	02:33:22.933	0.84239	0.84240			6
2024.07.31	02:33:24.429	0.84238	0.84239			6
2024.07.31	02:34:00.800	0.84238				2
2024.07.31	02:34:09.066	0.84237	0.84238			6
2024.07.31	02:34:11.932	0.84236	0.84237			6
2024.07.31	02:34:14.945	0.84238	0.84239			6
2024.07.31	02:34:32.729	0.84239	0.84240			6
2024.07.31	02:34:33.038	0.84238	0.84239			6
2024.07.31	02:34:36.773	0.84239	0.84240			6
2024.07.31	02:35:00.197	0.84239				2
2024.07.31	02:35:04.043	0.84238	0.84239			6
2024.07.31	02:36:00.233	0.84238				2
2024.07.31	02:36:05.635		0.84239			4
2024.07.31	02:36:15.292	0.84239	0.84240			6
2024.07.31	02:36:18.253	0.84238	0.84239			6
2024.07.31	02:36:40.031	0.84239	0.84240			6
2024.07.31	02:36:42.055	0.84238	0.84239			6
2024.07.31	02:36:42.362	0.84237	0.84238			6
2024.07.31	02:36:42.667	0.84238	0.84239			6
2024.07.31	02:36:54.071	0.84237	0.84238			6
2024.07.31	02:36:57.253	0.84235	0.84236			6
2024.07.31	02:37:05.022	0.84235				2
2024.07.31	02:37:19.283	0.84234	0.84235			6
2024.07.31	02:37:24.065		0.84236			4
2024.07.31	02:37:29.566		0.84235			4
2024.07.31	02:37:38.879		0.84236			4
2024.07.31	02:37:39.375	0.84235				2
2024.07.31	02:37:39.683	0.84236	0.84237			6
2024.07.31	02:37:41.066	0.84235	0.84236			6
2024.07.31	02:38:00.046	0.84235				2
2024.07.31	02:38:07.379	0.84234	0.84235			6
2024.07.31	02:38:07.733		0.84236			4
2024.07.31	02:38:08.509	0.84233	0.84235			6
2024.07.31	02:38:14.130	0.84237	0.84238			6
2024.07.31	02:38:18.863	0.84238	0.84239			6
2024.07.31	02:38:40.143	0.84239	0.84240			6
2024.07.31	02:38:43.108	0.84238	0.84239			6
2024.07.31	02:38:47.308	0.84237	0.84238			6
2024.07.31	02:38:51.651	0.84236				2
2024.07.31	02:38:52.596	0.84237				2
2024.07.31	02:38:53.036	0.84236	0.84237			6
2024.07.31	02:38:53.910	0.84237	0.84238			6
2024.07.31	02:39:00.145	0.84237				2
2024.07.31	02:39:00.793	0.84238	0.84239			6
2024.07.31	02:39:03.370	0.84237	0.84238			6
2024.07.31	02:39:12.437	0.84238	0.84239			6
2024.07.31	02:39:19.514	0.84240	0.84241			6
2024.07.31	02:39:30.050	0.84238	0.84239			6
2024.07.31	02:39:35.931	0.84239	0.84240			6
2024.07.31	02:39:45.710	0.84238	0.84239			6
2024.07.31	02:39:48.435	0.84239	0.84240			6
2024.07.31	02:39:54.491	0.84238	0.84239			6
2024.07.31	02:40:00.483	0.84238				2
2024.07.31	02:40:15.207	0.84239	0.84240			6
2024.07.31	02:40:21.962	0.84238	0.84239			6
2024.07.31	02:40:26.468	0.84237	0.84238			6
2024.07.31	02:40:29.730	0.84238	0.84239			6
2024.07.31	02:40:32.345	0.84239	0.84240			6
2024.07.31	02:40:33.812	0.84238	0.84239			6
2024.07.31	02:40:35.805	0.84239	0.84240			6
2024.07.31	02:40:37.219	0.84238	0.84239			6
2024.07.31	02:40:37.520	0.84239	0.84240			6
2024.07.31	02:41:01.214	0.84239				2
2024.07.31	02:41:03.342	0.84240	0.84241			6
2024.07.31	02:41:05.537	0.84239	0.84240			6
2024.07.31	02:41:19.527	0.84238	0.84239			6
2024.07.31	02:41:32.744	0.84239	0.84240			6
2024.07.31	02:41:42.185	0.84240	0.84241			6
2024.07.31	02:41:44.218	0.84239	0.84240			6
2024.07.31	02:41:48.336	0.84240	0.84241			6
2024.07.31	02:41:52.825	0.84239	0.84240			6
2024.07.31	02:42:00.255	0.84239				2
2024.07.31	02:42:13.345	0.84240	0.84241			6
2024.07.31	02:42:45.524	0.84239	0.84240			6
2024.07.31	02:42:54.346	0.84240	0.84241			6
2024.07.31	02:43:00.028	0.84240				2
2024.07.31	02:43:09.999	0.84241	0.84242			6
2024.07.31	02:43:11.497	0.84240	0.84241			6
2024.07.31	02:43:20.588	0.84241	0.84242			6
2024.07.31	02:43:23.530	0.84240	0.84241			6
2024.07.31	02:43:32.669	0.84241	0.84242			6
2024.07.31	02:43:45.002	0.84240	0.84241			6
2024.07.31	02:43:50.368	0.84242	0.84243			6
2024.07.31	02:43:57.598	0.84239	0.84240			6
2024.07.31	02:43:58.825	0.84240	0.84241			6
2024.07.31	02:44:00.430	0.84242	0.84243			6
2024.07.31	02:45:00.070	0.84242				2
2024.07.31	02:45:00.441		0.84243			4
2024.07.31	02:45:00.930	0.84244	0.84245			6
2024.07.31	02:45:12.378	0.84243	0.84244			6
2024.07.31	02:45:23.519	0.84247	0.84248			6
2024.07.31	02:45:24.182	0.84248	0.84249			6
2024.07.31	02:45:32.698	0.84247	0.84248			6
2024.07.31	02:45:38.649	0.84248	0.84249			6
2024.07.31	02:45:57.546	0.84247				2
2024.07.31	02:45:58.848	0.84248				2
