<DATE>	<TIME>	<BID>	<ASK>	<LAST>	<VOLUME>	<FLAGS>
2024.11.20	00:00:00.411	0.83509	0.83713			6
2024.11.20	00:00:01.010	0.83456	0.83631			6
2024.11.20	00:00:17.860	0.83463				2
2024.11.20	00:00:31.591	0.83464	0.83632			6
2024.11.20	00:00:45.233	0.83466				2
2024.11.20	00:00:58.248	0.83474				2
2024.11.20	00:00:58.912	0.83469				2
2024.11.20	00:00:59.784	0.83465				2
2024.11.20	00:01:01.186	0.83460				2
2024.11.20	00:01:19.246	0.83446				2
2024.11.20	00:01:27.728	0.83433				2
2024.11.20	00:01:50.507		0.83632			4
2024.11.20	00:02:11.723	0.83433				2
2024.11.20	00:03:00.483	0.83433	0.83632			6
2024.11.20	00:04:00.478	0.83433				2
2024.11.20	00:04:04.752		0.83632			4
2024.11.20	00:05:00.583	0.83433				2
2024.11.20	00:05:00.936	0.83435				2
2024.11.20	00:05:05.797		0.83632			4
2024.11.20	00:05:08.677	0.83442				2
2024.11.20	00:05:10.719	0.83444				2
2024.11.20	00:05:12.362	0.83450				2
2024.11.20	00:05:15.779	0.83458				2
2024.11.20	00:05:16.585	0.83457				2
2024.11.20	00:05:21.602	0.83458				2
2024.11.20	00:05:26.258	0.83457				2
2024.11.20	00:05:30.815	0.83456	0.83622			6
2024.11.20	00:05:31.137	0.83458				2
2024.11.20	00:05:32.403	0.83455				2
2024.11.20	00:05:35.444	0.83461				2
2024.11.20	00:05:35.751	0.83462				2
2024.11.20	00:05:36.717	0.83463				2
2024.11.20	00:05:42.397	0.83465				2
2024.11.20	00:05:46.259	0.83464				2
2024.11.20	00:05:47.217	0.83463				2
2024.11.20	00:05:51.860	0.83465				2
2024.11.20	00:05:56.501	0.83466				2
2024.11.20	00:05:57.195	0.83465				2
2024.11.20	00:06:01.556	0.83466				2
2024.11.20	00:06:02.626	0.83464				2
2024.11.20	00:06:06.773	0.83463				2
2024.11.20	00:06:07.647	0.83465				2
2024.11.20	00:06:08.986	0.83464				2
2024.11.20	00:06:12.688	0.83467				2
2024.11.20	00:06:15.744	0.83472				2
2024.11.20	00:06:22.901	0.83473				2
2024.11.20	00:06:26.114	0.83481				2
2024.11.20	00:06:31.694	0.83476	0.83622			6
2024.11.20	00:06:33.105	0.83477				2
2024.11.20	00:06:34.373	0.83478				2
2024.11.20	00:06:43.340	0.83479				2
2024.11.20	00:06:46.373	0.83480				2
2024.11.20	00:06:49.308	0.83474				2
2024.11.20	00:06:53.538	0.83473				2
2024.11.20	00:07:00.669	0.83480				2
2024.11.20	00:07:01.701	0.83473				2
2024.11.20	00:07:02.358	0.83477				2
2024.11.20	00:07:12.360	0.83479				2
2024.11.20	00:07:13.616	0.83480				2
2024.11.20	00:07:24.163	0.83487				2
2024.11.20	00:07:25.737	0.83483				2
2024.11.20	00:07:34.382	0.83486	0.83622			6
2024.11.20	00:07:41.501	0.83483				2
2024.11.20	00:07:44.651	0.83482				2
2024.11.20	00:07:45.327	0.83488				2
2024.11.20	00:07:45.731	0.83492				2
2024.11.20	00:07:46.519	0.83481				2
2024.11.20	00:07:54.799	0.83482				2
2024.11.20	00:07:57.641	0.83476				2
2024.11.20	00:08:04.798	0.83487				2
2024.11.20	00:08:12.372	0.83488				2
2024.11.20	00:08:12.813	0.83480				2
2024.11.20	00:08:13.170	0.83486				2
2024.11.20	00:08:15.015	0.83492				2
2024.11.20	00:08:18.093	0.83490				2
2024.11.20	00:08:23.640	0.83480				2
2024.11.20	00:08:24.920	0.83483				2
2024.11.20	00:08:26.358	0.83487				2
2024.11.20	00:08:28.359	0.83488				2
2024.11.20	00:08:30.810	0.83486				2
2024.11.20	00:08:35.435	0.83491	0.83622			6
2024.11.20	00:08:38.764	0.83493				2
2024.11.20	00:08:40.322	0.83492				2
2024.11.20	00:08:45.621	0.83489				2
2024.11.20	00:08:48.461	0.83490				2
2024.11.20	00:08:53.029	0.83488				2
2024.11.20	00:09:01.701	0.83488				2
2024.11.20	00:09:02.865	0.83489				2
2024.11.20	00:09:07.513	0.83488				2
2024.11.20	00:09:13.001	0.83489				2
2024.11.20	00:09:23.799	0.83475				2
2024.11.20	00:09:24.849	0.83490				2
2024.11.20	00:09:26.303	0.83483				2
2024.11.20	00:09:36.504	0.83479	0.83622			6
2024.11.20	00:10:00.399	0.83521	0.83603			6
2024.11.20	00:10:01.636		0.83602			4
2024.11.20	00:10:03.939		0.83603			4
2024.11.20	00:10:06.970	0.83520	0.83609			6
2024.11.20	00:10:07.750		0.83607			4
2024.11.20	00:10:17.348		0.83604			4
2024.11.20	00:10:20.658	0.83521	0.83607			6
2024.11.20	00:10:20.966		0.83608			4
2024.11.20	00:10:21.668		0.83604			4
2024.11.20	00:10:21.992		0.83609			4
2024.11.20	00:10:25.801		0.83607			4
2024.11.20	00:10:27.860		0.83605			4
2024.11.20	00:10:30.850		0.83611			4
2024.11.20	00:10:31.168		0.83609			4
2024.11.20	00:10:32.013		0.83611			4
2024.11.20	00:10:35.978		0.83608			4
2024.11.20	00:10:37.357	0.83520				2
2024.11.20	00:10:40.034	0.83521	0.83606			6
2024.11.20	00:10:40.644	0.83520	0.83608			6
2024.11.20	00:10:41.050		0.83607			4
2024.11.20	00:10:42.254		0.83606			4
2024.11.20	00:10:43.365	0.83522				2
2024.11.20	00:10:45.910	0.83523	0.83607			6
2024.11.20	00:10:48.524		0.83603			4
2024.11.20	00:10:50.722	0.83524	0.83602			6
2024.11.20	00:10:51.860		0.83610			4
2024.11.20	00:10:54.337		0.83609			4
2024.11.20	00:10:54.650	0.83523				2
2024.11.20	00:10:57.363		0.83608			4
2024.11.20	00:11:00.473	0.83523				2
2024.11.20	00:11:03.654		0.83607			4
2024.11.20	00:11:04.435	0.83524				2
2024.11.20	00:11:04.753		0.83604			4
2024.11.20	00:11:23.103		0.83603			4
2024.11.20	00:11:24.174	0.83525	0.83606			6
2024.11.20	00:11:26.976		0.83602			4
2024.11.20	00:11:28.598	0.83524	0.83603			6
2024.11.20	00:11:33.270		0.83601			4
2024.11.20	00:11:38.816		0.83600			4
2024.11.20	00:11:39.248		0.83599			4
2024.11.20	00:11:41.781		0.83600			4
2024.11.20	00:11:49.343		0.83599			4
2024.11.20	00:11:51.385	0.83523	0.83598			6
2024.11.20	00:11:51.861	0.83524	0.83600			6
2024.11.20	00:11:52.993		0.83601			4
2024.11.20	00:11:56.696		0.83599			4
2024.11.20	00:11:59.239	0.83521	0.83596			6
2024.11.20	00:12:00.387	0.83520	0.83595			6
2024.11.20	00:12:03.251	0.83521	0.83596			6
2024.11.20	00:12:05.000	0.83523	0.83598			6
2024.11.20	00:12:07.138	0.83524	0.83599			6
2024.11.20	00:12:08.659	0.83526	0.83609			6
2024.11.20	00:12:10.452		0.83611			4
2024.11.20	00:12:11.049		0.83610			4
2024.11.20	00:12:11.884		0.83609			4
2024.11.20	00:12:13.644		0.83605			4
2024.11.20	00:12:14.049		0.83607			4
2024.11.20	00:12:15.891	0.83527	0.83605			6
2024.11.20	00:12:16.728	0.83526	0.83606			6
2024.11.20	00:12:17.732		0.83608			4
2024.11.20	00:12:19.153		0.83611			4
2024.11.20	00:12:20.352		0.83613			4
2024.11.20	00:12:20.950		0.83616			4
2024.11.20	00:12:22.052	0.83527	0.83612			6
2024.11.20	00:12:22.358		0.83617			4
2024.11.20	00:12:29.956		0.83614			4
2024.11.20	00:12:30.382		0.83604			4
2024.11.20	00:12:34.153		0.83602			4
2024.11.20	00:12:41.051		0.83604			4
2024.11.20	00:12:47.060		0.83603			4
2024.11.20	00:12:49.720		0.83601			4
2024.11.20	00:12:58.683		0.83604			4
2024.11.20	00:12:59.062		0.83601			4
2024.11.20	00:13:00.374	0.83527				2
2024.11.20	00:13:02.374		0.83602			4
2024.11.20	00:13:13.151	0.83518	0.83592			6
2024.11.20	00:13:14.367	0.83520	0.83594			6
2024.11.20	00:13:17.647	0.83519	0.83592			6
2024.11.20	00:13:18.881	0.83517	0.83591			6
2024.11.20	00:13:20.349	0.83519	0.83593			6
2024.11.20	00:13:23.685	0.83518	0.83592			6
2024.11.20	00:13:27.687		0.83591			4
2024.11.20	00:13:29.678		0.83592			4
2024.11.20	00:13:30.701	0.83519				2
2024.11.20	00:13:32.999	0.83516	0.83590			6
2024.11.20	00:13:33.778		0.83589			4
2024.11.20	00:13:34.156	0.83510	0.83587			6
2024.11.20	00:13:40.546	0.83512				2
2024.11.20	00:13:45.699	0.83514	0.83588			6
2024.11.20	00:13:49.067	0.83512				2
2024.11.20	00:13:50.766	0.83510	0.83587			6
2024.11.20	00:13:54.248	0.83509				2
2024.11.20	00:13:54.549	0.83510				2
2024.11.20	00:14:00.446	0.83513				2
2024.11.20	00:14:00.762	0.83511				2
2024.11.20	00:14:02.073	0.83514	0.83588			6
2024.11.20	00:14:07.449	0.83515	0.83589			6
2024.11.20	00:14:08.986	0.83513	0.83587			6
2024.11.20	00:14:11.002		0.83588			4
2024.11.20	00:14:11.817	0.83515	0.83589			6
2024.11.20	00:14:14.315	0.83513	0.83587			6
2024.11.20	00:14:21.217	0.83509	0.83588			6
2024.11.20	00:14:21.544	0.83510	0.83587			6
2024.11.20	00:14:33.463	0.83513	0.83588			6
2024.11.20	00:14:38.353	0.83514	0.83589			6
2024.11.20	00:14:46.710	0.83516	0.83591			6
2024.11.20	00:14:50.670		0.83590			4
2024.11.20	00:14:51.836	0.83513	0.83588			6
2024.11.20	00:14:59.051	0.83515	0.83589			6
2024.11.20	00:15:00.375	0.83514				2
2024.11.20	00:15:07.467		0.83588			4
2024.11.20	00:15:12.048		0.83589			4
2024.11.20	00:15:20.051	0.83516	0.83590			6
2024.11.20	00:15:20.868	0.83515	0.83589			6
2024.11.20	00:15:22.167	0.83514				2
2024.11.20	00:15:30.582	0.83513	0.83588			6
2024.11.20	00:15:30.892	0.83514	0.83589			6
2024.11.20	00:15:31.647	0.83515				2
2024.11.20	00:15:32.477	0.83507	0.83585			6
2024.11.20	00:15:33.250	0.83506				2
2024.11.20	00:15:33.752	0.83514	0.83589			6
2024.11.20	00:15:35.660	0.83513	0.83588			6
2024.11.20	00:15:37.453	0.83510	0.83584			6
2024.11.20	00:15:37.762	0.83513	0.83588			6
2024.11.20	00:15:40.475	0.83514	0.83589			6
2024.11.20	00:15:43.156	0.83516	0.83591			6
2024.11.20	00:15:52.456	0.83515	0.83590			6
2024.11.20	00:16:00.493	0.83515				2
2024.11.20	00:16:11.786	0.83501	0.83584			6
2024.11.20	00:16:12.782	0.83502				2
2024.11.20	00:16:14.255		0.83585			4
2024.11.20	00:16:14.648	0.83496	0.83584			6
2024.11.20	00:16:15.555	0.83497				2
2024.11.20	00:16:16.160	0.83494				2
2024.11.20	00:16:16.703	0.83504				2
2024.11.20	00:16:17.305	0.83502				2
2024.11.20	00:16:18.672	0.83500	0.83586			6
2024.11.20	00:16:19.650	0.83498	0.83584			6
2024.11.20	00:16:21.269	0.83499				2
2024.11.20	00:16:23.332	0.83498				2
2024.11.20	00:16:24.549	0.83496	0.83583			6
2024.11.20	00:16:26.725	0.83500				2
2024.11.20	00:16:27.047	0.83499				2
2024.11.20	00:16:27.782		0.83584			4
2024.11.20	00:16:28.761	0.83501				2
2024.11.20	00:16:29.673	0.83499	0.83583			6
2024.11.20	00:16:31.133	0.83501				2
2024.11.20	00:16:32.706		0.83584			4
2024.11.20	00:16:33.144		0.83585			4
2024.11.20	00:16:35.654	0.83499	0.83584			6
2024.11.20	00:16:37.016		0.83583			4
2024.11.20	00:16:37.698	0.83500				2
2024.11.20	00:16:38.051	0.83499	0.83584			6
2024.11.20	00:16:39.550		0.83583			4
2024.11.20	00:16:40.481	0.83501	0.83584			6
2024.11.20	00:16:43.537	0.83499				2
2024.11.20	00:16:44.896	0.83498				2
2024.11.20	00:16:45.647	0.83501	0.83583			6
2024.11.20	00:16:46.757	0.83504				2
2024.11.20	00:16:47.648	0.83502				2
2024.11.20	00:16:48.660	0.83503				2
2024.11.20	00:16:49.656	0.83507				2
2024.11.20	00:16:50.350	0.83504				2
2024.11.20	00:16:51.559	0.83502				2
2024.11.20	00:16:54.517	0.83499	0.83584			6
2024.11.20	00:16:54.851	0.83504				2
2024.11.20	00:17:01.710	0.83504				2
2024.11.20	00:17:03.144	0.83505				2
2024.11.20	00:17:03.973	0.83500	0.83583			6
2024.11.20	00:17:05.067	0.83498				2
2024.11.20	00:17:08.708	0.83501	0.83584			6
2024.11.20	00:17:10.428	0.83502	0.83583			6
2024.11.20	00:17:14.747	0.83503				2
2024.11.20	00:17:16.751	0.83502				2
2024.11.20	00:17:19.936	0.83503	0.83584			6
2024.11.20	00:17:24.387	0.83499				2
2024.11.20	00:17:26.701	0.83502				2
2024.11.20	00:17:29.650	0.83506				2
2024.11.20	00:17:33.020	0.83504				2
2024.11.20	00:17:34.393	0.83505	0.83583			6
2024.11.20	00:17:34.711	0.83504	0.83584			6
2024.11.20	00:17:36.313	0.83507	0.83583			6
2024.11.20	00:17:36.742	0.83504	0.83584			6
2024.11.20	00:17:38.928	0.83506				2
2024.11.20	00:17:39.944	0.83502	0.83583			6
2024.11.20	00:17:41.648	0.83501				2
2024.11.20	00:17:45.185	0.83502	0.83582			6
2024.11.20	00:17:47.195	0.83498	0.83580			6
2024.11.20	00:17:50.460	0.83501	0.83581			6
2024.11.20	00:17:54.808	0.83499	0.83580			6
2024.11.20	00:17:55.167	0.83497				2
2024.11.20	00:18:00.462	0.83497				2
2024.11.20	00:18:02.431	0.83503				2
2024.11.20	00:18:02.928	0.83505	0.83581			6
2024.11.20	00:18:03.270	0.83513	0.83592			6
2024.11.20	00:18:03.818	0.83515	0.83590			6
2024.11.20	00:18:04.668	0.83514	0.83588			6
2024.11.20	00:18:05.698	0.83515				2
2024.11.20	00:18:06.060	0.83513	0.83587			6
2024.11.20	00:18:11.465	0.83514	0.83590			6
2024.11.20	00:18:12.721		0.83591			4
2024.11.20	00:18:15.231	0.83515				2
2024.11.20	00:18:15.569	0.83514				2
2024.11.20	00:18:16.722		0.83593			4
2024.11.20	00:18:17.066		0.83590			4
2024.11.20	00:18:20.478		0.83589			4
2024.11.20	00:18:20.838		0.83590			4
2024.11.20	00:18:21.653	0.83515				2
2024.11.20	00:18:22.232	0.83514	0.83589			6
2024.11.20	00:18:22.790		0.83588			4
2024.11.20	00:18:25.459		0.83589			4
2024.11.20	00:18:25.789	0.83515				2
2024.11.20	00:18:26.129		0.83588			4
2024.11.20	00:18:31.479	0.83514	0.83589			6
2024.11.20	00:18:36.942		0.83587			4
2024.11.20	00:18:41.521	0.83512	0.83586			6
2024.11.20	00:18:42.354	0.83508	0.83582			6
2024.11.20	00:18:42.695	0.83511	0.83585			6
2024.11.20	00:18:45.886	0.83510	0.83584			6
2024.11.20	00:18:46.330		0.83583			4
2024.11.20	00:18:46.749	0.83511	0.83585			6
2024.11.20	00:18:57.850		0.83584			4
2024.11.20	00:19:00.476	0.83511				2
2024.11.20	00:19:03.478	0.83499	0.83581			6
2024.11.20	00:19:03.789		0.83580			4
2024.11.20	00:19:04.163	0.83496				2
2024.11.20	00:19:08.648	0.83493				2
2024.11.20	00:19:09.848	0.83494				2
2024.11.20	00:19:13.252	0.83495				2
2024.11.20	00:19:13.913	0.83494	0.83581			6
2024.11.20	00:19:23.073	0.83495				2
2024.11.20	00:19:27.859	0.83494				2
2024.11.20	00:19:32.845	0.83498				2
2024.11.20	00:19:37.450	0.83505	0.83582			6
2024.11.20	00:19:37.748	0.83509	0.83583			6
2024.11.20	00:19:38.064		0.83582			4
2024.11.20	00:19:43.239	0.83516	0.83594			6
2024.11.20	00:19:46.641	0.83505	0.83582			6
2024.11.20	00:19:47.496	0.83506				2
2024.11.20	00:19:47.820	0.83507				2
2024.11.20	00:19:48.121	0.83506				2
2024.11.20	00:19:48.471	0.83516	0.83590			6
2024.11.20	00:19:51.320		0.83592			4
2024.11.20	00:19:51.913		0.83591			4
2024.11.20	00:19:53.702		0.83597			4
2024.11.20	00:19:55.542		0.83596			4
2024.11.20	00:19:55.842	0.83515	0.83597			6
2024.11.20	00:19:56.161	0.83516	0.83596			6
2024.11.20	00:19:56.966		0.83595			4
2024.11.20	00:19:57.358	0.83515	0.83596			6
2024.11.20	00:19:57.669	0.83516	0.83595			6
2024.11.20	00:19:58.449		0.83593			4
2024.11.20	00:19:59.661		0.83596			4
2024.11.20	00:20:01.701	0.83516				2
2024.11.20	00:20:05.572		0.83594			4
2024.11.20	00:20:06.661		0.83596			4
2024.11.20	00:20:07.982		0.83595			4
2024.11.20	00:20:08.475		0.83597			4
2024.11.20	00:20:09.834	0.83517	0.83596			6
2024.11.20	00:20:11.041		0.83594			4
2024.11.20	00:20:11.361	0.83516				2
2024.11.20	00:20:11.665	0.83517				2
2024.11.20	00:20:12.434		0.83597			4
2024.11.20	00:20:14.027	0.83516	0.83598			6
2024.11.20	00:20:14.341	0.83517	0.83597			6
2024.11.20	00:20:17.709	0.83516	0.83596			6
2024.11.20	00:20:18.021	0.83517				2
2024.11.20	00:20:20.442	0.83515	0.83599			6
2024.11.20	00:20:20.760	0.83516	0.83598			6
2024.11.20	00:20:21.686		0.83596			4
2024.11.20	00:20:22.185	0.83515	0.83597			6
2024.11.20	00:20:22.516	0.83516	0.83596			6
2024.11.20	00:20:24.952		0.83599			4
2024.11.20	00:20:25.691	0.83515				2
2024.11.20	00:20:26.001	0.83516				2
2024.11.20	00:20:28.591	0.83515				2
2024.11.20	00:20:28.909	0.83516				2
2024.11.20	00:20:30.412		0.83598			4
2024.11.20	00:20:31.652		0.83593			4
2024.11.20	00:20:32.077		0.83592			4
2024.11.20	00:20:33.042	0.83517	0.83597			6
2024.11.20	00:20:33.341	0.83516	0.83598			6
2024.11.20	00:20:33.645	0.83517	0.83597			6
2024.11.20	00:20:34.299	0.83516				2
2024.11.20	00:20:34.602		0.83596			4
2024.11.20	00:20:35.897	0.83515	0.83597			6
2024.11.20	00:20:36.203	0.83516	0.83596			6
2024.11.20	00:20:36.641	0.83517	0.83598			6
2024.11.20	00:20:36.997	0.83516	0.83599			6
2024.11.20	00:20:37.646	0.83517	0.83594			6
2024.11.20	00:20:38.131		0.83595			4
2024.11.20	00:20:40.985		0.83599			4
2024.11.20	00:20:46.641	0.83516	0.83600			6
2024.11.20	00:20:46.943	0.83517	0.83599			6
2024.11.20	00:20:47.467	0.83516	0.83588			6
2024.11.20	00:20:47.900	0.83517	0.83600			6
2024.11.20	00:20:48.919	0.83516	0.83599			6
2024.11.20	00:20:49.221	0.83517				2
2024.11.20	00:20:51.499	0.83516	0.83600			6
2024.11.20	00:20:51.801	0.83518	0.83601			6
2024.11.20	00:20:52.961		0.83600			4
2024.11.20	00:20:54.712		0.83599			4
2024.11.20	00:20:55.612		0.83600			4
2024.11.20	00:20:55.922		0.83599			4
2024.11.20	00:20:57.841		0.83597			4
2024.11.20	00:20:58.569		0.83598			4
2024.11.20	00:20:58.882		0.83597			4
2024.11.20	00:21:00.030	0.83518				2
2024.11.20	00:21:01.531		0.83595			4
2024.11.20	00:21:02.359	0.83519				2
2024.11.20	00:21:02.697		0.83602			4
2024.11.20	00:21:03.918	0.83518	0.83601			6
2024.11.20	00:21:05.415	0.83517				2
2024.11.20	00:21:05.725	0.83518				2
2024.11.20	00:21:08.045	0.83517	0.83597			6
2024.11.20	00:21:08.364	0.83518				2
2024.11.20	00:21:08.875		0.83599			4
2024.11.20	00:21:09.187		0.83597			4
2024.11.20	00:21:09.501	0.83517				2
2024.11.20	00:21:09.802	0.83518				2
2024.11.20	00:21:10.281	0.83517				2
2024.11.20	00:21:10.585	0.83518				2
2024.11.20	00:21:11.361	0.83517				2
2024.11.20	00:21:11.662	0.83518	0.83600			6
2024.11.20	00:21:12.216		0.83601			4
2024.11.20	00:21:12.522		0.83600			4
2024.11.20	00:21:12.991		0.83606			4
2024.11.20	00:21:16.122	0.83516	0.83608			6
2024.11.20	00:21:16.652	0.83515	0.83600			6
2024.11.20	00:21:16.975	0.83516				2
2024.11.20	00:21:17.743		0.83605			4
2024.11.20	00:21:18.321		0.83606			4
2024.11.20	00:21:19.517	0.83517	0.83605			6
2024.11.20	00:21:21.266	0.83518	0.83604			6
2024.11.20	00:21:23.543	0.83517				2
2024.11.20	00:21:23.868	0.83518				2
2024.11.20	00:21:27.781	0.83519	0.83605			6
2024.11.20	00:21:36.727	0.83521	0.83603			6
2024.11.20	00:21:42.669	0.83520	0.83601			6
2024.11.20	00:21:43.720		0.83598			4
2024.11.20	00:21:46.453		0.83596			4
2024.11.20	00:21:58.883		0.83594			4
2024.11.20	00:21:59.674		0.83596			4
2024.11.20	00:22:01.662	0.83520	0.83600			6
2024.11.20	00:22:06.297		0.83601			4
2024.11.20	00:22:09.096		0.83599			4
2024.11.20	00:22:15.451	0.83519	0.83597			6
2024.11.20	00:22:19.118		0.83596			4
2024.11.20	00:22:23.694		0.83594			4
2024.11.20	00:22:24.170		0.83592			4
2024.11.20	00:22:29.503		0.83593			4
2024.11.20	00:22:29.960		0.83591			4
2024.11.20	00:22:35.673		0.83593			4
2024.11.20	00:22:40.152		0.83595			4
2024.11.20	00:22:41.418	0.83517	0.83587			6
2024.11.20	00:22:42.561	0.83519	0.83594			6
2024.11.20	00:22:44.350		0.83596			4
2024.11.20	00:22:49.927		0.83595			4
2024.11.20	00:22:51.566		0.83596			4
2024.11.20	00:22:52.727		0.83597			4
2024.11.20	00:23:00.122	0.83519				2
2024.11.20	00:23:02.968		0.83600			4
2024.11.20	00:23:07.163	0.83520	0.83599			6
2024.11.20	00:23:16.491	0.83519	0.83600			6
2024.11.20	00:23:22.651		0.83603			4
2024.11.20	00:23:23.705		0.83600			4
2024.11.20	00:23:31.411		0.83601			4
2024.11.20	00:23:42.069		0.83600			4
2024.11.20	00:23:46.945	0.83518	0.83599			6
2024.11.20	00:23:48.261		0.83594			4
2024.11.20	00:23:50.952	0.83519	0.83597			6
2024.11.20	00:23:59.341	0.83516	0.83594			6
2024.11.20	00:23:59.648		0.83590			4
2024.11.20	00:24:00.369	0.83516	0.83587			6
2024.11.20	00:24:05.056		0.83585			4
2024.11.20	00:24:10.704	0.83517	0.83587			6
2024.11.20	00:24:15.272	0.83516	0.83588			6
2024.11.20	00:24:19.580		0.83590			4
2024.11.20	00:24:21.670		0.83592			4
2024.11.20	00:24:27.969	0.83517	0.83591			6
2024.11.20	00:24:30.422		0.83589			4
2024.11.20	00:24:32.370		0.83591			4
2024.11.20	00:24:35.065		0.83588			4
2024.11.20	00:24:45.432		0.83585			4
2024.11.20	00:24:46.695	0.83514	0.83581			6
2024.11.20	00:24:47.056	0.83516	0.83583			6
2024.11.20	00:24:47.739	0.83517	0.83584			6
2024.11.20	00:24:55.663	0.83516	0.83583			6
2024.11.20	00:25:00.314	0.83517	0.83587			6
2024.11.20	00:25:00.850	0.83513	0.83580			6
2024.11.20	00:25:02.423	0.83515	0.83582			6
2024.11.20	00:25:03.527	0.83514	0.83581			6
2024.11.20	00:25:06.100	0.83515	0.83582			6
2024.11.20	00:25:08.953		0.83589			4
2024.11.20	00:25:16.996	0.83514	0.83592			6
2024.11.20	00:25:20.032	0.83513	0.83595			6
2024.11.20	00:25:22.002	0.83514	0.83597			6
2024.11.20	00:25:25.486	0.83515				2
2024.11.20	00:25:27.676	0.83513	0.83588			6
2024.11.20	00:25:28.150		0.83584			4
2024.11.20	00:25:29.351		0.83582			4
2024.11.20	00:25:29.670		0.83587			4
2024.11.20	00:25:30.724		0.83595			4
2024.11.20	00:25:33.112		0.83593			4
2024.11.20	00:25:33.863		0.83589			4
2024.11.20	00:25:36.358		0.83596			4
2024.11.20	00:25:37.148		0.83588			4
2024.11.20	00:25:40.524	0.83514	0.83595			6
2024.11.20	00:25:43.121		0.83597			4
2024.11.20	00:25:44.548	0.83515				2
2024.11.20	00:25:44.951		0.83594			4
2024.11.20	00:25:45.821	0.83514	0.83597			6
2024.11.20	00:25:47.835	0.83515	0.83596			6
2024.11.20	00:25:48.249		0.83597			4
2024.11.20	00:25:50.353		0.83595			4
2024.11.20	00:25:50.724		0.83597			4
2024.11.20	00:25:51.249		0.83596			4
2024.11.20	00:25:51.694		0.83597			4
2024.11.20	00:25:57.446	0.83514	0.83593			6
2024.11.20	00:25:58.230		0.83585			4
2024.11.20	00:25:59.829		0.83590			4
2024.11.20	00:26:00.268	0.83514				2
2024.11.20	00:26:00.849		0.83592			4
2024.11.20	00:26:03.854		0.83594			4
2024.11.20	00:26:11.057	0.83515	0.83591			6
2024.11.20	00:26:11.652		0.83596			4
2024.11.20	00:26:12.249		0.83594			4
2024.11.20	00:26:13.512		0.83596			4
2024.11.20	00:26:14.348		0.83592			4
2024.11.20	00:26:17.281		0.83596			4
2024.11.20	00:26:19.451		0.83597			4
2024.11.20	00:26:25.449	0.83514	0.83592			6
2024.11.20	00:26:26.355		0.83588			4
2024.11.20	00:26:26.677		0.83585			4
2024.11.20	00:26:27.260		0.83586			4
2024.11.20	00:26:27.729	0.83515	0.83592			6
2024.11.20	00:26:28.152		0.83594			4
2024.11.20	00:26:34.155		0.83593			4
2024.11.20	00:26:35.959		0.83595			4
2024.11.20	00:26:38.854	0.83514	0.83594			6
2024.11.20	00:26:40.338	0.83515	0.83593			6
2024.11.20	00:26:40.689		0.83595			4
2024.11.20	00:26:42.555		0.83597			4
2024.11.20	00:26:47.009	0.83516				2
2024.11.20	00:26:54.417	0.83515				2
2024.11.20	00:27:04.791	0.83515				2
2024.11.20	00:27:08.733	0.83514				2
2024.11.20	00:27:09.670		0.83590			4
2024.11.20	00:27:10.362		0.83596			4
2024.11.20	00:27:10.728		0.83597			4
2024.11.20	00:27:14.998	0.83515				2
2024.11.20	00:27:39.051	0.83514	0.83594			6
2024.11.20	00:27:39.966		0.83593			4
2024.11.20	00:27:40.669		0.83586			4
2024.11.20	00:27:41.833		0.83592			4
2024.11.20	00:27:45.600		0.83591			4
2024.11.20	00:27:46.749		0.83594			4
2024.11.20	00:27:51.667		0.83592			4
2024.11.20	00:27:55.824		0.83593			4
2024.11.20	00:27:59.106	0.83513	0.83594			6
2024.11.20	00:28:00.470	0.83514	0.83597			6
2024.11.20	00:28:02.049	0.83513				2
2024.11.20	00:28:07.711	0.83514				2
2024.11.20	00:28:08.492	0.83513				2
2024.11.20	00:28:16.661	0.83511	0.83596			6
2024.11.20	00:28:17.351		0.83593			4
2024.11.20	00:28:17.669		0.83584			4
2024.11.20	00:28:18.696	0.83512	0.83585			6
2024.11.20	00:28:19.154		0.83581			4
2024.11.20	00:28:21.648		0.83585			4
2024.11.20	00:28:22.676		0.83586			4
2024.11.20	00:28:23.052		0.83589			4
2024.11.20	00:28:26.654		0.83593			4
2024.11.20	00:28:32.994		0.83594			4
2024.11.20	00:28:33.470	0.83514	0.83593			6
2024.11.20	00:28:33.848	0.83513	0.83591			6
2024.11.20	00:28:36.639	0.83511	0.83584			6
2024.11.20	00:28:39.184	0.83512				2
2024.11.20	00:28:39.556		0.83589			4
2024.11.20	00:28:43.450	0.83511	0.83584			6
2024.11.20	00:28:47.372	0.83514	0.83592			6
2024.11.20	00:28:55.660	0.83515				2
2024.11.20	00:28:56.667	0.83514	0.83593			6
2024.11.20	00:28:57.714	0.83515	0.83594			6
2024.11.20	00:29:01.028	0.83515				2
2024.11.20	00:29:04.483		0.83595			4
2024.11.20	00:29:05.074		0.83597			4
2024.11.20	00:29:06.001	0.83516	0.83584			6
2024.11.20	00:29:06.324	0.83518	0.83588			6
2024.11.20	00:29:06.703		0.83596			4
2024.11.20	00:29:07.263		0.83593			4
2024.11.20	00:29:07.592		0.83597			4
2024.11.20	00:29:08.356	0.83517				2
2024.11.20	00:29:15.971	0.83518				2
2024.11.20	00:29:16.623	0.83517				2
2024.11.20	00:29:17.831		0.83595			4
2024.11.20	00:29:24.462		0.83596			4
2024.11.20	00:29:37.748		0.83597			4
2024.11.20	00:29:53.987	0.83515	0.83591			6
2024.11.20	00:29:54.360		0.83594			4
2024.11.20	00:29:57.373	0.83513	0.83591			6
2024.11.20	00:29:57.747	0.83514	0.83596			6
2024.11.20	00:30:00.379	0.83515				2
2024.11.20	00:30:03.151	0.83516	0.83597			6
2024.11.20	00:30:05.564	0.83518	0.83595			6
2024.11.20	00:30:05.954	0.83519	0.83594			6
2024.11.20	00:30:07.887	0.83518				2
2024.11.20	00:30:10.723	0.83519				2
2024.11.20	00:30:11.104	0.83520				2
2024.11.20	00:30:15.606	0.83517	0.83597			6
2024.11.20	00:30:17.647		0.83593			4
2024.11.20	00:30:18.702		0.83591			4
2024.11.20	00:30:20.938		0.83592			4
2024.11.20	00:30:22.974		0.83593			4
2024.11.20	00:30:24.249	0.83518	0.83592			6
2024.11.20	00:30:24.651		0.83593			4
2024.11.20	00:30:25.662	0.83517				2
2024.11.20	00:30:28.000	0.83518				2
2024.11.20	00:30:30.249		0.83592			4
2024.11.20	00:30:31.654		0.83595			4
2024.11.20	00:30:32.648	0.83517	0.83592			6
2024.11.20	00:30:33.629	0.83518	0.83595			6
2024.11.20	00:30:33.994		0.83593			4
2024.11.20	00:30:36.849	0.83519				2
2024.11.20	00:30:37.316	0.83518				2
2024.11.20	00:30:37.669	0.83519	0.83594			6
2024.11.20	00:30:38.098		0.83595			4
2024.11.20	00:30:38.402		0.83594			4
2024.11.20	00:30:38.702	0.83520	0.83595			6
2024.11.20	00:30:39.041		0.83592			4
2024.11.20	00:30:39.342	0.83519				2
2024.11.20	00:30:39.653	0.83520	0.83591			6
2024.11.20	00:30:39.964	0.83519	0.83594			6
2024.11.20	00:30:40.282	0.83520	0.83593			6
2024.11.20	00:30:41.505	0.83521	0.83592			6
2024.11.20	00:30:42.442	0.83520	0.83593			6
2024.11.20	00:30:42.755		0.83590			4
2024.11.20	00:30:43.682		0.83592			4
2024.11.20	00:30:44.001		0.83590			4
2024.11.20	00:30:44.321	0.83523	0.83593			6
2024.11.20	00:30:44.623	0.83524	0.83591			6
2024.11.20	00:30:44.942	0.83523	0.83593			6
2024.11.20	00:30:45.245		0.83589			4
2024.11.20	00:30:45.862	0.83524				2
2024.11.20	00:30:46.183	0.83521	0.83585			6
2024.11.20	00:30:46.502	0.83522	0.83586			6
2024.11.20	00:30:48.228	0.83523	0.83587			6
2024.11.20	00:30:51.253		0.83586			4
2024.11.20	00:30:52.769		0.83587			4
2024.11.20	00:30:53.776		0.83589			4
2024.11.20	00:30:54.086	0.83524	0.83594			6
2024.11.20	00:30:54.672		0.83595			4
2024.11.20	00:30:55.071		0.83597			4
2024.11.20	00:30:59.042	0.83525				2
2024.11.20	00:30:59.346	0.83524				2
2024.11.20	00:30:59.648	0.83525				2
2024.11.20	00:30:59.950	0.83524				2
2024.11.20	00:31:00.440	0.83525				2
2024.11.20	00:31:02.158	0.83524				2
2024.11.20	00:31:04.851	0.83525				2
2024.11.20	00:31:05.469	0.83524				2
2024.11.20	00:31:05.836	0.83525				2
2024.11.20	00:31:09.155	0.83524				2
2024.11.20	00:31:09.462	0.83525				2
2024.11.20	00:31:10.610		0.83595			4
2024.11.20	00:31:11.189	0.83524				2
2024.11.20	00:31:11.501	0.83525				2
2024.11.20	00:31:11.804		0.83594			4
2024.11.20	00:31:13.806		0.83595			4
2024.11.20	00:31:14.121		0.83594			4
2024.11.20	00:31:17.337		0.83595			4
2024.11.20	00:31:17.915		0.83594			4
2024.11.20	00:31:18.656	0.83524				2
2024.11.20	00:31:19.283	0.83525	0.83593			6
2024.11.20	00:31:21.276	0.83524	0.83594			6
2024.11.20	00:31:21.582	0.83525				2
2024.11.20	00:31:22.202		0.83593			4
2024.11.20	00:31:23.142	0.83524	0.83594			6
2024.11.20	00:31:23.469	0.83525	0.83593			6
2024.11.20	00:31:23.782	0.83524	0.83594			6
2024.11.20	00:31:24.101	0.83525				2
2024.11.20	00:31:24.403	0.83524				2
2024.11.20	00:31:24.722	0.83525	0.83593			6
2024.11.20	00:31:25.023	0.83524	0.83594			6
2024.11.20	00:31:25.342		0.83587			4
2024.11.20	00:31:25.746		0.83589			4
2024.11.20	00:31:26.522		0.83591			4
2024.11.20	00:31:28.408	0.83525	0.83590			6
2024.11.20	00:31:31.449		0.83597			4
2024.11.20	00:31:41.652		0.83596			4
2024.11.20	00:31:42.658		0.83597			4
2024.11.20	00:31:43.399		0.83595			4
2024.11.20	00:31:43.702	0.83524	0.83597			6
2024.11.20	00:31:44.680	0.83526				2
2024.11.20	00:31:45.007	0.83525				2
2024.11.20	00:31:48.942		0.83599			4
2024.11.20	00:31:59.321		0.83603			4
2024.11.20	00:31:59.659		0.83600			4
2024.11.20	00:32:00.284	0.83525				2
2024.11.20	00:32:00.718	0.83526	0.83601			6
2024.11.20	00:32:04.650	0.83525	0.83586			6
2024.11.20	00:32:09.042		0.83587			4
2024.11.20	00:32:11.100		0.83601			4
2024.11.20	00:32:16.778		0.83603			4
2024.11.20	00:32:19.742	0.83526	0.83602			6
2024.11.20	00:32:36.853		0.83603			4
2024.11.20	00:32:41.355		0.83602			4
2024.11.20	00:32:50.382		0.83603			4
2024.11.20	00:33:00.604	0.83526				2
2024.11.20	00:33:04.759		0.83602			4
2024.11.20	00:33:21.011		0.83601			4
2024.11.20	00:33:26.285		0.83591			4
2024.11.20	00:33:26.631		0.83601			4
2024.11.20	00:33:38.082		0.83599			4
2024.11.20	00:33:41.415		0.83601			4
2024.11.20	00:33:57.988		0.83602			4
2024.11.20	00:33:59.636	0.83529	0.83589			6
2024.11.20	00:34:00.157	0.83527	0.83599			6
2024.11.20	00:34:00.631	0.83526	0.83600			6
2024.11.20	00:34:00.989		0.83598			4
2024.11.20	00:34:03.890	0.83527	0.83600			6
2024.11.20	00:34:05.880		0.83602			4
2024.11.20	00:34:07.419		0.83603			4
2024.11.20	00:34:07.762		0.83605			4
2024.11.20	00:34:08.997		0.83603			4
2024.11.20	00:34:09.854		0.83607			4
2024.11.20	00:34:10.437	0.83528				2
2024.11.20	00:34:10.755		0.83603			4
2024.11.20	00:34:11.659		0.83592			4
2024.11.20	00:34:12.248		0.83601			4
2024.11.20	00:34:16.028		0.83603			4
2024.11.20	00:34:18.513		0.83601			4
2024.11.20	00:34:19.920		0.83600			4
2024.11.20	00:34:20.475	0.83529	0.83604			6
2024.11.20	00:34:21.618		0.83605			4
2024.11.20	00:34:22.001		0.83606			4
2024.11.20	00:34:22.460		0.83607			4
2024.11.20	00:34:23.485	0.83528	0.83608			6
2024.11.20	00:34:23.788		0.83607			4
2024.11.20	00:34:32.040	0.83529	0.83604			6
2024.11.20	00:34:37.474	0.83528				2
2024.11.20	00:34:42.062	0.83529				2
2024.11.20	00:34:44.805	0.83530	0.83602			6
2024.11.20	00:34:45.311	0.83527	0.83606			6
2024.11.20	00:34:45.820	0.83526				2
2024.11.20	00:34:47.630	0.83533	0.83600			6
2024.11.20	00:34:48.150	0.83529	0.83604			6
2024.11.20	00:34:48.788	0.83528				2
2024.11.20	00:34:49.127	0.83527	0.83603			6
2024.11.20	00:34:50.243		0.83599			4
2024.11.20	00:35:01.719	0.83525	0.83598			6
2024.11.20	00:35:02.358	0.83524	0.83594			6
2024.11.20	00:35:07.769		0.83587			4
2024.11.20	00:35:09.250		0.83585			4
2024.11.20	00:35:11.217	0.83523				2
2024.11.20	00:35:11.525	0.83524				2
2024.11.20	00:35:12.703		0.83584			4
2024.11.20	00:35:17.683		0.83586			4
2024.11.20	00:35:24.841	0.83523	0.83587			6
2024.11.20	00:35:25.219	0.83524	0.83588			6
2024.11.20	00:35:25.527	0.83523				2
2024.11.20	00:35:26.644	0.83524	0.83587			6
2024.11.20	00:35:26.962	0.83523				2
2024.11.20	00:35:29.211		0.83584			4
2024.11.20	00:35:34.758	0.83522	0.83583			6
2024.11.20	00:35:36.646	0.83521				2
2024.11.20	00:35:37.754	0.83518	0.83580			6
2024.11.20	00:35:38.237	0.83517	0.83578			6
2024.11.20	00:35:39.625	0.83516	0.83579			6
2024.11.20	00:35:41.134	0.83517	0.83578			6
2024.11.20	00:35:41.441		0.83579			4
2024.11.20	00:35:41.743	0.83516				2
2024.11.20	00:35:42.045	0.83517				2
2024.11.20	00:35:43.343	0.83524	0.83587			6
2024.11.20	00:35:46.467	0.83523	0.83588			6
2024.11.20	00:35:47.100		0.83584			4
2024.11.20	00:35:53.334	0.83517	0.83579			6
2024.11.20	00:35:57.983	0.83520	0.83581			6
2024.11.20	00:36:01.698	0.83520				2
2024.11.20	00:36:03.041	0.83519				2
2024.11.20	00:36:06.835	0.83518	0.83580			6
2024.11.20	00:36:08.752		0.83579			4
2024.11.20	00:36:13.569	0.83519	0.83580			6
2024.11.20	00:36:18.041	0.83526	0.83588			6
2024.11.20	00:36:18.354	0.83525	0.83589			6
2024.11.20	00:36:18.665		0.83587			4
2024.11.20	00:36:20.113		0.83589			4
2024.11.20	00:36:22.643	0.83524	0.83591			6
2024.11.20	00:36:23.140		0.83592			4
2024.11.20	00:36:24.146		0.83593			4
2024.11.20	00:36:25.317	0.83525	0.83590			6
2024.11.20	00:36:25.957		0.83591			4
2024.11.20	00:36:26.286		0.83593			4
2024.11.20	00:36:27.460	0.83524				2
2024.11.20	00:36:27.972		0.83595			4
2024.11.20	00:36:28.357	0.83525				2
2024.11.20	00:36:29.764		0.83594			4
2024.11.20	00:36:30.633		0.83595			4
2024.11.20	00:36:31.164		0.83594			4
2024.11.20	00:36:38.516		0.83593			4
2024.11.20	00:36:40.462		0.83594			4
2024.11.20	00:36:40.938	0.83524				2
2024.11.20	00:36:42.563	0.83525	0.83593			6
2024.11.20	00:36:50.170	0.83526				2
2024.11.20	00:36:50.938	0.83524	0.83594			6
2024.11.20	00:36:51.634	0.83525				2
2024.11.20	00:36:54.285		0.83593			4
2024.11.20	00:36:54.903		0.83595			4
2024.11.20	00:36:56.049		0.83597			4
2024.11.20	00:36:58.969		0.83596			4
2024.11.20	00:37:00.280	0.83525	0.83594			6
2024.11.20	00:37:01.120		0.83593			4
2024.11.20	00:37:01.422	0.83526				2
2024.11.20	00:37:01.722	0.83525	0.83595			6
2024.11.20	00:37:02.440		0.83599			4
2024.11.20	00:37:04.956	0.83526	0.83598			6
2024.11.20	00:37:05.410	0.83525	0.83599			6
2024.11.20	00:37:08.319		0.83598			4
2024.11.20	00:37:12.397	0.83526				2
2024.11.20	00:37:12.925	0.83525				2
2024.11.20	00:37:15.424		0.83599			4
2024.11.20	00:37:28.770		0.83598			4
2024.11.20	00:37:45.237	0.83526	0.83597			6
2024.11.20	00:37:47.644		0.83598			4
2024.11.20	00:37:52.666		0.83597			4
2024.11.20	00:37:55.697		0.83595			4
2024.11.20	00:37:57.157		0.83594			4
2024.11.20	00:37:58.957		0.83595			4
2024.11.20	00:38:00.423	0.83526				2
2024.11.20	00:38:03.550		0.83596			4
2024.11.20	00:38:07.752		0.83597			4
2024.11.20	00:38:17.452		0.83600			4
2024.11.20	00:38:23.662		0.83602			4
2024.11.20	00:38:37.977		0.83603			4
2024.11.20	00:38:42.879	0.83525				2
2024.11.20	00:38:47.536	0.83526				2
2024.11.20	00:39:00.858	0.83526				2
2024.11.20	00:39:07.856		0.83602			4
2024.11.20	00:39:19.008		0.83603			4
2024.11.20	00:39:24.274		0.83602			4
2024.11.20	00:39:27.118		0.83603			4
2024.11.20	00:39:30.356		0.83602			4
2024.11.20	00:39:30.856		0.83601			4
2024.11.20	00:39:36.666		0.83600			4
2024.11.20	00:39:39.861		0.83602			4
2024.11.20	00:39:45.266		0.83601			4
2024.11.20	00:39:47.066		0.83599			4
2024.11.20	00:39:52.180		0.83601			4
2024.11.20	00:39:52.749		0.83600			4
2024.11.20	00:40:00.488	0.83526				2
2024.11.20	00:40:05.953		0.83601			4
2024.11.20	00:40:08.403	0.83528	0.83599			6
2024.11.20	00:40:09.451	0.83527	0.83600			6
2024.11.20	00:40:10.049	0.83528	0.83601			6
2024.11.20	00:40:11.977		0.83600			4
2024.11.20	00:40:14.760	0.83527	0.83602			6
2024.11.20	00:40:18.160	0.83526				2
2024.11.20	00:40:22.001		0.83601			4
2024.11.20	00:40:22.544		0.83602			4
2024.11.20	00:40:24.882		0.83601			4
2024.11.20	00:40:35.353		0.83599			4
2024.11.20	00:40:35.669		0.83582			4
2024.11.20	00:40:50.475	0.83525				2
2024.11.20	00:40:51.538	0.83526				2
2024.11.20	00:41:01.386	0.83526				2
2024.11.20	00:41:10.052	0.83525				2
2024.11.20	00:41:12.749	0.83528				2
2024.11.20	00:41:14.549	0.83526				2
2024.11.20	00:41:15.353	0.83528				2
2024.11.20	00:41:18.767	0.83526				2
2024.11.20	00:41:25.180	0.83525				2
2024.11.20	00:41:28.029	0.83526				2
2024.11.20	00:41:36.777		0.83582			4
2024.11.20	00:42:00.475	0.83526				2
2024.11.20	00:42:13.753	0.83525				2
2024.11.20	00:42:27.668	0.83526				2
2024.11.20	00:42:28.750	0.83525				2
2024.11.20	00:42:37.153		0.83582			4
2024.11.20	00:42:42.865	0.83526				2
2024.11.20	00:42:59.275	0.83525				2
2024.11.20	00:43:00.680	0.83525				2
2024.11.20	00:43:10.477	0.83526				2
2024.11.20	00:43:40.744		0.83582			4
2024.11.20	00:44:00.551	0.83526				2
2024.11.20	00:44:03.237	0.83525				2
2024.11.20	00:44:07.033	0.83526				2
2024.11.20	00:44:07.381	0.83525				2
2024.11.20	00:44:24.943	0.83526				2
2024.11.20	00:44:57.860		0.83582			4
2024.11.20	00:45:00.475	0.83526				2
2024.11.20	00:45:02.127	0.83535	0.83581			6
2024.11.20	00:45:04.086	0.83526	0.83582			6
2024.11.20	00:45:07.986	0.83538	0.83570			6
2024.11.20	00:45:08.282	0.83537				2
2024.11.20	00:45:11.869	0.83536				2
2024.11.20	00:45:13.598	0.83537				2
2024.11.20	00:45:20.631	0.83536				2
2024.11.20	00:45:26.017	0.83537				2
2024.11.20	00:45:29.772	0.83536				2
2024.11.20	00:45:38.655	0.83537				2
2024.11.20	00:45:41.351	0.83538				2
2024.11.20	00:45:43.704	0.83537				2
2024.11.20	00:45:44.306	0.83538				2
2024.11.20	00:45:44.759	0.83537				2
2024.11.20	00:45:57.964		0.83568			4
2024.11.20	00:46:01.890	0.83537				2
2024.11.20	00:46:16.291	0.83536				2
2024.11.20	00:46:25.454	0.83534				2
2024.11.20	00:46:26.966	0.83533				2
2024.11.20	00:46:30.483	0.83537				2
2024.11.20	00:46:31.054	0.83538				2
2024.11.20	00:46:31.718	0.83536				2
2024.11.20	00:46:32.820	0.83537				2
2024.11.20	00:46:51.380	0.83536				2
2024.11.20	00:46:57.987		0.83568			4
2024.11.20	00:47:00.849	0.83537				2
2024.11.20	00:47:02.147	0.83546	0.83567			6
2024.11.20	00:47:04.135	0.83537	0.83568			6
2024.11.20	00:47:04.450	0.83536				2
2024.11.20	00:47:07.372	0.83538				2
2024.11.20	00:47:10.952	0.83537	0.83566			6
2024.11.20	00:47:14.022	0.83536				2
2024.11.20	00:47:33.850	0.83535				2
2024.11.20	00:47:40.041	0.83534				2
2024.11.20	00:48:00.251	0.83534				2
2024.11.20	00:48:03.353		0.83568			4
2024.11.20	00:48:06.901	0.83536				2
2024.11.20	00:48:07.688	0.83537				2
2024.11.20	00:48:38.716	0.83538				2
2024.11.20	00:48:40.452	0.83537				2
2024.11.20	00:48:48.044	0.83538				2
2024.11.20	00:48:49.737	0.83536				2
2024.11.20	00:49:00.855	0.83536				2
2024.11.20	00:49:05.516		0.83568			4
2024.11.20	00:49:14.061	0.83535				2
2024.11.20	00:49:16.945	0.83536				2
2024.11.20	00:49:19.757	0.83535				2
2024.11.20	00:49:28.284	0.83536				2
2024.11.20	00:49:37.157	0.83535				2
2024.11.20	00:49:38.508	0.83536				2
2024.11.20	00:49:38.816	0.83537				2
2024.11.20	00:49:44.679	0.83538				2
2024.11.20	00:49:45.853	0.83539				2
2024.11.20	00:49:46.440	0.83540				2
2024.11.20	00:49:49.647	0.83541				2
2024.11.20	00:49:50.814	0.83542				2
2024.11.20	00:49:52.264	0.83541				2
2024.11.20	00:49:52.574	0.83542				2
2024.11.20	00:49:58.212	0.83543				2
2024.11.20	00:50:02.357	0.83542				2
2024.11.20	00:50:03.964		0.83580			4
2024.11.20	00:50:06.852	0.83543	0.83579			6
2024.11.20	00:50:10.722	0.83544	0.83581			6
2024.11.20	00:50:14.677		0.83580			4
2024.11.20	00:50:15.468	0.83542	0.83577			6
2024.11.20	00:50:16.639		0.83576			4
2024.11.20	00:50:17.886	0.83544	0.83580			6
2024.11.20	00:50:22.049		0.83581			4
2024.11.20	00:50:27.000		0.83580			4
2024.11.20	00:50:28.469		0.83582			4
2024.11.20	00:50:30.061	0.83545	0.83581			6
2024.11.20	00:50:32.521		0.83582			4
2024.11.20	00:50:37.750		0.83580			4
2024.11.20	00:50:39.552		0.83582			4
2024.11.20	00:50:43.154		0.83581			4
2024.11.20	00:50:43.641		0.83585			4
2024.11.20	00:50:46.046		0.83583			4
2024.11.20	00:50:47.269		0.83582			4
2024.11.20	00:50:49.459		0.83583			4
2024.11.20	00:50:51.778		0.83582			4
2024.11.20	00:51:02.362	0.83546				2
2024.11.20	00:51:08.895	0.83544	0.83583			6
2024.11.20	00:51:11.289	0.83545	0.83582			6
2024.11.20	00:51:11.667		0.83581			4
2024.11.20	00:51:13.074	0.83546	0.83580			6
2024.11.20	00:51:24.560		0.83582			4
2024.11.20	00:51:26.828	0.83547				2
2024.11.20	00:51:29.034	0.83545	0.83583			6
2024.11.20	00:51:30.029		0.83584			4
2024.11.20	00:51:31.086	0.83544	0.83582			6
2024.11.20	00:51:32.112		0.83580			4
2024.11.20	00:51:32.771		0.83578			4
2024.11.20	00:51:38.650	0.83543				2
2024.11.20	00:51:42.684	0.83544	0.83577			6
2024.11.20	00:51:43.967	0.83545				2
2024.11.20	00:51:46.194	0.83548	0.83575			6
2024.11.20	00:51:50.424	0.83547				2
2024.11.20	00:51:51.438	0.83552				2
2024.11.20	00:51:53.751	0.83551				2
2024.11.20	00:51:55.553	0.83552				2
2024.11.20	00:51:59.679	0.83551				2
2024.11.20	00:52:00.383	0.83551				2
2024.11.20	00:52:02.705	0.83552				2
2024.11.20	00:52:15.639	0.83553				2
2024.11.20	00:52:23.973	0.83552				2
2024.11.20	00:52:31.856	0.83553				2
2024.11.20	00:52:40.455	0.83552				2
2024.11.20	00:52:44.050	0.83553				2
2024.11.20	00:52:46.202		0.83575			4
2024.11.20	00:52:51.476	0.83554	0.83574			6
2024.11.20	00:52:51.833	0.83553				2
2024.11.20	00:52:53.532	0.83554				2
2024.11.20	00:52:56.957	0.83553				2
2024.11.20	00:52:58.872	0.83555				2
2024.11.20	00:53:00.555	0.83555				2
2024.11.20	00:53:02.504	0.83556				2
2024.11.20	00:53:04.276	0.83553				2
2024.11.20	00:53:11.886	0.83552				2
2024.11.20	00:53:21.555	0.83553				2
2024.11.20	00:53:22.916	0.83554				2
2024.11.20	00:53:25.750	0.83553				2
2024.11.20	00:53:29.049	0.83554				2
2024.11.20	00:53:37.797	0.83555				2
2024.11.20	00:53:46.373	0.83554				2
2024.11.20	00:53:51.629		0.83574			4
2024.11.20	00:53:53.535	0.83555				2
2024.11.20	00:54:01.147	0.83555	0.83573			6
2024.11.20	00:54:33.229	0.83556				2
2024.11.20	00:54:33.945	0.83555				2
2024.11.20	00:54:35.271	0.83556				2
2024.11.20	00:54:43.117	0.83555				2
2024.11.20	00:54:49.894	0.83556				2
2024.11.20	00:54:51.532	0.83555				2
2024.11.20	00:54:52.362	0.83556				2
2024.11.20	00:54:54.397	0.83555				2
2024.11.20	00:54:54.972	0.83557				2
2024.11.20	00:54:59.644	0.83556				2
2024.11.20	00:55:00.437	0.83555				2
2024.11.20	00:55:01.644		0.83573			4
2024.11.20	00:55:05.418	0.83556				2
2024.11.20	00:55:05.752	0.83555				2
2024.11.20	00:55:12.550	0.83556				2
2024.11.20	00:55:15.486	0.83557				2
2024.11.20	00:55:17.029	0.83556				2
2024.11.20	00:55:25.862	0.83555				2
2024.11.20	00:55:35.209	0.83554				2
2024.11.20	00:55:36.250	0.83555				2
2024.11.20	00:56:01.495	0.83555	0.83591			6
2024.11.20	00:56:07.150		0.83590			4
2024.11.20	00:56:14.322	0.83556	0.83588			6
2024.11.20	00:56:14.781	0.83557	0.83587			6
2024.11.20	00:56:17.355		0.83586			4
2024.11.20	00:56:18.251		0.83585			4
2024.11.20	00:56:26.040	0.83558	0.83583			6
2024.11.20	00:56:36.248		0.83585			4
2024.11.20	00:56:37.477		0.83586			4
2024.11.20	00:56:38.051		0.83589			4
2024.11.20	00:56:46.033		0.83590			4
2024.11.20	00:56:50.762		0.83592			4
2024.11.20	00:56:54.394		0.83589			4
2024.11.20	00:56:56.713	0.83557				2
2024.11.20	00:57:01.721	0.83557				2
2024.11.20	00:57:04.490		0.83590			4
2024.11.20	00:57:05.168		0.83588			4
2024.11.20	00:57:08.632		0.83589			4
2024.11.20	00:57:08.949	0.83556				2
2024.11.20	00:57:12.461	0.83557	0.83588			6
2024.11.20	00:57:25.751		0.83589			4
2024.11.20	00:57:31.696		0.83588			4
2024.11.20	00:57:44.054	0.83558	0.83589			6
2024.11.20	00:57:44.851		0.83585			4
2024.11.20	00:57:45.552	0.83557	0.83583			6
2024.11.20	00:57:57.738		0.83584			4
2024.11.20	00:57:59.649		0.83583			4
2024.11.20	00:58:07.605	0.83557				2
2024.11.20	00:58:09.848	0.83555	0.83585			6
2024.11.20	00:58:10.173	0.83557	0.83583			6
2024.11.20	00:58:10.495	0.83555	0.83584			6
2024.11.20	00:58:12.110		0.83579			4
2024.11.20	00:58:12.659	0.83554	0.83580			6
2024.11.20	00:58:14.201	0.83555	0.83579			6
2024.11.20	00:58:14.661		0.83581			4
2024.11.20	00:58:15.137	0.83553	0.83585			6
2024.11.20	00:58:18.192	0.83554	0.83584			6
2024.11.20	00:58:20.753		0.83581			4
2024.11.20	00:58:22.749		0.83582			4
2024.11.20	00:58:23.064		0.83581			4
2024.11.20	00:58:28.650		0.83580			4
2024.11.20	00:58:35.299		0.83581			4
2024.11.20	00:58:37.761		0.83580			4
2024.11.20	00:58:47.761		0.83579			4
2024.11.20	00:58:48.394		0.83580			4
2024.11.20	00:58:49.451		0.83581			4
2024.11.20	00:58:52.509		0.83582			4
2024.11.20	00:58:52.976		0.83581			4
2024.11.20	00:58:54.506		0.83587			4
2024.11.20	00:58:56.746	0.83557	0.83584			6
2024.11.20	00:58:58.454		0.83585			4
2024.11.20	00:59:00.449	0.83557				2
2024.11.20	00:59:00.770		0.83586			4
2024.11.20	00:59:03.562	0.83556	0.83581			6
2024.11.20	00:59:03.869	0.83554	0.83583			6
2024.11.20	00:59:04.341	0.83552	0.83577			6
2024.11.20	00:59:05.491	0.83553	0.83583			6
2024.11.20	00:59:14.469		0.83584			4
2024.11.20	00:59:16.367		0.83585			4
2024.11.20	00:59:16.669		0.83580			4
2024.11.20	00:59:18.087	0.83552	0.83577			6
2024.11.20	00:59:19.149	0.83553	0.83578			6
2024.11.20	00:59:20.228	0.83552	0.83584			6
2024.11.20	00:59:20.778	0.83553				2
2024.11.20	00:59:24.261		0.83581			4
2024.11.20	00:59:28.709		0.83580			4
2024.11.20	00:59:34.107		0.83581			4
2024.11.20	00:59:38.948		0.83578			4
2024.11.20	00:59:39.317	0.83552				2
2024.11.20	00:59:39.651	0.83551	0.83576			6
2024.11.20	00:59:40.079	0.83550	0.83575			6
2024.11.20	00:59:42.119	0.83551	0.83576			6
2024.11.20	00:59:42.462	0.83548	0.83573			6
2024.11.20	00:59:43.230	0.83550	0.83574			6
2024.11.20	00:59:43.596	0.83549				2
2024.11.20	00:59:44.649	0.83548	0.83573			6
2024.11.20	00:59:45.680	0.83551	0.83576			6
2024.11.20	00:59:47.839		0.83578			4
2024.11.20	00:59:49.375	0.83553	0.83579			6
2024.11.20	00:59:50.597		0.83581			4
2024.11.20	00:59:51.269		0.83580			4
2024.11.20	00:59:52.377		0.83578			4
2024.11.20	00:59:55.751	0.83552	0.83577			6
2024.11.20	00:59:57.286	0.83551				2
2024.11.20	00:59:57.885	0.83550	0.83576			6
2024.11.20	01:00:00.314	0.83547	0.83585			6
2024.11.20	01:00:00.631	0.83539	0.83582			6
2024.11.20	01:00:00.942	0.83543	0.83581			6
2024.11.20	01:00:01.244	0.83544				2
2024.11.20	01:00:01.576	0.83545				2
2024.11.20	01:00:01.905		0.83578			4
2024.11.20	01:00:02.296	0.83552	0.83581			6
2024.11.20	01:00:02.658	0.83553				2
2024.11.20	01:00:03.116	0.83554	0.83582			6
2024.11.20	01:00:03.542	0.83552	0.83580			6
2024.11.20	01:00:03.899	0.83555	0.83583			6
2024.11.20	01:00:04.499	0.83544	0.83578			6
2024.11.20	01:00:05.392	0.83543	0.83572			6
2024.11.20	01:00:05.746	0.83544				2
2024.11.20	01:00:06.103	0.83548				2
2024.11.20	01:00:06.920	0.83539	0.83570			6
2024.11.20	01:00:07.230	0.83534				2
2024.11.20	01:00:08.012	0.83538	0.83567			6
2024.11.20	01:00:08.346		0.83569			4
2024.11.20	01:00:09.396		0.83566			4
2024.11.20	01:00:09.794		0.83564			4
2024.11.20	01:00:10.319	0.83537				2
2024.11.20	01:00:10.665	0.83539				2
2024.11.20	01:00:11.051	0.83541	0.83565			6
2024.11.20	01:00:13.577		0.83564			4
2024.11.20	01:00:14.712	0.83542	0.83566			6
2024.11.20	01:00:15.014		0.83560			4
2024.11.20	01:00:15.324		0.83562			4
2024.11.20	01:00:15.672	0.83540				2
2024.11.20	01:00:16.393	0.83546				2
2024.11.20	01:00:17.303	0.83543				2
2024.11.20	01:00:17.861	0.83546				2
2024.11.20	01:00:18.422	0.83545				2
2024.11.20	01:00:19.023	0.83549				2
2024.11.20	01:00:19.327	0.83548				2
2024.11.20	01:00:19.683	0.83547				2
2024.11.20	01:00:20.345	0.83555	0.83572			6
2024.11.20	01:00:21.133	0.83554				2
2024.11.20	01:00:23.275	0.83551	0.83571			6
2024.11.20	01:00:23.580	0.83554	0.83569			6
2024.11.20	01:00:24.006	0.83553				2
2024.11.20	01:00:24.402	0.83554	0.83570			6
2024.11.20	01:00:25.776	0.83553				2
2024.11.20	01:00:26.209	0.83555				2
2024.11.20	01:00:26.817	0.83550				2
2024.11.20	01:00:27.122	0.83552				2
2024.11.20	01:00:27.561	0.83554				2
2024.11.20	01:00:27.866	0.83556	0.83572			6
2024.11.20	01:00:29.098	0.83557				2
2024.11.20	01:00:29.525		0.83575			4
2024.11.20	01:00:32.061	0.83559	0.83574			6
2024.11.20	01:00:33.699	0.83558	0.83576			6
2024.11.20	01:00:34.717	0.83557	0.83575			6
2024.11.20	01:00:35.063		0.83576			4
2024.11.20	01:00:35.661	0.83556	0.83573			6
2024.11.20	01:00:39.068	0.83555				2
2024.11.20	01:00:45.574	0.83556				2
2024.11.20	01:00:48.373	0.83554				2
2024.11.20	01:00:50.141	0.83555				2
2024.11.20	01:00:50.545	0.83556				2
2024.11.20	01:00:50.953	0.83557				2
2024.11.20	01:00:53.375	0.83558				2
2024.11.20	01:00:56.404		0.83572			4
2024.11.20	01:00:58.409		0.83571			4
2024.11.20	01:01:00.310	0.83561				2
2024.11.20	01:01:01.491	0.83562				2
2024.11.20	01:01:02.425	0.83559				2
2024.11.20	01:01:02.791		0.83572			4
2024.11.20	01:01:03.092	0.83556				2
2024.11.20	01:01:04.469	0.83554	0.83569			6
2024.11.20	01:01:05.178	0.83552				2
2024.11.20	01:01:06.396	0.83554				2
2024.11.20	01:01:08.522	0.83555				2
2024.11.20	01:01:08.831	0.83557				2
2024.11.20	01:01:10.185	0.83555				2
2024.11.20	01:01:11.721	0.83556				2
2024.11.20	01:01:12.449	0.83555				2
2024.11.20	01:01:14.396	0.83556				2
2024.11.20	01:01:21.484		0.83570			4
2024.11.20	01:01:28.541	0.83558				2
2024.11.20	01:01:36.455	0.83554	0.83567			6
2024.11.20	01:01:36.823	0.83555	0.83565			6
2024.11.20	01:01:38.153		0.83564			4
2024.11.20	01:01:38.497		0.83565			4
2024.11.20	01:01:41.392		0.83567			4
2024.11.20	01:01:42.850		0.83568			4
2024.11.20	01:01:44.054		0.83567			4
2024.11.20	01:01:44.861		0.83568			4
2024.11.20	01:01:45.467		0.83564			4
2024.11.20	01:01:46.738	0.83556				2
2024.11.20	01:01:48.666		0.83567			4
2024.11.20	01:01:48.990	0.83555				2
2024.11.20	01:01:51.500	0.83556	0.83564			6
2024.11.20	01:01:54.703		0.83566			4
2024.11.20	01:01:55.616		0.83567			4
2024.11.20	01:01:56.661		0.83565			4
2024.11.20	01:01:59.441	0.83554	0.83564			6
2024.11.20	01:02:00.116	0.83554				2
2024.11.20	01:02:00.481	0.83553				2
2024.11.20	01:02:09.221	0.83558	0.83569			6
2024.11.20	01:02:11.510	0.83562	0.83574			6
2024.11.20	01:02:12.387		0.83572			4
2024.11.20	01:02:29.048	0.83563				2
2024.11.20	01:02:30.746	0.83564				2
2024.11.20	01:02:36.046	0.83561				2
2024.11.20	01:02:38.857	0.83563				2
2024.11.20	01:02:39.600	0.83564				2
2024.11.20	01:02:40.263	0.83563				2
2024.11.20	01:02:41.352	0.83562				2
2024.11.20	01:02:42.792	0.83563				2
2024.11.20	01:02:43.229		0.83571			4
2024.11.20	01:02:49.217	0.83562	0.83572			6
2024.11.20	01:03:00.250	0.83563	0.83573			6
2024.11.20	01:03:01.148	0.83565	0.83574			6
2024.11.20	01:03:02.157	0.83561	0.83570			6
2024.11.20	01:03:13.247	0.83559	0.83568			6
2024.11.20	01:03:40.754		0.83567			4
2024.11.20	01:03:43.582		0.83568			4
2024.11.20	01:03:50.405		0.83567			4
2024.11.20	01:03:54.786	0.83564	0.83572			6
2024.11.20	01:03:55.112		0.83573			4
2024.11.20	01:04:00.408	0.83564				2
2024.11.20	01:04:05.348		0.83572			4
2024.11.20	01:04:09.655		0.83571			4
2024.11.20	01:04:11.690		0.83572			4
2024.11.20	01:04:24.871		0.83573			4
2024.11.20	01:04:26.653	0.83559	0.83567			6
2024.11.20	01:05:00.295	0.83557				2
2024.11.20	01:05:02.649		0.83568			4
2024.11.20	01:05:07.128	0.83558				2
2024.11.20	01:05:08.091	0.83559				2
2024.11.20	01:05:08.396	0.83562	0.83570			6
2024.11.20	01:05:12.770		0.83569			4
2024.11.20	01:05:13.347	0.83560	0.83568			6
2024.11.20	01:05:15.411	0.83564				2
2024.11.20	01:05:16.285	0.83557				2
2024.11.20	01:05:19.980	0.83559	0.83566			6
2024.11.20	01:05:22.006	0.83557	0.83568			6
2024.11.20	01:05:22.389	0.83558				2
2024.11.20	01:05:30.233	0.83559				2
2024.11.20	01:05:32.801		0.83569			4
2024.11.20	01:05:36.385	0.83557				2
2024.11.20	01:05:47.334	0.83559				2
2024.11.20	01:05:54.016	0.83558				2
2024.11.20	01:05:55.632	0.83559				2
2024.11.20	01:05:56.348	0.83557				2
2024.11.20	01:05:57.701	0.83558	0.83568			6
2024.11.20	01:06:01.099	0.83558				2
2024.11.20	01:06:09.012		0.83569			4
2024.11.20	01:06:21.499	0.83557	0.83566			6
2024.11.20	01:06:26.590		0.83565			4
2024.11.20	01:07:01.479	0.83557				2
2024.11.20	01:07:27.420		0.83565			4
2024.11.20	01:07:40.494	0.83558				2
2024.11.20	01:07:41.363	0.83559	0.83567			6
2024.11.20	01:07:41.949		0.83568			4
2024.11.20	01:07:45.550		0.83567			4
2024.11.20	01:07:46.026	0.83558				2
2024.11.20	01:07:48.582	0.83559				2
2024.11.20	01:07:56.570	0.83558				2
2024.11.20	01:08:00.588	0.83558				2
2024.11.20	01:08:00.953	0.83557	0.83563			6
2024.11.20	01:08:01.505	0.83562				2
2024.11.20	01:08:03.479		0.83565			4
2024.11.20	01:08:07.957		0.83567			4
2024.11.20	01:08:24.554		0.83568			4
2024.11.20	01:08:54.474		0.83567			4
2024.11.20	01:08:56.650		0.83569			4
2024.11.20	01:08:56.961	0.83565	0.83570			6
2024.11.20	01:09:00.333	0.83565				2
2024.11.20	01:09:01.450	0.83562				2
2024.11.20	01:09:08.500		0.83569			4
2024.11.20	01:09:13.155		0.83570			4
2024.11.20	01:09:16.681	0.83561	0.83569			6
2024.11.20	01:09:20.554		0.83568			4
2024.11.20	01:09:21.694	0.83560				2
2024.11.20	01:09:22.448	0.83562				2
2024.11.20	01:09:23.948		0.83567			4
2024.11.20	01:09:32.104		0.83566			4
2024.11.20	01:09:43.972	0.83561				2
2024.11.20	01:09:58.634		0.83565			4
2024.11.20	01:10:00.450	0.83561				2
2024.11.20	01:10:08.285	0.83559	0.83563			6
2024.11.20	01:10:17.110	0.83560	0.83564			6
2024.11.20	01:10:17.424	0.83559				2
2024.11.20	01:10:18.441	0.83562	0.83565			6
2024.11.20	01:10:18.743	0.83561				2
2024.11.20	01:10:20.336	0.83559	0.83564			6
2024.11.20	01:10:51.413		0.83563			4
2024.11.20	01:10:52.339		0.83564			4
2024.11.20	01:11:00.014	0.83560				2
2024.11.20	01:11:09.276		0.83563			4
2024.11.20	01:11:12.285	0.83559	0.83564			6
2024.11.20	01:11:15.855		0.83563			4
2024.11.20	01:11:20.281		0.83561			4
2024.11.20	01:12:00.401	0.83559				2
2024.11.20	01:12:09.836		0.83562			4
2024.11.20	01:12:15.813	0.83562	0.83564			6
2024.11.20	01:12:16.147		0.83566			4
2024.11.20	01:12:26.322	0.83560	0.83562			6
2024.11.20	01:12:30.889	0.83559				2
2024.11.20	01:12:37.517	0.83560	0.83563			6
2024.11.20	01:12:44.464		0.83564			4
2024.11.20	01:12:45.301	0.83559				2
2024.11.20	01:12:49.664		0.83563			4
2024.11.20	01:13:01.009	0.83559				2
2024.11.20	01:13:03.842		0.83561			4
2024.11.20	01:13:04.144		0.83562			4
2024.11.20	01:13:05.153		0.83563			4
2024.11.20	01:13:06.497		0.83562			4
2024.11.20	01:13:09.403	0.83558				2
2024.11.20	01:13:16.042	0.83559				2
2024.11.20	01:13:24.711	0.83558	0.83559			6
2024.11.20	01:13:25.061	0.83556	0.83558			6
2024.11.20	01:13:27.916	0.83558	0.83559			6
2024.11.20	01:13:31.651	0.83559	0.83560			6
2024.11.20	01:13:33.848	0.83558	0.83559			6
2024.11.20	01:13:34.357		0.83560			4
2024.11.20	01:13:35.802		0.83559			4
2024.11.20	01:13:36.908		0.83560			4
2024.11.20	01:13:38.353		0.83559			4
2024.11.20	01:14:00.478	0.83558				2
2024.11.20	01:14:10.359	0.83557				2
2024.11.20	01:14:16.620		0.83560			4
2024.11.20	01:14:19.451		0.83559			4
2024.11.20	01:15:00.389	0.83557				2
2024.11.20	01:15:04.636		0.83560			4
2024.11.20	01:15:05.368	0.83558				2
2024.11.20	01:15:05.684		0.83561			4
2024.11.20	01:15:06.146		0.83562			4
2024.11.20	01:15:08.152		0.83561			4
2024.11.20	01:15:09.314		0.83560			4
2024.11.20	01:15:11.403		0.83561			4
2024.11.20	01:15:34.381		0.83560			4
2024.11.20	01:15:41.960		0.83561			4
2024.11.20	01:15:53.952		0.83560			4
2024.11.20	01:16:00.307	0.83558	0.83561			6
2024.11.20	01:16:04.314		0.83560			4
2024.11.20	01:16:11.952		0.83561			4
2024.11.20	01:16:14.548		0.83560			4
2024.11.20	01:16:18.284		0.83561			4
2024.11.20	01:16:20.470		0.83560			4
2024.11.20	01:16:24.082		0.83559			4
2024.11.20	01:16:29.717	0.83555	0.83556			6
2024.11.20	01:17:00.268	0.83555				2
2024.11.20	01:17:05.288		0.83557			4
2024.11.20	01:17:13.738	0.83556				2
2024.11.20	01:17:38.209	0.83558	0.83559			6
2024.11.20	01:17:46.348	0.83559	0.83560			6
2024.11.20	01:17:50.863	0.83558	0.83559			6
2024.11.20	01:17:51.218	0.83559	0.83560			6
2024.11.20	01:17:57.880	0.83558	0.83559			6
2024.11.20	01:18:00.377	0.83558				2
2024.11.20	01:18:58.328		0.83559			4
2024.11.20	01:19:00.835	0.83558				2
2024.11.20	01:19:53.783	0.83557	0.83558			6
2024.11.20	01:19:55.801	0.83558	0.83559			6
2024.11.20	01:20:00.800	0.83558				2
2024.11.20	01:20:11.523	0.83557	0.83558			6
2024.11.20	01:20:13.930	0.83558	0.83559			6
2024.11.20	01:20:15.955		0.83562			4
2024.11.20	01:20:19.177	0.83557				2
2024.11.20	01:20:26.482	0.83558				2
2024.11.20	01:20:36.961	0.83557	0.83560			6
2024.11.20	01:20:37.325	0.83558				2
2024.11.20	01:20:38.182		0.83559			4
2024.11.20	01:20:53.205	0.83557	0.83558			6
2024.11.20	01:20:54.533	0.83558	0.83559			6
2024.11.20	01:20:56.887	0.83557				2
2024.11.20	01:20:59.095	0.83558				2
2024.11.20	01:21:00.372	0.83557				2
2024.11.20	01:21:00.678		0.83558			4
2024.11.20	01:21:07.640	0.83559	0.83561			6
2024.11.20	01:21:15.931		0.83560			4
2024.11.20	01:21:35.420	0.83558	0.83559			6
2024.11.20	01:21:35.879	0.83559	0.83560			6
2024.11.20	01:21:42.649	0.83558				2
2024.11.20	01:21:43.003	0.83559				2
2024.11.20	01:21:53.485	0.83556				2
2024.11.20	01:21:55.541	0.83557	0.83559			6
2024.11.20	01:21:58.100	0.83556	0.83560			6
2024.11.20	01:21:58.415		0.83559			4
2024.11.20	01:22:00.014	0.83557	0.83560			6
2024.11.20	01:22:00.803	0.83554	0.83557			6
2024.11.20	01:22:01.331	0.83557	0.83560			6
2024.11.20	01:22:01.789	0.83556				2
2024.11.20	01:22:02.875	0.83557				2
2024.11.20	01:22:03.451	0.83556				2
2024.11.20	01:22:07.446	0.83557				2
2024.11.20	01:22:29.699		0.83561			4
2024.11.20	01:22:30.700		0.83560			4
2024.11.20	01:22:58.746	0.83555	0.83559			6
2024.11.20	01:22:59.184	0.83556				2
2024.11.20	01:22:59.956		0.83560			4
2024.11.20	01:23:00.366	0.83556				2
2024.11.20	01:23:01.762		0.83559			4
2024.11.20	01:23:03.394	0.83555				2
2024.11.20	01:23:06.816		0.83560			4
2024.11.20	01:23:08.160	0.83556	0.83559			6
2024.11.20	01:23:11.224	0.83555				2
2024.11.20	01:23:11.553	0.83556				2
2024.11.20	01:23:15.288	0.83553				2
2024.11.20	01:23:15.635	0.83554	0.83558			6
2024.11.20	01:23:15.987	0.83556	0.83559			6
2024.11.20	01:23:17.043	0.83553				2
2024.11.20	01:23:17.355	0.83556				2
2024.11.20	01:24:00.038	0.83556				2
2024.11.20	01:24:17.948		0.83559			4
2024.11.20	01:24:29.837	0.83553				2
2024.11.20	01:24:30.176	0.83556				2
2024.11.20	01:24:43.485	0.83553				2
2024.11.20	01:24:43.921	0.83554				2
2024.11.20	01:24:44.252	0.83553				2
2024.11.20	01:24:44.614		0.83557			4
2024.11.20	01:24:45.737		0.83559			4
2024.11.20	01:24:46.472		0.83557			4
2024.11.20	01:24:46.821		0.83559			4
2024.11.20	01:24:47.142		0.83557			4
2024.11.20	01:24:49.817	0.83555	0.83559			6
2024.11.20	01:24:50.755	0.83554				2
2024.11.20	01:24:51.133	0.83556				2
2024.11.20	01:24:52.128	0.83553				2
2024.11.20	01:24:52.467	0.83556				2
2024.11.20	01:24:53.519	0.83553				2
2024.11.20	01:24:53.837	0.83556				2
2024.11.20	01:24:54.484	0.83553				2
2024.11.20	01:24:55.247		0.83557			4
2024.11.20	01:24:57.791		0.83558			4
2024.11.20	01:25:00.334	0.83553	0.83557			6
2024.11.20	01:25:01.731	0.83555				2
2024.11.20	01:25:02.042	0.83553				2
2024.11.20	01:25:02.890	0.83555	0.83558			6
2024.11.20	01:25:03.245		0.83559			4
2024.11.20	01:25:04.002	0.83556				2
2024.11.20	01:25:04.613	0.83553				2
2024.11.20	01:25:05.403		0.83557			4
2024.11.20	01:25:06.010		0.83559			4
2024.11.20	01:25:07.528	0.83556	0.83558			6
2024.11.20	01:25:07.889		0.83559			4
2024.11.20	01:25:08.335	0.83553				2
2024.11.20	01:25:08.672	0.83556				2
2024.11.20	01:25:09.384	0.83553	0.83557			6
2024.11.20	01:25:10.333		0.83559			4
2024.11.20	01:25:14.636	0.83555				2
2024.11.20	01:25:16.083	0.83553				2
2024.11.20	01:25:24.962	0.83554				2
2024.11.20	01:25:25.271	0.83552	0.83558			6
2024.11.20	01:25:28.456		0.83557			4
2024.11.20	01:25:53.692		0.83558			4
2024.11.20	01:25:56.805	0.83556	0.83559			6
2024.11.20	01:25:58.341	0.83557				2
2024.11.20	01:26:00.522	0.83557				2
2024.11.20	01:26:01.384		0.83560			4
2024.11.20	01:26:01.709	0.83555	0.83557			6
2024.11.20	01:26:02.022	0.83556	0.83558			6
2024.11.20	01:26:03.467	0.83555	0.83557			6
2024.11.20	01:26:03.785	0.83553	0.83555			6
2024.11.20	01:26:04.224		0.83557			4
2024.11.20	01:26:07.925	0.83555				2
2024.11.20	01:26:10.318	0.83556	0.83558			6
2024.11.20	01:26:16.713	0.83557				2
2024.11.20	01:26:50.262	0.83556	0.83557			6
2024.11.20	01:26:50.569	0.83553				2
2024.11.20	01:26:50.921	0.83554				2
2024.11.20	01:26:54.679	0.83553	0.83556			6
2024.11.20	01:26:54.986	0.83554				2
2024.11.20	01:26:56.419	0.83557	0.83558			6
2024.11.20	01:27:00.120	0.83557				2
2024.11.20	01:27:14.320	0.83555				2
2024.11.20	01:27:19.151		0.83557			4
2024.11.20	01:27:23.493	0.83556	0.83558			6
2024.11.20	01:27:28.358		0.83557			4
2024.11.20	01:27:33.512		0.83558			4
2024.11.20	01:27:48.096		0.83557			4
2024.11.20	01:28:00.350	0.83556				2
2024.11.20	01:28:01.477	0.83555				2
2024.11.20	01:28:02.613	0.83556				2
2024.11.20	01:28:04.812	0.83554				2
2024.11.20	01:28:07.101	0.83556				2
2024.11.20	01:28:07.881	0.83554				2
2024.11.20	01:28:10.639	0.83556				2
2024.11.20	01:28:53.062		0.83557			4
2024.11.20	01:29:04.759	0.83556				2
2024.11.20	01:29:11.709	0.83557	0.83558			6
2024.11.20	01:29:26.349		0.83559			4
2024.11.20	01:29:29.651		0.83558			4
2024.11.20	01:29:59.744		0.83559			4
2024.11.20	01:30:00.188	0.83557				2
2024.11.20	01:30:01.527		0.83558			4
2024.11.20	01:30:02.049	0.83555	0.83559			6
2024.11.20	01:30:04.193	0.83558				2
2024.11.20	01:30:12.335		0.83560			4
2024.11.20	01:30:45.050	0.83560	0.83561			6
2024.11.20	01:30:48.690	0.83559	0.83562			6
2024.11.20	01:30:56.051	0.83560				2
2024.11.20	01:30:57.701	0.83561				2
2024.11.20	01:31:00.313	0.83560				2
2024.11.20	01:31:01.521	0.83559	0.83561			6
2024.11.20	01:31:08.022	0.83558	0.83560			6
2024.11.20	01:31:14.150	0.83559	0.83561			6
2024.11.20	01:31:15.297	0.83558				2
2024.11.20	01:31:20.955	0.83559				2
2024.11.20	01:31:21.696	0.83558	0.83560			6
2024.11.20	01:31:22.004	0.83559	0.83561			6
2024.11.20	01:31:25.764		0.83560			4
2024.11.20	01:31:35.256		0.83561			4
2024.11.20	01:31:41.614		0.83560			4
2024.11.20	01:31:42.351		0.83561			4
2024.11.20	01:32:02.523	0.83559				2
2024.11.20	01:32:14.823	0.83560				2
2024.11.20	01:32:16.910	0.83559				2
2024.11.20	01:32:35.725	0.83560				2
2024.11.20	01:32:45.161		0.83561			4
2024.11.20	01:32:46.332	0.83559	0.83560			6
2024.11.20	01:32:49.772		0.83561			4
2024.11.20	01:33:02.961	0.83559				2
2024.11.20	01:33:04.401	0.83558	0.83560			6
2024.11.20	01:33:10.764	0.83559				2
2024.11.20	01:33:24.527	0.83564	0.83565			6
2024.11.20	01:33:25.861		0.83566			4
2024.11.20	01:33:27.445	0.83563	0.83565			6
2024.11.20	01:33:29.384	0.83564				2
2024.11.20	01:33:32.349	0.83563	0.83564			6
2024.11.20	01:33:32.663	0.83565	0.83569			6
2024.11.20	01:33:32.967	0.83566	0.83568			6
2024.11.20	01:33:33.638		0.83567			4
2024.11.20	01:33:36.795	0.83565	0.83566			6
2024.11.20	01:33:37.847	0.83566	0.83567			6
2024.11.20	01:33:40.116	0.83567	0.83568			6
2024.11.20	01:33:49.539	0.83566				2
2024.11.20	01:33:50.821	0.83567				2
2024.11.20	01:33:56.286	0.83566	0.83567			6
2024.11.20	01:34:00.094	0.83566				2
2024.11.20	01:34:00.445	0.83567	0.83569			6
2024.11.20	01:34:01.105	0.83568				2
2024.11.20	01:34:05.967	0.83567	0.83568			6
2024.11.20	01:34:08.508	0.83572	0.83573			6
2024.11.20	01:34:11.506	0.83571	0.83572			6
2024.11.20	01:34:12.166	0.83570	0.83571			6
2024.11.20	01:34:16.094	0.83569	0.83570			6
2024.11.20	01:34:20.458	0.83567				2
2024.11.20	01:34:21.884	0.83568	0.83569			6
2024.11.20	01:34:22.199	0.83569	0.83570			6
2024.11.20	01:34:49.513	0.83568	0.83569			6
2024.11.20	01:34:51.183	0.83569	0.83570			6
2024.11.20	01:34:53.223	0.83568	0.83569			6
2024.11.20	01:34:57.285		0.83570			4
2024.11.20	01:34:57.935		0.83569			4
2024.11.20	01:34:58.853	0.83569	0.83570			6
2024.11.20	01:35:00.041	0.83569				2
2024.11.20	01:35:03.942	0.83568	0.83569			6
2024.11.20	01:35:19.962	0.83569	0.83570			6
2024.11.20	01:35:29.688	0.83568	0.83569			6
2024.11.20	01:35:37.667	0.83566				2
2024.11.20	01:35:37.971		0.83570			4
2024.11.20	01:35:41.553	0.83569				2
2024.11.20	01:35:46.918	0.83570	0.83571			6
2024.11.20	01:35:56.133	0.83569	0.83570			6
2024.11.20	01:36:00.004	0.83569				2
2024.11.20	01:36:06.184	0.83568	0.83569			6
2024.11.20	01:36:09.226	0.83571	0.83572			6
2024.11.20	01:36:13.534	0.83570	0.83571			6
2024.11.20	01:37:00.347	0.83569	0.83570			6
2024.11.20	01:37:02.341	0.83570	0.83571			6
2024.11.20	01:37:03.445	0.83572	0.83573			6
2024.11.20	01:37:05.368		0.83575			4
2024.11.20	01:37:06.934	0.83573	0.83574			6
2024.11.20	01:37:07.554	0.83572	0.83575			6
2024.11.20	01:37:07.895	0.83573	0.83576			6
2024.11.20	01:37:08.363	0.83578	0.83579			6
2024.11.20	01:37:08.665	0.83575	0.83576			6
2024.11.20	01:37:08.984	0.83573				2
2024.11.20	01:37:09.285		0.83575			4
2024.11.20	01:37:09.588	0.83571	0.83572			6
2024.11.20	01:37:10.393	0.83568	0.83569			6
2024.11.20	01:37:10.999	0.83570	0.83571			6
2024.11.20	01:37:11.862	0.83569	0.83570			6
2024.11.20	01:37:12.171	0.83570	0.83571			6
2024.11.20	01:37:32.983	0.83573	0.83574			6
2024.11.20	01:37:33.301	0.83572	0.83573			6
2024.11.20	01:37:36.806	0.83571	0.83572			6
2024.11.20	01:37:39.078	0.83570	0.83571			6
2024.11.20	01:37:58.375	0.83571	0.83572			6
2024.11.20	01:38:00.355	0.83571				2
2024.11.20	01:38:04.901	0.83572	0.83573			6
2024.11.20	01:38:06.570	0.83571	0.83572			6
2024.11.20	01:38:09.573		0.83573			4
2024.11.20	01:38:10.073		0.83575			4
2024.11.20	01:38:10.385	0.83573	0.83576			6
2024.11.20	01:38:10.687		0.83575			4
2024.11.20	01:38:11.363		0.83577			4
2024.11.20	01:38:12.781		0.83576			4
2024.11.20	01:38:14.433		0.83575			4
2024.11.20	01:38:15.775		0.83576			4
2024.11.20	01:38:17.778		0.83577			4
2024.11.20	01:38:19.421		0.83576			4
2024.11.20	01:38:20.888		0.83577			4
2024.11.20	01:38:28.103		0.83576			4
2024.11.20	01:38:33.725		0.83574			4
2024.11.20	01:38:34.670		0.83575			4
2024.11.20	01:38:36.424		0.83576			4
2024.11.20	01:38:39.379		0.83575			4
2024.11.20	01:38:40.709		0.83576			4
2024.11.20	01:38:41.025		0.83575			4
2024.11.20	01:38:42.407		0.83576			4
2024.11.20	01:38:42.726		0.83578			4
2024.11.20	01:38:46.743		0.83577			4
2024.11.20	01:38:53.056		0.83576			4
2024.11.20	01:38:57.584		0.83578			4
2024.11.20	01:38:58.750	0.83574				2
2024.11.20	01:39:01.989	0.83574				2
2024.11.20	01:39:02.802	0.83573				2
2024.11.20	01:39:05.398	0.83576				2
2024.11.20	01:39:07.316	0.83577				2
2024.11.20	01:39:09.688	0.83576				2
2024.11.20	01:39:18.364	0.83575				2
2024.11.20	01:39:19.437	0.83573				2
2024.11.20	01:39:20.963	0.83576				2
2024.11.20	01:39:21.275		0.83577			4
2024.11.20	01:39:21.582	0.83575				2
2024.11.20	01:39:23.787	0.83576	0.83578			6
2024.11.20	01:39:24.416	0.83575	0.83577			6
2024.11.20	01:39:30.203	0.83577	0.83578			6
2024.11.20	01:39:30.898	0.83578	0.83579			6
2024.11.20	01:39:56.222	0.83576	0.83578			6
2024.11.20	01:39:58.358		0.83577			4
2024.11.20	01:39:58.669	0.83574				2
2024.11.20	01:39:59.141	0.83573				2
2024.11.20	01:39:59.854	0.83574				2
2024.11.20	01:40:00.180	0.83574				2
2024.11.20	01:40:02.593	0.83572				2
2024.11.20	01:40:03.991	0.83573				2
2024.11.20	01:40:04.312	0.83572	0.83576			6
2024.11.20	01:40:04.667	0.83571				2
2024.11.20	01:40:07.418	0.83570	0.83574			6
2024.11.20	01:40:07.841		0.83575			4
2024.11.20	01:40:08.971		0.83574			4
2024.11.20	01:40:13.825	0.83571	0.83575			6
2024.11.20	01:40:14.881	0.83570				2
2024.11.20	01:40:15.958	0.83571				2
2024.11.20	01:40:21.521	0.83570	0.83576			6
2024.11.20	01:40:27.150		0.83574			4
2024.11.20	01:40:35.570		0.83575			4
2024.11.20	01:40:38.489	0.83569				2
2024.11.20	01:40:42.621		0.83574			4
2024.11.20	01:40:43.585	0.83571	0.83575			6
2024.11.20	01:40:43.936	0.83570				2
2024.11.20	01:40:44.619		0.83576			4
2024.11.20	01:40:48.206		0.83575			4
2024.11.20	01:40:48.684	0.83571				2
2024.11.20	01:40:48.991	0.83570				2
2024.11.20	01:40:50.685		0.83574			4
2024.11.20	01:40:51.940	0.83569				2
2024.11.20	01:40:52.320		0.83573			4
2024.11.20	01:40:56.710	0.83567	0.83569			6
2024.11.20	01:40:57.415	0.83568	0.83572			6
2024.11.20	01:41:00.057	0.83568				2
2024.11.20	01:41:08.262	0.83565	0.83567			6
2024.11.20	01:41:08.571	0.83567	0.83568			6
2024.11.20	01:41:08.899	0.83566	0.83567			6
2024.11.20	01:41:09.248	0.83565	0.83569			6
2024.11.20	01:41:09.565	0.83566	0.83567			6
2024.11.20	01:41:14.916		0.83568			4
2024.11.20	01:41:15.324	0.83567				2
2024.11.20	01:41:15.627	0.83568	0.83569			6
2024.11.20	01:41:17.440	0.83571	0.83572			6
2024.11.20	01:41:21.836	0.83570	0.83571			6
2024.11.20	01:41:35.948	0.83569	0.83570			6
2024.11.20	01:41:51.680	0.83570	0.83571			6
2024.11.20	01:41:57.013	0.83569	0.83570			6
2024.11.20	01:42:00.363	0.83569				2
2024.11.20	01:42:04.764	0.83568	0.83569			6
2024.11.20	01:42:12.241	0.83569	0.83570			6
2024.11.20	01:42:12.608	0.83570	0.83571			6
2024.11.20	01:42:30.901	0.83569	0.83570			6
2024.11.20	01:42:31.784	0.83571	0.83572			6
2024.11.20	01:42:42.396	0.83572	0.83573			6
2024.11.20	01:42:46.323	0.83571	0.83572			6
2024.11.20	01:42:51.940	0.83570	0.83571			6
2024.11.20	01:42:52.349	0.83571	0.83572			6
2024.11.20	01:42:57.167	0.83570	0.83571			6
2024.11.20	01:43:00.518	0.83571	0.83572			6
2024.11.20	01:43:12.210	0.83570	0.83571			6
2024.11.20	01:43:12.819	0.83569	0.83570			6
2024.11.20	01:43:13.280	0.83568	0.83569			6
2024.11.20	01:43:25.512	0.83569	0.83570			6
2024.11.20	01:43:28.231	0.83570	0.83571			6
2024.11.20	01:43:41.576	0.83571	0.83572			6
2024.11.20	01:43:42.438	0.83572	0.83575			6
2024.11.20	01:43:45.073	0.83571				2
2024.11.20	01:43:45.832		0.83574			4
2024.11.20	01:43:51.861	0.83572	0.83575			6
2024.11.20	01:43:52.155	0.83573				2
2024.11.20	01:43:52.623	0.83574				2
2024.11.20	01:44:00.273	0.83574				2
2024.11.20	01:44:00.595	0.83573				2
2024.11.20	01:44:03.918	0.83574				2
2024.11.20	01:44:27.678	0.83573	0.83577			6
2024.11.20	01:44:29.560	0.83574	0.83575			6
2024.11.20	01:44:33.113		0.83577			4
2024.11.20	01:44:33.594	0.83575				2
2024.11.20	01:44:35.851		0.83578			4
2024.11.20	01:44:36.175	0.83573				2
2024.11.20	01:44:36.488	0.83574				2
2024.11.20	01:44:41.844	0.83575	0.83576			6
2024.11.20	01:44:43.890	0.83576	0.83577			6
2024.11.20	01:44:45.731	0.83577	0.83578			6
2024.11.20	01:44:47.823	0.83578	0.83579			6
2024.11.20	01:44:51.333	0.83579	0.83580			6
2024.11.20	01:44:52.508	0.83578	0.83579			6
2024.11.20	01:44:53.182	0.83579	0.83580			6
2024.11.20	01:44:54.315	0.83578	0.83581			6
2024.11.20	01:44:57.381	0.83579	0.83580			6
2024.11.20	01:44:59.766	0.83580	0.83581			6
2024.11.20	01:45:00.395	0.83580				2
2024.11.20	01:45:01.645	0.83579	0.83580			6
2024.11.20	01:45:13.384	0.83580	0.83581			6
2024.11.20	01:45:26.773	0.83579	0.83580			6
2024.11.20	01:45:30.844	0.83578	0.83579			6
2024.11.20	01:45:44.783	0.83575	0.83577			6
2024.11.20	01:45:45.085	0.83579	0.83580			6
2024.11.20	01:45:49.291	0.83581	0.83582			6
2024.11.20	01:45:49.611	0.83582	0.83583			6
2024.11.20	01:45:49.953	0.83581	0.83582			6
2024.11.20	01:45:55.713	0.83582	0.83583			6
2024.11.20	01:45:56.353	0.83581				2
2024.11.20	01:45:58.236	0.83582				2
2024.11.20	01:45:59.005	0.83581	0.83582			6
2024.11.20	01:46:00.603	0.83581				2
2024.11.20	01:46:00.980	0.83582	0.83584			6
2024.11.20	01:46:01.341		0.83585			4
2024.11.20	01:46:07.551		0.83583			4
2024.11.20	01:46:09.851	0.83581				2
2024.11.20	01:46:13.617	0.83584	0.83585			6
2024.11.20	01:46:17.581	0.83583	0.83584			6
2024.11.20	01:46:36.857	0.83582	0.83583			6
2024.11.20	01:46:38.094	0.83583	0.83584			6
2024.11.20	01:46:38.411	0.83584	0.83585			6
2024.11.20	01:46:43.146	0.83583	0.83584			6
2024.11.20	01:46:43.822	0.83581	0.83582			6
2024.11.20	01:46:45.379	0.83582	0.83583			6
2024.11.20	01:46:48.571	0.83581	0.83582			6
2024.11.20	01:46:49.159	0.83580	0.83581			6
2024.11.20	01:46:50.723	0.83582	0.83583			6
2024.11.20	01:46:58.541	0.83581	0.83582			6
2024.11.20	01:47:00.609	0.83581				2
2024.11.20	01:47:14.082	0.83580	0.83581			6
2024.11.20	01:47:20.360	0.83581	0.83582			6
2024.11.20	01:47:28.027	0.83580	0.83581			6
2024.11.20	01:47:30.005	0.83579	0.83580			6
2024.11.20	01:47:35.477	0.83572	0.83577			6
2024.11.20	01:47:36.355	0.83575	0.83576			6
2024.11.20	01:47:37.040	0.83576	0.83577			6
2024.11.20	01:47:37.543	0.83577	0.83578			6
2024.11.20	01:48:02.651	0.83577				2
2024.11.20	01:48:38.448		0.83578			4
2024.11.20	01:48:45.502	0.83576	0.83577			6
2024.11.20	01:49:00.705	0.83576				2
2024.11.20	01:49:32.632	0.83578	0.83581			6
2024.11.20	01:49:37.641	0.83577				2
2024.11.20	01:49:38.501	0.83578				2
2024.11.20	01:49:49.485	0.83577				2
2024.11.20	01:49:50.055	0.83578				2
2024.11.20	01:49:50.391		0.83580			4
2024.11.20	01:49:50.700		0.83581			4
2024.11.20	01:49:55.708		0.83580			4
2024.11.20	01:50:00.495	0.83578	0.83582			6
2024.11.20	01:50:01.623	0.83577	0.83580			6
2024.11.20	01:50:02.175	0.83578	0.83579			6
2024.11.20	01:50:11.788	0.83579	0.83580			6
2024.11.20	01:50:15.182	0.83578	0.83582			6
2024.11.20	01:50:21.311		0.83581			4
2024.11.20	01:50:24.738	0.83579				2
2024.11.20	01:50:30.665	0.83578	0.83579			6
2024.11.20	01:50:58.343	0.83582	0.83583			6
2024.11.20	01:50:58.650	0.83583	0.83584			6
2024.11.20	01:51:00.374	0.83583				2
2024.11.20	01:51:11.182	0.83582	0.83583			6
2024.11.20	01:51:30.664	0.83581	0.83582			6
2024.11.20	01:52:00.568	0.83581				2
2024.11.20	01:52:01.401	0.83582	0.83583			6
2024.11.20	01:52:01.764	0.83583	0.83584			6
2024.11.20	01:52:04.718	0.83581	0.83582			6
2024.11.20	01:52:09.872	0.83582	0.83583			6
2024.11.20	01:52:10.170	0.83583	0.83584			6
2024.11.20	01:52:13.873	0.83584	0.83585			6
2024.11.20	01:52:27.125	0.83583	0.83584			6
2024.11.20	01:52:45.199	0.83582	0.83583			6
2024.11.20	01:53:01.174	0.83580	0.83581			6
2024.11.20	01:53:08.172	0.83579	0.83580			6
2024.11.20	01:53:14.048	0.83578	0.83579			6
2024.11.20	01:53:25.960	0.83579	0.83580			6
2024.11.20	01:53:28.029	0.83578	0.83579			6
2024.11.20	01:54:00.121	0.83578				2
2024.11.20	01:54:06.598	0.83576	0.83578			6
2024.11.20	01:54:08.618		0.83577			4
2024.11.20	01:54:12.894	0.83575	0.83578			6
2024.11.20	01:54:16.400	0.83574	0.83577			6
2024.11.20	01:54:19.816	0.83576				2
2024.11.20	01:54:34.584	0.83575				2
2024.11.20	01:54:37.870	0.83574	0.83578			6
2024.11.20	01:54:45.667		0.83577			4
2024.11.20	01:54:45.983	0.83575	0.83576			6
2024.11.20	01:54:50.196	0.83573				2
2024.11.20	01:54:52.089	0.83575				2
2024.11.20	01:54:54.335	0.83573	0.83575			6
2024.11.20	01:54:56.424	0.83571				2
2024.11.20	01:54:58.154		0.83576			4
2024.11.20	01:55:00.658	0.83571				2
2024.11.20	01:55:00.967		0.83575			4
2024.11.20	01:55:03.543	0.83572				2
2024.11.20	01:55:03.854	0.83571	0.83572			6
2024.11.20	01:55:23.403	0.83570	0.83571			6
2024.11.20	01:55:31.032	0.83571	0.83572			6
2024.11.20	01:55:31.378	0.83570	0.83571			6
2024.11.20	01:56:01.166	0.83570				2
2024.11.20	01:56:06.122	0.83571	0.83572			6
2024.11.20	01:56:08.360	0.83570	0.83571			6
2024.11.20	01:56:19.708	0.83571	0.83572			6
2024.11.20	01:56:23.379	0.83570	0.83571			6
2024.11.20	01:56:38.298	0.83568	0.83569			6
2024.11.20	01:56:38.691	0.83567	0.83568			6
2024.11.20	01:56:43.274	0.83566				2
2024.11.20	01:56:46.382	0.83565	0.83566			6
2024.11.20	01:56:50.001	0.83566	0.83567			6
2024.11.20	01:56:53.969	0.83564	0.83565			6
2024.11.20	01:57:00.908	0.83562	0.83563			6
2024.11.20	01:57:01.378	0.83563	0.83564			6
2024.11.20	01:57:08.284	0.83560	0.83561			6
2024.11.20	01:57:09.559	0.83559				2
2024.11.20	01:57:10.753	0.83556	0.83557			6
2024.11.20	01:57:12.178	0.83555	0.83556			6
2024.11.20	01:57:13.076	0.83556	0.83557			6
2024.11.20	01:57:16.380	0.83557	0.83558			6
2024.11.20	01:57:16.926	0.83556	0.83557			6
2024.11.20	01:57:22.621	0.83557	0.83558			6
2024.11.20	01:57:23.975	0.83556	0.83557			6
2024.11.20	01:57:29.731	0.83557	0.83558			6
2024.11.20	01:57:31.677	0.83558	0.83559			6
2024.11.20	01:57:32.304	0.83557	0.83558			6
2024.11.20	01:57:32.677	0.83556	0.83557			6
2024.11.20	01:57:42.382	0.83555	0.83556			6
2024.11.20	01:57:52.171	0.83556	0.83557			6
2024.11.20	01:58:00.074	0.83556				2
2024.11.20	01:58:00.390	0.83555	0.83556			6
2024.11.20	01:58:02.824	0.83559	0.83560			6
2024.11.20	01:58:16.183		0.83561			4
2024.11.20	01:58:17.265		0.83560			4
2024.11.20	01:58:21.417		0.83561			4
2024.11.20	01:58:26.031		0.83560			4
2024.11.20	01:58:26.457	0.83560	0.83561			6
2024.11.20	01:58:28.389	0.83557	0.83559			6
2024.11.20	01:58:31.865	0.83556	0.83560			6
2024.11.20	01:58:34.431	0.83557	0.83558			6
2024.11.20	01:58:38.231	0.83559	0.83560			6
2024.11.20	01:58:43.369	0.83558				2
2024.11.20	01:58:47.434	0.83559				2
2024.11.20	01:58:51.418	0.83558	0.83559			6
2024.11.20	01:58:59.156		0.83560			4
2024.11.20	01:58:59.487	0.83559				2
2024.11.20	01:59:01.158	0.83559				2
2024.11.20	01:59:05.422	0.83558	0.83559			6
2024.11.20	01:59:30.418		0.83560			4
2024.11.20	01:59:31.670	0.83559				2
2024.11.20	01:59:34.425	0.83558	0.83559			6
2024.11.20	01:59:37.574	0.83559	0.83560			6
2024.11.20	01:59:42.422	0.83557	0.83562			6
2024.11.20	01:59:43.390	0.83559	0.83560			6
2024.11.20	01:59:46.432	0.83558	0.83559			6
2024.11.20	01:59:54.494		0.83560			4
2024.11.20	01:59:57.268	0.83559	0.83561			6
2024.11.20	01:59:58.957	0.83558	0.83559			6
2024.11.20	02:00:00.249	0.83558	0.83560			6
2024.11.20	02:00:00.580		0.83559			4
2024.11.20	02:00:01.158	0.83559	0.83560			6
2024.11.20	02:00:01.801	0.83558	0.83559			6
2024.11.20	02:00:02.122	0.83559	0.83560			6
2024.11.20	02:00:03.867	0.83560	0.83561			6
2024.11.20	02:00:05.170	0.83562	0.83563			6
2024.11.20	02:00:05.489	0.83561	0.83562			6
2024.11.20	02:00:05.797	0.83562	0.83563			6
2024.11.20	02:00:06.172	0.83563	0.83564			6
2024.11.20	02:00:11.349	0.83562				2
2024.11.20	02:00:11.681		0.83563			4
2024.11.20	02:00:13.776	0.83563	0.83564			6
2024.11.20	02:00:24.550	0.83562	0.83566			6
2024.11.20	02:00:24.854	0.83563	0.83564			6
2024.11.20	02:00:25.365	0.83564	0.83565			6
2024.11.20	02:00:26.623		0.83566			4
2024.11.20	02:00:27.274		0.83567			4
2024.11.20	02:00:27.624	0.83563				2
2024.11.20	02:00:28.136	0.83564	0.83565			6
2024.11.20	02:00:28.784	0.83562	0.83564			6
2024.11.20	02:00:29.217	0.83561	0.83565			6
2024.11.20	02:00:30.672	0.83563				2
2024.11.20	02:00:31.017	0.83561				2
2024.11.20	02:00:33.734		0.83566			4
2024.11.20	02:00:34.420	0.83562	0.83563			6
2024.11.20	02:00:36.636	0.83563	0.83564			6
2024.11.20	02:00:37.015	0.83562	0.83563			6
2024.11.20	02:00:37.680	0.83563	0.83564			6
2024.11.20	02:00:47.722	0.83564	0.83565			6
2024.11.20	02:00:51.144	0.83565	0.83566			6
2024.11.20	02:00:51.788	0.83566	0.83567			6
2024.11.20	02:01:00.491	0.83566				2
2024.11.20	02:01:01.593	0.83567	0.83568			6
2024.11.20	02:01:23.379	0.83566	0.83567			6
2024.11.20	02:01:48.773	0.83564	0.83565			6
2024.11.20	02:01:49.078	0.83565	0.83566			6
2024.11.20	02:01:50.197		0.83568			4
2024.11.20	02:01:50.508		0.83569			4
2024.11.20	02:01:51.726	0.83566	0.83570			6
2024.11.20	02:01:52.272		0.83567			4
2024.11.20	02:02:00.146	0.83570	0.83571			6
2024.11.20	02:02:00.465	0.83569	0.83570			6
2024.11.20	02:02:01.351	0.83571	0.83572			6
2024.11.20	02:02:02.938	0.83573	0.83574			6
2024.11.20	02:02:16.106	0.83572	0.83573			6
2024.11.20	02:02:16.782	0.83570	0.83571			6
2024.11.20	02:02:17.081	0.83571	0.83572			6
2024.11.20	02:02:20.377	0.83570	0.83571			6
2024.11.20	02:02:21.839	0.83571	0.83572			6
2024.11.20	02:02:22.349	0.83570	0.83571			6
2024.11.20	02:02:22.993	0.83573	0.83574			6
2024.11.20	02:02:24.348	0.83574	0.83575			6
2024.11.20	02:02:27.037	0.83575	0.83576			6
2024.11.20	02:02:27.789	0.83576	0.83577			6
2024.11.20	02:02:30.696	0.83575	0.83576			6
2024.11.20	02:02:32.503	0.83576	0.83577			6
2024.11.20	02:02:33.523	0.83577	0.83578			6
2024.11.20	02:02:35.672	0.83575	0.83576			6
2024.11.20	02:02:41.998	0.83574	0.83575			6
2024.11.20	02:02:46.030	0.83573	0.83574			6
2024.11.20	02:02:46.673	0.83571	0.83572			6
2024.11.20	02:02:47.034	0.83572	0.83573			6
2024.11.20	02:02:47.811	0.83573	0.83574			6
2024.11.20	02:02:49.407	0.83574	0.83575			6
2024.11.20	02:02:50.086	0.83573	0.83574			6
2024.11.20	02:02:51.265	0.83572	0.83573			6
2024.11.20	02:02:54.338	0.83571	0.83572			6
2024.11.20	02:02:59.883	0.83573	0.83574			6
2024.11.20	02:03:00.237	0.83573				2
2024.11.20	02:03:04.871	0.83572	0.83573			6
2024.11.20	02:03:18.241	0.83571	0.83572			6
2024.11.20	02:03:48.621	0.83572	0.83573			6
2024.11.20	02:04:00.491	0.83572				2
2024.11.20	02:04:02.317	0.83571	0.83572			6
2024.11.20	02:04:04.466	0.83572	0.83573			6
2024.11.20	02:04:04.796	0.83573	0.83574			6
2024.11.20	02:04:05.154	0.83572	0.83573			6
2024.11.20	02:04:06.810	0.83573	0.83574			6
2024.11.20	02:04:09.702	0.83574	0.83575			6
2024.11.20	02:04:10.394	0.83573	0.83577			6
2024.11.20	02:04:10.743	0.83574				2
2024.11.20	02:04:11.457		0.83575			4
2024.11.20	02:04:13.812	0.83573	0.83574			6
2024.11.20	02:04:29.074	0.83574	0.83575			6
2024.11.20	02:04:33.465	0.83576	0.83577			6
2024.11.20	02:04:34.034	0.83575	0.83578			6
2024.11.20	02:04:36.368	0.83576	0.83577			6
2024.11.20	02:04:37.176	0.83575	0.83576			6
2024.11.20	02:04:37.561	0.83574	0.83575			6
2024.11.20	02:04:38.049	0.83575	0.83576			6
2024.11.20	02:04:38.370	0.83574	0.83575			6
2024.11.20	02:04:45.498	0.83575	0.83576			6
2024.11.20	02:04:57.327	0.83574	0.83575			6
2024.11.20	02:05:00.512	0.83574				2
2024.11.20	02:05:01.633	0.83575	0.83576			6
2024.11.20	02:05:02.017	0.83574	0.83575			6
2024.11.20	02:05:03.395	0.83576	0.83577			6
2024.11.20	02:05:03.713	0.83575	0.83576			6
2024.11.20	02:05:05.834	0.83576	0.83577			6
2024.11.20	02:05:12.672	0.83575	0.83576			6
2024.11.20	02:05:28.571	0.83576	0.83577			6
2024.11.20	02:05:38.938	0.83575	0.83576			6
2024.11.20	02:05:39.261	0.83574	0.83575			6
2024.11.20	02:05:39.575	0.83573	0.83574			6
2024.11.20	02:05:51.405	0.83574	0.83575			6
2024.11.20	02:06:02.762	0.83574				2
2024.11.20	02:06:10.199	0.83573	0.83574			6
2024.11.20	02:06:24.490	0.83574	0.83575			6
2024.11.20	02:06:25.393	0.83573	0.83574			6
2024.11.20	02:06:25.727	0.83572	0.83573			6
2024.11.20	02:06:31.469	0.83573	0.83574			6
2024.11.20	02:06:33.680	0.83574	0.83575			6
2024.11.20	02:07:00.716	0.83574				2
2024.11.20	02:07:14.077	0.83573	0.83574			6
2024.11.20	02:07:17.570	0.83574	0.83575			6
2024.11.20	02:07:18.662	0.83575	0.83576			6
2024.11.20	02:07:19.461	0.83574	0.83575			6
2024.11.20	02:07:29.561	0.83575	0.83576			6
2024.11.20	02:07:33.787	0.83572	0.83573			6
2024.11.20	02:07:34.348	0.83571	0.83572			6
2024.11.20	02:07:35.367	0.83572	0.83573			6
2024.11.20	02:07:35.819	0.83571	0.83572			6
2024.11.20	02:07:38.979	0.83570	0.83571			6
2024.11.20	02:07:45.961	0.83571	0.83572			6
2024.11.20	02:07:47.972	0.83570	0.83571			6
2024.11.20	02:07:56.045	0.83569	0.83570			6
2024.11.20	02:08:01.281	0.83569				2
2024.11.20	02:08:10.582	0.83570	0.83571			6
2024.11.20	02:08:10.927	0.83569	0.83570			6
2024.11.20	02:08:11.265	0.83568	0.83569			6
2024.11.20	02:08:27.264	0.83567	0.83568			6
2024.11.20	02:08:28.384	0.83568	0.83569			6
2024.11.20	02:08:32.697	0.83567	0.83568			6
2024.11.20	02:08:33.362	0.83566	0.83567			6
2024.11.20	02:08:34.748	0.83565	0.83566			6
2024.11.20	02:08:38.963	0.83564	0.83565			6
2024.11.20	02:08:41.949	0.83565	0.83566			6
2024.11.20	02:08:45.130	0.83564	0.83565			6
2024.11.20	02:08:46.285	0.83563	0.83564			6
2024.11.20	02:08:57.097	0.83562				2
2024.11.20	02:08:58.345		0.83563			4
2024.11.20	02:08:59.883	0.83560	0.83561			6
2024.11.20	02:09:00.280	0.83560				2
2024.11.20	02:09:00.861	0.83561	0.83562			6
2024.11.20	02:09:03.402	0.83562	0.83563			6
2024.11.20	02:09:12.202	0.83561	0.83562			6
2024.11.20	02:09:12.929	0.83564	0.83565			6
2024.11.20	02:09:17.923	0.83563	0.83564			6
2024.11.20	02:09:18.242	0.83564	0.83565			6
2024.11.20	02:09:30.614	0.83565	0.83566			6
2024.11.20	02:09:51.392	0.83566	0.83567			6
2024.11.20	02:09:54.154	0.83565	0.83566			6
2024.11.20	02:10:00.225	0.83565				2
2024.11.20	02:10:05.961	0.83564	0.83565			6
2024.11.20	02:10:06.262	0.83563	0.83564			6
2024.11.20	02:10:07.444	0.83562	0.83563			6
2024.11.20	02:10:07.755	0.83563	0.83564			6
2024.11.20	02:10:14.427	0.83562	0.83563			6
2024.11.20	02:10:14.795	0.83561	0.83562			6
2024.11.20	02:10:37.176	0.83564	0.83565			6
2024.11.20	02:10:39.922	0.83562	0.83563			6
2024.11.20	02:10:40.385	0.83561	0.83562			6
2024.11.20	02:10:43.667	0.83560	0.83561			6
2024.11.20	02:10:43.975	0.83561	0.83562			6
2024.11.20	02:10:55.805	0.83562	0.83563			6
2024.11.20	02:10:57.155	0.83563	0.83564			6
2024.11.20	02:10:58.715	0.83564	0.83565			6
2024.11.20	02:11:01.212	0.83564				2
2024.11.20	02:11:26.036	0.83562	0.83563			6
2024.11.20	02:11:34.301	0.83561	0.83562			6
2024.11.20	02:11:35.140	0.83562	0.83563			6
2024.11.20	02:11:40.292	0.83563	0.83564			6
2024.11.20	02:11:43.742		0.83565			4
2024.11.20	02:11:48.599	0.83564				2
2024.11.20	02:11:50.159		0.83566			4
2024.11.20	02:11:52.536	0.83565				2
2024.11.20	02:11:53.411	0.83564	0.83565			6
2024.11.20	02:12:00.520	0.83564				2
2024.11.20	02:12:06.733	0.83565	0.83566			6
2024.11.20	02:12:07.070	0.83564	0.83565			6
2024.11.20	02:12:15.805	0.83563	0.83564			6
2024.11.20	02:12:22.964	0.83562	0.83563			6
2024.11.20	02:12:25.874	0.83561	0.83562			6
2024.11.20	02:12:31.118	0.83562	0.83563			6
2024.11.20	02:12:31.813	0.83563	0.83564			6
2024.11.20	02:12:45.862	0.83562	0.83563			6
2024.11.20	02:12:47.355	0.83563	0.83564			6
2024.11.20	02:12:51.401	0.83562	0.83563			6
2024.11.20	02:12:53.547	0.83561	0.83562			6
2024.11.20	02:13:00.381	0.83561				2
2024.11.20	02:13:00.848	0.83560	0.83561			6
2024.11.20	02:13:03.575	0.83559	0.83560			6
2024.11.20	02:13:07.652	0.83558	0.83559			6
2024.11.20	02:13:09.541	0.83559	0.83560			6
2024.11.20	02:13:29.877	0.83558	0.83559			6
2024.11.20	02:13:30.801	0.83557	0.83558			6
2024.11.20	02:13:31.552	0.83556	0.83557			6
2024.11.20	02:13:32.724	0.83558	0.83559			6
2024.11.20	02:13:33.500	0.83557	0.83558			6
2024.11.20	02:13:48.531	0.83558	0.83559			6
2024.11.20	02:13:53.730	0.83561	0.83562			6
2024.11.20	02:14:00.433	0.83560	0.83561			6
2024.11.20	02:14:04.524	0.83559	0.83560			6
2024.11.20	02:14:07.062	0.83560	0.83561			6
2024.11.20	02:14:07.406	0.83558	0.83559			6
2024.11.20	02:14:25.722	0.83559	0.83560			6
2024.11.20	02:14:26.590	0.83558	0.83559			6
2024.11.20	02:14:27.012	0.83559	0.83560			6
2024.11.20	02:14:31.044	0.83560	0.83561			6
2024.11.20	02:14:31.354	0.83559	0.83560			6
2024.11.20	02:14:38.931	0.83558	0.83559			6
2024.11.20	02:14:44.284	0.83559	0.83560			6
2024.11.20	02:14:44.855	0.83558	0.83559			6
2024.11.20	02:14:45.414	0.83559	0.83560			6
2024.11.20	02:14:57.666	0.83560	0.83561			6
2024.11.20	02:14:58.210	0.83559	0.83560			6
2024.11.20	02:15:00.400	0.83559				2
2024.11.20	02:15:07.754	0.83558	0.83559			6
2024.11.20	02:15:27.072	0.83559	0.83560			6
2024.11.20	02:15:30.144		0.83562			4
2024.11.20	02:15:30.464	0.83560	0.83561			6
2024.11.20	02:15:31.598	0.83559	0.83560			6
2024.11.20	02:15:31.967	0.83560	0.83561			6
2024.11.20	02:15:33.735	0.83563	0.83564			6
2024.11.20	02:15:34.420	0.83562	0.83563			6
2024.11.20	02:15:34.870	0.83563	0.83564			6
2024.11.20	02:15:36.674	0.83564	0.83565			6
2024.11.20	02:15:37.885	0.83563	0.83564			6
2024.11.20	02:15:55.301	0.83564	0.83565			6
2024.11.20	02:16:00.509	0.83564				2
2024.11.20	02:16:01.474	0.83563	0.83564			6
2024.11.20	02:16:04.862	0.83564	0.83565			6
2024.11.20	02:16:07.794	0.83563	0.83564			6
2024.11.20	02:16:33.317	0.83564	0.83565			6
2024.11.20	02:16:34.745	0.83563	0.83564			6
2024.11.20	02:17:00.103	0.83563				2
2024.11.20	02:17:00.768	0.83562	0.83563			6
2024.11.20	02:17:20.881	0.83563	0.83564			6
2024.11.20	02:17:21.194	0.83562	0.83563			6
2024.11.20	02:17:26.996	0.83563	0.83564			6
2024.11.20	02:17:30.540	0.83564	0.83565			6
2024.11.20	02:17:34.160	0.83563	0.83564			6
2024.11.20	02:18:00.085	0.83563				2
2024.11.20	02:18:37.148		0.83564			4
2024.11.20	02:18:48.913	0.83562	0.83563			6
2024.11.20	02:18:57.241	0.83563	0.83564			6
2024.11.20	02:18:59.890	0.83564	0.83565			6
2024.11.20	02:19:00.198	0.83564				2
2024.11.20	02:19:01.934	0.83563	0.83564			6
2024.11.20	02:19:03.651	0.83564	0.83565			6
2024.11.20	02:19:09.045	0.83563	0.83564			6
2024.11.20	02:19:21.229	0.83562	0.83563			6
2024.11.20	02:19:24.087	0.83563	0.83564			6
2024.11.20	02:19:36.691	0.83562	0.83563			6
2024.11.20	02:19:40.717	0.83563	0.83564			6
2024.11.20	02:20:00.743	0.83563				2
2024.11.20	02:20:15.643	0.83562	0.83563			6
2024.11.20	02:20:17.714	0.83561	0.83562			6
2024.11.20	02:20:19.161	0.83562	0.83563			6
2024.11.20	02:20:22.058	0.83563	0.83564			6
2024.11.20	02:20:29.385	0.83562	0.83563			6
2024.11.20	02:20:29.709	0.83563	0.83564			6
2024.11.20	02:20:45.611	0.83562	0.83563			6
2024.11.20	02:21:00.130	0.83562				2
2024.11.20	02:21:06.180	0.83561	0.83562			6
2024.11.20	02:21:39.878	0.83562	0.83563			6
2024.11.20	02:21:41.563	0.83561	0.83562			6
2024.11.20	02:21:52.740	0.83560	0.83561			6
2024.11.20	02:22:00.283	0.83560				2
2024.11.20	02:22:03.362	0.83561	0.83562			6
2024.11.20	02:22:05.433	0.83560	0.83561			6
2024.11.20	02:22:09.612	0.83561	0.83562			6
2024.11.20	02:22:18.253	0.83560	0.83561			6
2024.11.20	02:22:25.350	0.83561	0.83562			6
2024.11.20	02:22:27.800	0.83559				2
2024.11.20	02:22:28.117		0.83563			4
2024.11.20	02:22:28.418	0.83560				2
2024.11.20	02:22:34.966	0.83561				2
2024.11.20	02:22:40.661	0.83560				2
2024.11.20	02:22:58.774	0.83559				2
2024.11.20	02:22:59.170		0.83562			4
2024.11.20	02:23:00.564	0.83559				2
2024.11.20	02:23:03.632		0.83561			4
2024.11.20	02:23:05.146		0.83562			4
2024.11.20	02:23:05.942	0.83557	0.83559			6
2024.11.20	02:23:06.267		0.83558			4
2024.11.20	02:23:06.577	0.83556	0.83557			6
2024.11.20	02:23:07.017	0.83555	0.83558			6
2024.11.20	02:23:07.321	0.83554	0.83557			6
2024.11.20	02:23:08.183		0.83558			4
2024.11.20	02:23:26.949		0.83557			4
2024.11.20	02:23:28.124	0.83553	0.83556			6
2024.11.20	02:23:28.980	0.83552				2
2024.11.20	02:23:33.012		0.83555			4
2024.11.20	02:23:34.302		0.83556			4
2024.11.20	02:23:38.698	0.83553				2
2024.11.20	02:23:40.410	0.83558	0.83560			6
2024.11.20	02:23:41.192	0.83557	0.83559			6
2024.11.20	02:23:41.690	0.83555				2
2024.11.20	02:23:48.535		0.83558			4
2024.11.20	02:24:00.642	0.83555				2
2024.11.20	02:24:08.293	0.83556				2
2024.11.20	02:24:08.654		0.83559			4
2024.11.20	02:24:10.354	0.83558				2
2024.11.20	02:24:10.664		0.83560			4
2024.11.20	02:24:16.855	0.83563	0.83564			6
2024.11.20	02:24:17.231		0.83565			4
2024.11.20	02:24:18.970	0.83564				2
2024.11.20	02:24:20.279	0.83562	0.83564			6
2024.11.20	02:24:21.949	0.83561				2
2024.11.20	02:24:22.265	0.83560	0.83563			6
2024.11.20	02:24:24.778		0.83564			4
2024.11.20	02:24:29.239		0.83563			4
2024.11.20	02:24:32.239	0.83562	0.83564			6
2024.11.20	02:24:35.010		0.83565			4
2024.11.20	02:24:39.796	0.83563				2
2024.11.20	02:24:42.963	0.83561	0.83564			6
2024.11.20	02:24:43.970		0.83565			4
2024.11.20	02:24:45.880	0.83562	0.83564			6
2024.11.20	02:24:50.746	0.83561	0.83565			6
2024.11.20	02:24:51.083		0.83564			4
2024.11.20	02:24:53.888	0.83562	0.83566			6
2024.11.20	02:24:58.537	0.83561	0.83565			6
2024.11.20	02:25:01.077	0.83561				2
2024.11.20	02:25:01.459	0.83562				2
2024.11.20	02:25:02.316	0.83561				2
2024.11.20	02:25:02.989	0.83562				2
2024.11.20	02:25:08.054	0.83561				2
2024.11.20	02:25:09.015	0.83562				2
2024.11.20	02:25:11.383	0.83561				2
2024.11.20	02:25:16.255	0.83562				2
2024.11.20	02:25:22.029	0.83561				2
2024.11.20	02:25:24.630	0.83562	0.83566			6
2024.11.20	02:25:31.547	0.83563				2
2024.11.20	02:25:31.863	0.83562				2
2024.11.20	02:25:36.749	0.83564				2
2024.11.20	02:25:38.206	0.83563				2
2024.11.20	02:25:41.916	0.83562				2
2024.11.20	02:26:01.369	0.83562				2
2024.11.20	02:26:24.647		0.83566			4
2024.11.20	02:26:30.582		0.83565			4
2024.11.20	02:26:32.175	0.83561				2
2024.11.20	02:26:37.141	0.83562	0.83566			6
2024.11.20	02:26:59.950		0.83565			4
2024.11.20	02:27:00.363	0.83562				2
2024.11.20	02:27:02.355		0.83566			4
2024.11.20	02:27:13.506	0.83563				2
2024.11.20	02:27:13.824	0.83562				2
2024.11.20	02:27:14.143	0.83563				2
2024.11.20	02:27:15.521		0.83567			4
2024.11.20	02:27:34.913	0.83562	0.83566			6
2024.11.20	02:27:36.931	0.83563				2
2024.11.20	02:27:37.269	0.83562				2
2024.11.20	02:27:42.272	0.83563				2
2024.11.20	02:27:45.453		0.83567			4
2024.11.20	02:27:59.406	0.83564				2
2024.11.20	02:27:59.721		0.83568			4
2024.11.20	02:28:00.039	0.83564				2
2024.11.20	02:28:01.477	0.83566	0.83569			6
2024.11.20	02:28:17.349	0.83567	0.83570			6
2024.11.20	02:28:17.654	0.83568				2
2024.11.20	02:28:18.350	0.83567				2
2024.11.20	02:28:26.357	0.83568				2
2024.11.20	02:28:27.394	0.83567				2
2024.11.20	02:28:29.629	0.83568				2
2024.11.20	02:28:31.681	0.83567				2
2024.11.20	02:28:33.812	0.83568				2
2024.11.20	02:28:51.323	0.83567				2
2024.11.20	02:29:00.095	0.83567				2
2024.11.20	02:29:12.356	0.83566				2
2024.11.20	02:29:16.497	0.83567				2
2024.11.20	02:29:18.446		0.83570			4
2024.11.20	02:29:22.893	0.83568				2
2024.11.20	02:29:26.507	0.83569	0.83572			6
2024.11.20	02:29:32.357	0.83570				2
2024.11.20	02:29:33.458	0.83569				2
2024.11.20	02:29:33.913		0.83570			4
2024.11.20	02:29:34.223	0.83567				2
2024.11.20	02:29:34.665	0.83566				2
2024.11.20	02:29:41.422	0.83567				2
2024.11.20	02:29:41.745	0.83566				2
2024.11.20	02:29:44.407	0.83567				2
2024.11.20	02:29:44.758	0.83568				2
2024.11.20	02:29:45.171	0.83567				2
2024.11.20	02:29:50.427	0.83568				2
2024.11.20	02:29:50.912	0.83567				2
2024.11.20	02:29:51.859	0.83568				2
2024.11.20	02:29:57.246	0.83567				2
2024.11.20	02:29:57.554	0.83568				2
2024.11.20	02:29:59.420	0.83567				2
2024.11.20	02:30:00.068	0.83568				2
2024.11.20	02:30:04.091	0.83567				2
2024.11.20	02:30:05.171	0.83566				2
2024.11.20	02:30:07.575		0.83569			4
2024.11.20	02:30:08.983		0.83570			4
2024.11.20	02:30:10.480	0.83567				2
2024.11.20	02:30:11.576	0.83568				2
2024.11.20	02:30:14.480	0.83569				2
2024.11.20	02:30:14.803	0.83568				2
2024.11.20	02:30:15.211	0.83567				2
2024.11.20	02:30:16.797	0.83566				2
2024.11.20	02:30:18.994	0.83569				2
2024.11.20	02:30:24.761	0.83570	0.83571			6
2024.11.20	02:30:55.302	0.83569				2
2024.11.20	02:30:57.364	0.83570				2
2024.11.20	02:30:59.121	0.83567	0.83570			6
2024.11.20	02:30:59.959	0.83566				2
2024.11.20	02:31:00.369	0.83566				2
2024.11.20	02:31:01.805	0.83568	0.83571			6
2024.11.20	02:31:02.622	0.83567	0.83570			6
2024.11.20	02:31:10.907	0.83568				2
2024.11.20	02:31:11.221	0.83569	0.83571			6
2024.11.20	02:31:11.737		0.83570			4
2024.11.20	02:31:13.566		0.83571			4
2024.11.20	02:31:14.632	0.83568				2
2024.11.20	02:31:14.949	0.83571	0.83572			6
2024.11.20	02:31:16.466	0.83570				2
2024.11.20	02:31:17.851	0.83571				2
2024.11.20	02:31:18.279	0.83570	0.83571			6
2024.11.20	02:31:18.592	0.83569				2
2024.11.20	02:31:19.418	0.83568				2
2024.11.20	02:31:20.031	0.83569				2
2024.11.20	02:31:22.736	0.83570				2
2024.11.20	02:31:24.940	0.83568				2
2024.11.20	02:31:29.201	0.83569	0.83572			6
2024.11.20	02:31:32.056	0.83570				2
2024.11.20	02:31:33.882	0.83569				2
2024.11.20	02:31:34.264	0.83571				2
2024.11.20	02:31:34.601	0.83569				2
2024.11.20	02:31:35.241	0.83570				2
2024.11.20	02:31:35.803	0.83569				2
2024.11.20	02:31:36.827	0.83568				2
2024.11.20	02:31:38.562	0.83569				2
2024.11.20	02:31:40.620	0.83571				2
2024.11.20	02:31:41.928	0.83570				2
2024.11.20	02:31:42.461	0.83571				2
2024.11.20	02:31:42.980	0.83570				2
2024.11.20	02:31:43.484	0.83571				2
2024.11.20	02:31:43.992	0.83570				2
2024.11.20	02:31:44.497	0.83571				2
2024.11.20	02:31:45.292	0.83570				2
2024.11.20	02:31:47.414	0.83572	0.83575			6
2024.11.20	02:31:48.735	0.83571	0.83574			6
2024.11.20	02:31:49.047	0.83572	0.83575			6
2024.11.20	02:31:50.280	0.83573				2
2024.11.20	02:31:54.161	0.83572				2
2024.11.20	02:31:55.041	0.83573				2
2024.11.20	02:31:57.716	0.83572				2
2024.11.20	02:31:59.232	0.83573				2
2024.11.20	02:31:59.583	0.83571				2
2024.11.20	02:32:01.035	0.83571				2
2024.11.20	02:32:04.301	0.83572				2
2024.11.20	02:32:07.224	0.83571	0.83574			6
2024.11.20	02:32:07.556	0.83572				2
2024.11.20	02:32:12.101		0.83575			4
2024.11.20	02:32:13.024	0.83571	0.83574			6
2024.11.20	02:32:15.418	0.83573	0.83575			6
2024.11.20	02:32:16.903	0.83572				2
2024.11.20	02:32:17.874	0.83573				2
2024.11.20	02:32:19.421	0.83572				2
2024.11.20	02:32:27.743	0.83571				2
2024.11.20	02:32:28.346	0.83572				2
2024.11.20	02:32:31.213	0.83574	0.83577			6
2024.11.20	02:32:31.531	0.83575	0.83578			6
2024.11.20	02:32:33.654	0.83574	0.83577			6
2024.11.20	02:32:41.311	0.83576				2
2024.11.20	02:32:53.730	0.83579	0.83581			6
2024.11.20	02:32:57.416	0.83581	0.83582			6
2024.11.20	02:32:59.775	0.83583	0.83585			6
2024.11.20	02:33:00.078	0.83583				2
2024.11.20	02:33:06.868		0.83586			4
2024.11.20	02:33:09.901	0.83585				2
2024.11.20	02:33:16.417	0.83584				2
2024.11.20	02:33:18.802		0.83585			4
2024.11.20	02:33:24.376	0.83582				2
2024.11.20	02:33:26.572	0.83583				2
2024.11.20	02:33:27.021	0.83582				2
2024.11.20	02:33:27.473	0.83583				2
2024.11.20	02:33:28.274	0.83582				2
2024.11.20	02:33:30.278	0.83583				2
2024.11.20	02:33:31.840	0.83581				2
2024.11.20	02:33:41.412		0.83584			4
2024.11.20	02:33:49.560	0.83579	0.83582			6
2024.11.20	02:33:50.758		0.83583			4
2024.11.20	02:34:00.605	0.83578	0.83582			6
2024.11.20	02:34:04.741	0.83575	0.83578			6
2024.11.20	02:34:06.165		0.83577			4
2024.11.20	02:34:06.566		0.83578			4
2024.11.20	02:34:08.432	0.83574	0.83577			6
2024.11.20	02:34:17.567		0.83578			4
2024.11.20	02:34:18.141	0.83575				2
2024.11.20	02:34:18.891	0.83574				2
2024.11.20	02:34:19.387	0.83575				2
2024.11.20	02:34:30.491	0.83574				2
2024.11.20	02:34:32.264	0.83575				2
2024.11.20	02:34:35.831	0.83574	0.83577			6
2024.11.20	02:35:00.459	0.83574				2
2024.11.20	02:35:01.076	0.83575				2
2024.11.20	02:35:04.186	0.83574	0.83578			6
2024.11.20	02:35:05.232	0.83575				2
2024.11.20	02:35:05.697	0.83574				2
2024.11.20	02:35:06.255	0.83575				2
2024.11.20	02:35:11.760	0.83574				2
2024.11.20	02:35:12.376		0.83577			4
2024.11.20	02:35:17.119		0.83579			4
2024.11.20	02:35:19.193		0.83577			4
2024.11.20	02:35:29.123	0.83575				2
2024.11.20	02:35:31.891	0.83574				2
2024.11.20	02:35:32.220	0.83575				2
2024.11.20	02:35:40.017		0.83578			4
2024.11.20	02:35:41.037	0.83574				2
2024.11.20	02:35:42.172	0.83576				2
2024.11.20	02:35:46.265	0.83574				2
2024.11.20	02:35:46.660	0.83576				2
2024.11.20	02:35:48.114	0.83574				2
2024.11.20	02:35:51.624	0.83576				2
2024.11.20	02:35:57.408	0.83574				2
2024.11.20	02:35:58.491	0.83575	0.83577			6
2024.11.20	02:35:58.879	0.83574				2
2024.11.20	02:36:00.501	0.83574				2
2024.11.20	02:36:01.757	0.83575	0.83578			6
2024.11.20	02:36:03.506		0.83577			4
2024.11.20	02:36:03.830		0.83578			4
2024.11.20	02:36:05.436	0.83574				2
2024.11.20	02:36:09.567		0.83577			4
2024.11.20	02:36:30.013	0.83573				2
2024.11.20	02:36:36.966	0.83575				2
2024.11.20	02:36:40.306	0.83574				2
2024.11.20	02:36:42.420	0.83575				2
2024.11.20	02:36:45.249	0.83574				2
2024.11.20	02:36:55.101		0.83579			4
2024.11.20	02:36:55.767		0.83578			4
2024.11.20	02:37:00.019	0.83574				2
2024.11.20	02:37:00.848		0.83577			4
2024.11.20	02:37:12.407		0.83576			4
2024.11.20	02:37:24.354	0.83572	0.83575			6
2024.11.20	02:37:24.662		0.83574			4
2024.11.20	02:37:24.978	0.83571				2
2024.11.20	02:37:31.209	0.83570	0.83573			6
2024.11.20	02:37:35.541		0.83572			4
2024.11.20	02:37:41.173	0.83571				2
2024.11.20	02:37:41.502	0.83570				2
2024.11.20	02:38:03.065	0.83570				2
2024.11.20	02:38:03.434	0.83569				2
2024.11.20	02:38:06.401		0.83571			4
2024.11.20	02:38:29.637	0.83566	0.83569			6
2024.11.20	02:38:29.961		0.83568			4
2024.11.20	02:38:33.392	0.83568	0.83569			6
2024.11.20	02:38:33.965	0.83567				2
2024.11.20	02:38:34.453		0.83570			4
2024.11.20	02:38:35.591		0.83569			4
2024.11.20	02:38:44.309	0.83566				2
2024.11.20	02:38:45.871		0.83568			4
2024.11.20	02:38:55.581	0.83565				2
2024.11.20	02:38:55.887		0.83567			4
2024.11.20	02:38:56.791	0.83567	0.83569			6
2024.11.20	02:38:59.132	0.83568				2
2024.11.20	02:38:59.683		0.83570			4
2024.11.20	02:39:00.134	0.83568				2
2024.11.20	02:39:05.941	0.83567	0.83569			6
2024.11.20	02:39:16.314	0.83566	0.83568			6
2024.11.20	02:39:23.272	0.83565				2
2024.11.20	02:40:00.474	0.83566				2
2024.11.20	02:40:00.812	0.83565				2
2024.11.20	02:40:03.769	0.83566				2
2024.11.20	02:40:04.180	0.83565				2
2024.11.20	02:40:15.113	0.83567				2
2024.11.20	02:40:15.513	0.83566				2
