<DATE>	<TIME>	<BID>	<ASK>	<LAST>	<VOLUME>	<FLAGS>
2024.10.07	00:00:24.261	0.83492	0.83696			6
2024.10.07	00:00:34.287	0.83665	0.83869			6
2024.10.07	00:00:40.225	0.83559	0.83666			6
2024.10.07	00:00:53.575	0.83546	0.83750			6
2024.10.07	00:01:02.606	0.83546				2
2024.10.07	00:01:22.635	0.83508	0.83712			6
2024.10.07	00:02:02.932	0.83508				2
2024.10.07	00:02:27.211		0.83712			4
2024.10.07	00:03:01.302	0.83508				2
2024.10.07	00:03:40.889		0.83712			4
2024.10.07	00:04:01.839	0.83508				2
2024.10.07	00:04:42.629		0.83712			4
2024.10.07	00:05:02.681	0.83508				2
2024.10.07	00:05:45.359		0.83712			4
2024.10.07	00:06:01.822	0.83508				2
2024.10.07	00:06:52.677	0.83509	0.83712			6
2024.10.07	00:07:04.850	0.83509				2
2024.10.07	00:07:47.712	0.83508				2
2024.10.07	00:07:58.238		0.83712			4
2024.10.07	00:08:20.881	0.83508				2
2024.10.07	00:09:03.842	0.83508	0.83712			6
2024.10.07	00:10:00.427	0.83508				2
2024.10.07	00:10:06.754		0.83712			4
2024.10.07	00:10:16.808	0.83541	0.83690			6
2024.10.07	00:10:21.145	0.83546	0.83695			6
2024.10.07	00:10:30.753	0.83547				2
2024.10.07	00:10:36.454		0.83694			4
2024.10.07	00:10:53.252	0.83548				2
2024.10.07	00:11:01.953	0.83548	0.83693			6
2024.10.07	00:11:26.256	0.83549				2
2024.10.07	00:11:31.143		0.83692			4
2024.10.07	00:11:54.453	0.83550				2
2024.10.07	00:12:00.161	0.83550	0.83691			6
2024.10.07	00:12:19.361	0.83551				2
2024.10.07	00:12:24.453		0.83690			4
2024.10.07	00:12:42.756	0.83552				2
2024.10.07	00:12:48.453		0.83689			4
2024.10.07	00:13:01.057	0.83549	0.83707			6
2024.10.07	00:13:05.887	0.83550	0.83708			6
2024.10.07	00:13:15.922	0.83554				2
2024.10.07	00:13:18.459	0.83553	0.83709			6
2024.10.07	00:14:00.872	0.83553				2
2024.10.07	00:14:20.256		0.83709			4
2024.10.07	00:14:21.715	0.83559	0.83703			6
2024.10.07	00:14:25.740	0.83558	0.83704			6
2024.10.07	00:14:29.537	0.83553	0.83710			6
2024.10.07	00:14:31.961		0.83709			4
2024.10.07	00:15:00.611	0.83553				2
2024.10.07	00:15:01.355	0.83554				2
2024.10.07	00:15:04.359		0.83708			4
2024.10.07	00:15:34.957	0.83555				2
2024.10.07	00:15:40.657		0.83707			4
2024.10.07	00:15:48.456	0.83556				2
2024.10.07	00:15:52.356		0.83706			4
2024.10.07	00:16:00.877	0.83556				2
2024.10.07	00:16:25.054	0.83557				2
2024.10.07	00:16:29.253		0.83705			4
2024.10.07	00:16:43.585	0.83558				2
2024.10.07	00:16:44.864	0.83557				2
2024.10.07	00:16:46.357	0.83558				2
2024.10.07	00:16:58.954		0.83704			4
2024.10.07	00:17:00.757	0.83558	0.83705			6
2024.10.07	00:18:00.875	0.83558	0.83705			6
2024.10.07	00:19:05.555	0.83558	0.83705			6
2024.10.07	00:19:08.857	0.83557				2
2024.10.07	00:20:01.299	0.83557				2
2024.10.07	00:20:08.255		0.83705			4
2024.10.07	00:21:09.125	0.83557	0.83705			6
2024.10.07	00:22:01.302	0.83557				2
2024.10.07	00:22:02.312	0.83550				2
2024.10.07	00:22:10.497	0.83547	0.83708			6
2024.10.07	00:22:13.161	0.83550	0.83707			6
2024.10.07	00:22:15.684	0.83549				2
2024.10.07	00:22:17.555	0.83548	0.83708			6
2024.10.07	00:22:44.723	0.83550				2
2024.10.07	00:22:49.356	0.83554				2
2024.10.07	00:22:50.876	0.83553				2
2024.10.07	00:22:54.510	0.83555	0.83709			6
2024.10.07	00:23:09.756	0.83555				2
2024.10.07	00:23:19.460	0.83552	0.83679			6
2024.10.07	00:23:20.854		0.83678			4
2024.10.07	00:23:22.640	0.83553				2
2024.10.07	00:23:46.063		0.83677			4
2024.10.07	00:23:47.256	0.83554				2
2024.10.07	00:24:00.157	0.83554				2
2024.10.07	00:24:10.354		0.83676			4
2024.10.07	00:24:11.854	0.83555				2
2024.10.07	00:24:44.257		0.83675			4
2024.10.07	00:24:45.453	0.83556				2
2024.10.07	00:25:01.353	0.83556				2
2024.10.07	00:25:24.460		0.83674			4
2024.10.07	00:25:27.154	0.83557				2
2024.10.07	00:26:01.056	0.83557				2
2024.10.07	00:26:19.958		0.83673			4
2024.10.07	00:26:22.957	0.83558				2
2024.10.07	00:27:01.653	0.83558				2
2024.10.07	00:27:20.855		0.83673			4
2024.10.07	00:27:38.554		0.83672			4
2024.10.07	00:27:42.456	0.83559				2
2024.10.07	00:28:04.727	0.83559				2
2024.10.07	00:28:39.459		0.83672			4
2024.10.07	00:28:45.157	0.83560	0.83671			6
2024.10.07	00:29:01.302	0.83560				2
2024.10.07	00:29:17.416	0.83550	0.83661			6
2024.10.07	00:29:42.757		0.83660			4
2024.10.07	00:30:00.376	0.83550	0.83661			6
2024.10.07	00:30:05.821		0.83660			4
2024.10.07	00:30:10.875	0.83551	0.83659			6
2024.10.07	00:30:15.496	0.83538	0.83657			6
2024.10.07	00:30:17.254	0.83537	0.83658			6
2024.10.07	00:30:19.876	0.83544				2
2024.10.07	00:30:22.778		0.83659			4
2024.10.07	00:30:23.162	0.83543				2
2024.10.07	00:30:25.251	0.83544	0.83661			6
2024.10.07	00:30:27.154		0.83660			4
2024.10.07	00:30:29.799		0.83661			4
2024.10.07	00:30:30.799	0.83543				2
2024.10.07	00:30:33.761	0.83544				2
2024.10.07	00:30:35.556	0.83543	0.83665			6
2024.10.07	00:30:41.558		0.83666			4
2024.10.07	00:30:42.761		0.83665			4
2024.10.07	00:30:46.768	0.83544				2
2024.10.07	00:30:51.496	0.83545				2
2024.10.07	00:30:52.058		0.83664			4
2024.10.07	00:30:52.386	0.83546	0.83663			6
2024.10.07	00:30:52.709		0.83664			4
2024.10.07	00:30:53.287	0.83544	0.83666			6
2024.10.07	00:30:53.630	0.83545	0.83665			6
2024.10.07	00:30:56.089		0.83664			4
2024.10.07	00:30:56.602	0.83546				2
2024.10.07	00:30:57.197	0.83545				2
2024.10.07	00:30:57.510	0.83546				2
2024.10.07	00:30:58.053	0.83545				2
2024.10.07	00:30:58.999	0.83544	0.83666			6
2024.10.07	00:31:02.257	0.83543				2
2024.10.07	00:31:03.400	0.83545	0.83665			6
2024.10.07	00:31:03.980	0.83544				2
2024.10.07	00:31:04.500	0.83543	0.83666			6
2024.10.07	00:31:05.638	0.83544				2
2024.10.07	00:31:07.114		0.83665			4
2024.10.07	00:31:07.740	0.83542	0.83668			6
2024.10.07	00:31:14.258		0.83667			4
2024.10.07	00:31:16.056		0.83668			4
2024.10.07	00:31:16.957	0.83551				2
2024.10.07	00:31:19.085	0.83545	0.83667			6
2024.10.07	00:31:23.010	0.83553	0.83668			6
2024.10.07	00:31:24.120	0.83546	0.83669			6
2024.10.07	00:31:24.757		0.83670			4
2024.10.07	00:31:25.156	0.83544	0.83672			6
2024.10.07	00:31:27.806	0.83545	0.83671			6
2024.10.07	00:31:29.256	0.83544				2
2024.10.07	00:31:33.153	0.83545				2
2024.10.07	00:31:34.492	0.83554	0.83675			6
2024.10.07	00:31:35.707		0.83676			4
2024.10.07	00:31:36.870		0.83674			4
2024.10.07	00:31:37.407		0.83675			4
2024.10.07	00:31:52.203		0.83674			4
2024.10.07	00:31:52.661		0.83673			4
2024.10.07	00:31:54.139	0.83563	0.83674			6
2024.10.07	00:31:58.656		0.83675			4
2024.10.07	00:32:00.456	0.83563	0.83674			6
2024.10.07	00:32:05.853	0.83569	0.83676			6
2024.10.07	00:32:06.174		0.83675			4
2024.10.07	00:32:09.759		0.83674			4
2024.10.07	00:32:13.056	0.83555	0.83672			6
2024.10.07	00:32:19.122	0.83563	0.83673			6
2024.10.07	00:32:21.371		0.83672			4
2024.10.07	00:32:22.654		0.83671			4
2024.10.07	00:32:33.275		0.83669			4
2024.10.07	00:32:33.594	0.83551				2
2024.10.07	00:32:34.723		0.83667			4
2024.10.07	00:32:41.555		0.83666			4
2024.10.07	00:32:44.099	0.83562	0.83668			6
2024.10.07	00:32:51.153		0.83667			4
2024.10.07	00:32:52.354		0.83668			4
2024.10.07	00:32:56.513		0.83666			4
2024.10.07	00:32:58.659		0.83665			4
2024.10.07	00:33:00.454	0.83558				2
2024.10.07	00:33:18.457		0.83664			4
2024.10.07	00:33:21.459	0.83559				2
2024.10.07	00:33:32.760	0.83558	0.83665			6
2024.10.07	00:33:33.157	0.83557	0.83666			6
2024.10.07	00:33:34.355		0.83665			4
2024.10.07	00:33:37.424	0.83567	0.83668			6
2024.10.07	00:33:46.055		0.83667			4
2024.10.07	00:33:47.855		0.83668			4
2024.10.07	00:33:49.059		0.83667			4
2024.10.07	00:33:58.455	0.83558	0.83666			6
2024.10.07	00:33:58.773		0.83665			4
2024.10.07	00:33:59.254		0.83666			4
2024.10.07	00:34:00.755	0.83558				2
2024.10.07	00:34:02.856		0.83665			4
2024.10.07	00:34:24.296	0.83559	0.83664			6
2024.10.07	00:34:25.356	0.83558	0.83665			6
2024.10.07	00:34:26.556		0.83664			4
2024.10.07	00:34:29.030	0.83565	0.83658			6
2024.10.07	00:34:30.754	0.83564				2
2024.10.07	00:34:33.755	0.83565				2
2024.10.07	00:34:34.411	0.83567				2
2024.10.07	00:34:36.343	0.83566	0.83657			6
2024.10.07	00:34:41.398	0.83568	0.83655			6
2024.10.07	00:34:42.454	0.83570	0.83653			6
2024.10.07	00:34:56.878	0.83576	0.83647			6
2024.10.07	00:34:57.382		0.83646			4
2024.10.07	00:34:58.662	0.83577				2
2024.10.07	00:35:01.301	0.83577				2
2024.10.07	00:35:17.810	0.83578	0.83645			6
2024.10.07	00:35:25.654		0.83644			4
2024.10.07	00:35:26.862	0.83579				2
2024.10.07	00:35:37.656	0.83578				2
2024.10.07	00:35:38.857	0.83579				2
2024.10.07	00:35:40.717	0.83571	0.83652			6
2024.10.07	00:35:42.498	0.83570	0.83653			6
2024.10.07	00:35:44.502	0.83577	0.83645			6
2024.10.07	00:35:46.055	0.83578				2
2024.10.07	00:35:50.881	0.83579	0.83644			6
2024.10.07	00:36:02.256	0.83579				2
2024.10.07	00:36:07.056	0.83580	0.83643			6
2024.10.07	00:36:09.548	0.83584	0.83646			6
2024.10.07	00:36:19.955	0.83585				2
2024.10.07	00:36:26.855		0.83645			4
2024.10.07	00:37:02.554	0.83585				2
2024.10.07	00:37:05.555	0.83586				2
2024.10.07	00:37:15.154		0.83644			4
2024.10.07	00:38:01.307	0.83586				2
2024.10.07	00:38:17.853		0.83644			4
2024.10.07	00:39:01.957	0.83586				2
2024.10.07	00:39:17.857		0.83644			4
2024.10.07	00:39:23.265	0.83588	0.83646			6
2024.10.07	00:39:34.485	0.83585	0.83647			6
2024.10.07	00:39:34.843	0.83587	0.83645			6
2024.10.07	00:39:36.471	0.83584	0.83648			6
2024.10.07	00:39:38.003	0.83585	0.83647			6
2024.10.07	00:39:53.615	0.83587	0.83645			6
2024.10.07	00:40:01.300	0.83587				2
2024.10.07	00:40:16.291	0.83562	0.83636			6
2024.10.07	00:40:16.604	0.83565	0.83632			6
2024.10.07	00:40:17.227	0.83564	0.83633			6
2024.10.07	00:40:19.955	0.83552	0.83645			6
2024.10.07	00:40:20.268	0.83545	0.83652			6
2024.10.07	00:40:20.669	0.83547	0.83650			6
2024.10.07	00:40:22.056	0.83549	0.83648			6
2024.10.07	00:40:22.376	0.83551	0.83647			6
2024.10.07	00:40:23.442	0.83552	0.83645			6
2024.10.07	00:40:26.588	0.83554	0.83643			6
2024.10.07	00:40:26.896		0.83644			4
2024.10.07	00:40:28.840	0.83553				2
2024.10.07	00:40:30.153	0.83555	0.83642			6
2024.10.07	00:40:31.411	0.83552	0.83645			6
2024.10.07	00:40:34.703	0.83550	0.83647			6
2024.10.07	00:40:35.692	0.83556	0.83641			6
2024.10.07	00:40:36.511	0.83555	0.83642			6
2024.10.07	00:40:38.254	0.83556				2
2024.10.07	00:40:39.456		0.83641			4
2024.10.07	00:40:41.897	0.83554	0.83643			6
2024.10.07	00:40:42.259	0.83556	0.83641			6
2024.10.07	00:40:45.909		0.83642			4
2024.10.07	00:40:46.247	0.83558	0.83639			6
2024.10.07	00:40:46.562	0.83565	0.83632			6
2024.10.07	00:40:47.898	0.83566	0.83631			6
2024.10.07	00:40:48.797	0.83567	0.83630			6
2024.10.07	00:40:49.594	0.83564	0.83633			6
2024.10.07	00:40:51.571	0.83562	0.83635			6
2024.10.07	00:40:52.159	0.83561	0.83636			6
2024.10.07	00:40:53.266	0.83562	0.83633			6
2024.10.07	00:40:53.586	0.83563	0.83634			6
2024.10.07	00:40:54.208		0.83635			4
2024.10.07	00:40:55.122	0.83564	0.83633			6
2024.10.07	00:40:58.038	0.83563	0.83634			6
2024.10.07	00:40:58.346	0.83562	0.83636			6
2024.10.07	00:40:59.073	0.83559				2
2024.10.07	00:41:00.113	0.83559				2
2024.10.07	00:41:01.658	0.83560				2
2024.10.07	00:41:05.488	0.83559				2
2024.10.07	00:41:11.312	0.83558	0.83637			6
2024.10.07	00:41:12.619	0.83559				2
2024.10.07	00:41:13.132	0.83558				2
2024.10.07	00:41:15.661		0.83638			4
2024.10.07	00:41:16.656	0.83557				2
2024.10.07	00:41:17.856		0.83639			4
2024.10.07	00:41:18.864	0.83563	0.83638			6
2024.10.07	00:41:22.825	0.83562				2
2024.10.07	00:41:34.056		0.83639			4
2024.10.07	00:41:35.555		0.83638			4
2024.10.07	00:41:36.897		0.83639			4
2024.10.07	00:41:37.289	0.83561				2
2024.10.07	00:41:37.896	0.83562	0.83638			6
2024.10.07	00:41:38.302	0.83561	0.83639			6
2024.10.07	00:41:39.111		0.83640			4
2024.10.07	00:41:41.478	0.83560				2
2024.10.07	00:41:42.754		0.83641			4
2024.10.07	00:41:43.357		0.83640			4
2024.10.07	00:41:44.554	0.83561				2
2024.10.07	00:41:46.535	0.83562	0.83639			6
2024.10.07	00:41:47.915	0.83561				2
2024.10.07	00:41:48.224		0.83640			4
2024.10.07	00:41:48.754		0.83639			4
2024.10.07	00:42:00.427	0.83560	0.83640			6
2024.10.07	00:42:01.054	0.83561				2
2024.10.07	00:42:01.954	0.83560	0.83641			6
2024.10.07	00:42:04.101	0.83559				2
2024.10.07	00:42:05.553		0.83642			4
2024.10.07	00:42:07.555	0.83560	0.83641			6
2024.10.07	00:42:08.569	0.83559				2
2024.10.07	00:42:10.772	0.83560				2
2024.10.07	00:42:22.960	0.83559				2
2024.10.07	00:42:24.442	0.83556				2
2024.10.07	00:42:28.383	0.83554	0.83642			6
2024.10.07	00:42:28.962	0.83551	0.83646			6
2024.10.07	00:42:29.447	0.83554	0.83643			6
2024.10.07	00:42:31.654	0.83553				2
2024.10.07	00:42:32.487		0.83644			4
2024.10.07	00:42:35.854	0.83554	0.83643			6
2024.10.07	00:42:48.501	0.83553	0.83644			6
2024.10.07	00:42:53.593	0.83552	0.83645			6
2024.10.07	00:42:54.154	0.83553	0.83644			6
2024.10.07	00:42:55.228	0.83551	0.83646			6
2024.10.07	00:42:56.244		0.83645			4
2024.10.07	00:42:57.947	0.83590	0.83658			6
2024.10.07	00:42:59.199	0.83592	0.83656			6
2024.10.07	00:43:02.067	0.83592	0.83713			6
2024.10.07	00:43:09.115	0.83593				2
2024.10.07	00:43:11.853	0.83594				2
2024.10.07	00:43:12.576	0.83593				2
2024.10.07	00:43:14.858	0.83594				2
2024.10.07	00:43:28.550	0.83593				2
2024.10.07	00:43:28.962	0.83594	0.83715			6
2024.10.07	00:43:29.509	0.83597	0.83712			6
2024.10.07	00:43:29.853	0.83594	0.83715			6
2024.10.07	00:43:30.541	0.83592	0.83716			6
2024.10.07	00:43:30.869	0.83590	0.83718			6
2024.10.07	00:43:31.657	0.83589	0.83720			6
2024.10.07	00:43:32.017	0.83588				2
2024.10.07	00:43:32.730	0.83587	0.83722			6
2024.10.07	00:43:33.454		0.83721			4
2024.10.07	00:43:34.708	0.83588				2
2024.10.07	00:43:35.252	0.83587				2
2024.10.07	00:43:38.791	0.83588	0.83720			6
2024.10.07	00:43:40.009	0.83589				2
2024.10.07	00:43:41.122	0.83587	0.83722			6
2024.10.07	00:43:41.563		0.83721			4
2024.10.07	00:43:42.753	0.83588				2
2024.10.07	00:43:44.037	0.83587				2
2024.10.07	00:43:49.372	0.83588				2
2024.10.07	00:43:50.859	0.83587				2
2024.10.07	00:43:53.304	0.83589	0.83720			6
2024.10.07	00:43:54.152	0.83588				2
2024.10.07	00:43:59.127	0.83587	0.83721			6
2024.10.07	00:44:00.417	0.83587				2
2024.10.07	00:44:03.377		0.83722			4
2024.10.07	00:44:07.512	0.83584	0.83724			6
2024.10.07	00:44:08.139		0.83725			4
2024.10.07	00:44:09.658	0.83585	0.83724			6
2024.10.07	00:44:10.598	0.83586	0.83723			6
2024.10.07	00:44:14.191	0.83585	0.83724			6
2024.10.07	00:44:18.153		0.83723			4
2024.10.07	00:44:20.153		0.83724			4
2024.10.07	00:44:20.891		0.83723			4
2024.10.07	00:44:21.759		0.83724			4
2024.10.07	00:44:23.131	0.83584	0.83725			6
2024.10.07	00:44:24.055		0.83719			4
2024.10.07	00:44:27.132	0.83585				2
2024.10.07	00:44:30.562	0.83580				2
2024.10.07	00:44:34.531	0.83582				2
2024.10.07	00:44:35.032	0.83583				2
2024.10.07	00:44:35.529	0.83582				2
2024.10.07	00:44:36.586	0.83585				2
2024.10.07	00:44:38.280	0.83576				2
2024.10.07	00:44:38.606	0.83573				2
2024.10.07	00:44:39.018	0.83577				2
2024.10.07	00:44:39.974	0.83580				2
2024.10.07	00:44:41.007	0.83579				2
2024.10.07	00:44:41.558	0.83585				2
2024.10.07	00:44:43.403	0.83581				2
2024.10.07	00:44:44.158	0.83580				2
2024.10.07	00:44:51.431	0.83578				2
2024.10.07	00:44:52.334	0.83577				2
2024.10.07	00:44:53.674	0.83571				2
2024.10.07	00:44:54.852	0.83580				2
2024.10.07	00:44:58.357	0.83581				2
2024.10.07	00:45:00.247	0.83577				2
2024.10.07	00:45:01.405	0.83573				2
2024.10.07	00:45:02.124	0.83559	0.83636			6
2024.10.07	00:45:03.147	0.83563	0.83640			6
2024.10.07	00:45:03.649	0.83566	0.83643			6
2024.10.07	00:45:04.030	0.83579	0.83719			6
2024.10.07	00:45:06.552	0.83592	0.83707			6
2024.10.07	00:45:07.677	0.83591				2
2024.10.07	00:45:08.256	0.83592				2
2024.10.07	00:45:09.757	0.83591				2
2024.10.07	00:45:13.505	0.83588				2
2024.10.07	00:45:13.950	0.83589				2
2024.10.07	00:45:14.554	0.83590				2
2024.10.07	00:45:15.092	0.83588				2
2024.10.07	00:45:15.684	0.83591				2
2024.10.07	00:45:16.379	0.83588				2
2024.10.07	00:45:16.694	0.83591				2
2024.10.07	00:45:18.775	0.83593	0.83708			6
2024.10.07	00:45:19.163	0.83596				2
2024.10.07	00:45:19.497	0.83597				2
2024.10.07	00:45:20.605	0.83596				2
2024.10.07	00:45:24.051	0.83599				2
2024.10.07	00:45:35.739	0.83600				2
2024.10.07	00:45:39.993	0.83599				2
2024.10.07	00:45:41.855	0.83600				2
2024.10.07	00:45:55.957	0.83601				2
2024.10.07	00:45:56.262	0.83600				2
2024.10.07	00:45:59.557	0.83599				2
2024.10.07	00:46:00.867	0.83599				2
2024.10.07	00:46:18.387	0.83609	0.83704			6
2024.10.07	00:46:18.964	0.83608	0.83705			6
2024.10.07	00:46:22.053	0.83607	0.83706			6
2024.10.07	00:46:23.075	0.83608	0.83705			6
2024.10.07	00:46:26.368	0.83609	0.83704			6
2024.10.07	00:46:30.131	0.83608				2
2024.10.07	00:46:32.562		0.83705			4
2024.10.07	00:46:33.543	0.83610	0.83703			6
2024.10.07	00:46:34.120	0.83604	0.83708			6
2024.10.07	00:46:34.624	0.83602				2
2024.10.07	00:46:36.597	0.83601				2
2024.10.07	00:46:37.768	0.83602				2
2024.10.07	00:46:38.839	0.83601	0.83651			6
2024.10.07	00:46:39.374	0.83600	0.83652			6
2024.10.07	00:46:43.413	0.83574	0.83627			6
2024.10.07	00:46:46.590	0.83576	0.83625			6
2024.10.07	00:46:49.358	0.83577				2
2024.10.07	00:46:50.463		0.83624			4
2024.10.07	00:46:54.157	0.83578	0.83623			6
2024.10.07	00:46:57.044	0.83579	0.83622			6
2024.10.07	00:47:00.383	0.83578	0.83623			6
2024.10.07	00:47:01.706		0.83624			4
2024.10.07	00:47:02.111	0.83583	0.83636			6
2024.10.07	00:47:03.203	0.83582	0.83635			6
2024.10.07	00:47:03.971	0.83577	0.83624			6
2024.10.07	00:47:05.284		0.83625			4
2024.10.07	00:47:08.901	0.83576				2
2024.10.07	00:47:13.436		0.83626			4
2024.10.07	00:47:13.926	0.83580	0.83621			6
2024.10.07	00:47:14.592	0.83581	0.83620			6
2024.10.07	00:47:14.895	0.83580	0.83621			6
2024.10.07	00:47:18.153		0.83622			4
2024.10.07	00:47:22.412	0.83579				2
2024.10.07	00:47:34.851	0.83585	0.83616			6
2024.10.07	00:47:35.961	0.83583	0.83618			6
2024.10.07	00:47:36.634	0.83582	0.83619			6
2024.10.07	00:47:37.357	0.83581	0.83620			6
2024.10.07	00:47:43.957	0.83582				2
2024.10.07	00:47:46.055		0.83619			4
2024.10.07	00:47:47.757	0.83581	0.83620			6
2024.10.07	00:47:50.868		0.83621			4
2024.10.07	00:47:58.004		0.83620			4
2024.10.07	00:47:59.289	0.83597	0.83645			6
2024.10.07	00:47:59.756	0.83596	0.83685			6
2024.10.07	00:48:01.656	0.83596				2
2024.10.07	00:48:02.364	0.83597				2
2024.10.07	00:48:02.964	0.83594				2
2024.10.07	00:48:03.959	0.83595	0.83706			6
2024.10.07	00:48:04.978	0.83594				2
2024.10.07	00:48:06.987	0.83588	0.83639			6
2024.10.07	00:48:09.123	0.83601	0.83706			6
2024.10.07	00:48:09.440	0.83602				2
2024.10.07	00:48:09.755	0.83603				2
2024.10.07	00:48:26.261	0.83602				2
2024.10.07	00:48:26.853	0.83603				2
2024.10.07	00:48:28.569	0.83604				2
2024.10.07	00:48:29.390	0.83605				2
2024.10.07	00:48:31.301	0.83611	0.83701			6
2024.10.07	00:48:31.641	0.83612				2
2024.10.07	00:48:32.065	0.83613	0.83700			6
2024.10.07	00:48:36.206		0.83699			4
2024.10.07	00:48:36.799	0.83615	0.83697			6
2024.10.07	00:48:37.445	0.83616				2
2024.10.07	00:48:40.305	0.83612	0.83701			6
2024.10.07	00:48:40.653	0.83609	0.83704			6
2024.10.07	00:48:41.463	0.83608				2
2024.10.07	00:48:42.181	0.83609				2
2024.10.07	00:48:43.319	0.83610	0.83703			6
2024.10.07	00:48:44.289	0.83611	0.83701			6
2024.10.07	00:48:44.905	0.83612				2
2024.10.07	00:48:46.657		0.83700			4
2024.10.07	00:48:47.863	0.83613				2
2024.10.07	00:48:48.325	0.83614	0.83699			6
2024.10.07	00:48:48.994	0.83612	0.83701			6
2024.10.07	00:48:50.016	0.83613	0.83700			6
2024.10.07	00:48:51.073	0.83611	0.83701			6
2024.10.07	00:48:51.585	0.83612				2
2024.10.07	00:48:52.083	0.83614	0.83699			6
2024.10.07	00:48:52.577	0.83611	0.83702			6
2024.10.07	00:48:52.933	0.83610				2
2024.10.07	00:48:53.902	0.83609	0.83703			6
2024.10.07	00:48:54.825	0.83610				2
2024.10.07	00:48:55.192		0.83702			4
2024.10.07	00:48:55.949	0.83612	0.83701			6
2024.10.07	00:48:56.264		0.83702			4
2024.10.07	00:48:57.626	0.83611				2
2024.10.07	00:48:58.458	0.83613	0.83701			6
2024.10.07	00:48:58.850	0.83612				2
2024.10.07	00:48:59.560	0.83613	0.83700			6
2024.10.07	00:49:00.663	0.83613	0.83701			6
2024.10.07	00:49:01.086	0.83611	0.83702			6
2024.10.07	00:49:01.663	0.83612				2
2024.10.07	00:49:02.411		0.83708			4
2024.10.07	00:49:04.957	0.83611				2
2024.10.07	00:49:05.662	0.83606	0.83725			6
2024.10.07	00:49:05.985	0.83605	0.83726			6
2024.10.07	00:49:08.796		0.83733			4
2024.10.07	00:49:09.654	0.83607	0.83731			6
2024.10.07	00:49:10.326		0.83723			4
2024.10.07	00:49:10.872	0.83606	0.83724			6
2024.10.07	00:49:14.602	0.83594	0.83718			6
2024.10.07	00:49:14.953	0.83588				2
2024.10.07	00:49:15.603	0.83600	0.83730			6
2024.10.07	00:49:16.006	0.83596	0.83731			6
2024.10.07	00:49:16.955	0.83597				2
2024.10.07	00:49:17.628	0.83596				2
2024.10.07	00:49:21.013	0.83595				2
2024.10.07	00:49:21.348	0.83597				2
2024.10.07	00:49:22.954	0.83596				2
2024.10.07	00:49:26.407	0.83593				2
2024.10.07	00:49:26.737	0.83594	0.83718			6
2024.10.07	00:49:28.475	0.83592				2
2024.10.07	00:49:30.375	0.83593				2
2024.10.07	00:49:33.629	0.83591				2
2024.10.07	00:49:36.267	0.83592				2
2024.10.07	00:49:40.111	0.83593				2
2024.10.07	00:49:40.544	0.83594				2
2024.10.07	00:49:43.426	0.83592				2
2024.10.07	00:49:47.057	0.83593				2
2024.10.07	00:49:48.582	0.83594				2
2024.10.07	00:49:50.626	0.83596				2
2024.10.07	00:49:51.104	0.83598				2
2024.10.07	00:49:53.727	0.83601				2
2024.10.07	00:49:54.635	0.83603				2
2024.10.07	00:49:55.657	0.83604				2
2024.10.07	00:49:56.632	0.83605				2
2024.10.07	00:50:00.296	0.83605				2
2024.10.07	00:50:03.434	0.83604				2
2024.10.07	00:50:04.483	0.83603				2
2024.10.07	00:50:04.806	0.83602				2
2024.10.07	00:50:05.776	0.83604				2
2024.10.07	00:50:09.358	0.83605				2
2024.10.07	00:50:13.506	0.83609				2
2024.10.07	00:50:13.879	0.83605				2
2024.10.07	00:50:16.022	0.83597				2
2024.10.07	00:50:17.522	0.83596				2
2024.10.07	00:50:20.555	0.83597				2
2024.10.07	00:50:21.803	0.83600	0.83713			6
2024.10.07	00:50:22.794	0.83601				2
2024.10.07	00:50:23.128	0.83606				2
2024.10.07	00:50:26.109	0.83599				2
2024.10.07	00:50:26.617	0.83598				2
2024.10.07	00:50:27.987	0.83606				2
2024.10.07	00:50:28.570	0.83607				2
2024.10.07	00:50:30.376	0.83598				2
2024.10.07	00:50:30.713		0.83712			4
2024.10.07	00:50:31.061	0.83603				2
2024.10.07	00:50:31.447	0.83604				2
2024.10.07	00:50:37.055	0.83605				2
2024.10.07	00:50:39.755	0.83606				2
2024.10.07	00:50:43.292	0.83605				2
2024.10.07	00:50:51.756	0.83606				2
2024.10.07	00:50:54.610	0.83607				2
2024.10.07	00:50:59.855	0.83608				2
2024.10.07	00:51:00.305	0.83607				2
2024.10.07	00:51:00.869	0.83608				2
2024.10.07	00:51:05.398	0.83609				2
2024.10.07	00:51:09.455	0.83610				2
2024.10.07	00:51:25.948		0.83719			4
2024.10.07	00:51:26.257	0.83603	0.83720			6
2024.10.07	00:51:27.757	0.83604				2
2024.10.07	00:51:28.886	0.83602				2
2024.10.07	00:51:29.857	0.83601				2
2024.10.07	00:51:30.363	0.83605				2
2024.10.07	00:51:31.777	0.83601				2
2024.10.07	00:51:33.457	0.83603				2
2024.10.07	00:51:36.863	0.83606				2
2024.10.07	00:51:37.227	0.83608				2
2024.10.07	00:51:37.535	0.83607				2
2024.10.07	00:51:37.866	0.83608				2
2024.10.07	00:51:38.254	0.83603				2
2024.10.07	00:51:42.642	0.83604				2
2024.10.07	00:51:43.656	0.83600				2
2024.10.07	00:51:44.035	0.83605				2
2024.10.07	00:51:44.363	0.83607				2
2024.10.07	00:51:45.457	0.83608				2
2024.10.07	00:51:51.775	0.83609				2
2024.10.07	00:52:02.590	0.83609				2
2024.10.07	00:52:04.143	0.83610				2
2024.10.07	00:52:04.653		0.83719			4
2024.10.07	00:52:13.878		0.83720			4
2024.10.07	00:52:15.156		0.83719			4
2024.10.07	00:52:19.696	0.83611	0.83718			6
2024.10.07	00:52:21.907	0.83610	0.83720			6
2024.10.07	00:52:22.970	0.83604				2
2024.10.07	00:52:23.425	0.83600				2
2024.10.07	00:52:24.543	0.83602				2
2024.10.07	00:52:28.485	0.83601				2
2024.10.07	00:52:29.515	0.83602				2
2024.10.07	00:52:31.957	0.83601				2
2024.10.07	00:52:32.515	0.83602				2
2024.10.07	00:52:34.357	0.83601				2
2024.10.07	00:52:37.205	0.83604				2
2024.10.07	00:52:42.156	0.83603				2
2024.10.07	00:52:49.458	0.83604				2
2024.10.07	00:52:50.826	0.83603				2
2024.10.07	00:52:52.418	0.83602				2
2024.10.07	00:53:00.360	0.83602	0.83713			6
2024.10.07	00:53:08.185	0.83601				2
2024.10.07	00:53:12.458	0.83602				2
2024.10.07	00:53:13.694	0.83603				2
2024.10.07	00:53:14.002	0.83602				2
2024.10.07	00:53:15.893	0.83600				2
2024.10.07	00:53:17.554	0.83601				2
2024.10.07	00:53:18.289	0.83600				2
2024.10.07	00:53:18.877	0.83601				2
2024.10.07	00:53:19.390		0.83700			4
2024.10.07	00:53:19.695	0.83600				2
2024.10.07	00:53:31.290	0.83599				2
2024.10.07	00:53:33.315	0.83600				2
2024.10.07	00:53:37.206	0.83601				2
2024.10.07	00:53:43.127	0.83602				2
2024.10.07	00:53:43.657	0.83601				2
2024.10.07	00:53:53.184	0.83602	0.83712			6
2024.10.07	00:53:58.473	0.83601				2
2024.10.07	00:54:00.303	0.83601				2
2024.10.07	00:54:19.936	0.83603				2
2024.10.07	00:54:20.621	0.83604				2
2024.10.07	00:54:25.058	0.83603				2
2024.10.07	00:54:27.756	0.83604				2
2024.10.07	00:54:30.228	0.83605				2
2024.10.07	00:54:30.947	0.83604				2
2024.10.07	00:54:31.317	0.83602				2
2024.10.07	00:54:33.197	0.83603				2
2024.10.07	00:54:42.049	0.83604				2
2024.10.07	00:54:43.078	0.83605				2
2024.10.07	00:54:48.177		0.83707			4
2024.10.07	00:54:52.085	0.83604				2
2024.10.07	00:54:52.554	0.83602				2
2024.10.07	00:54:53.649	0.83603				2
2024.10.07	00:55:01.300	0.83603				2
2024.10.07	00:55:02.244	0.83601	0.83695			6
2024.10.07	00:55:02.747	0.83604				2
2024.10.07	00:55:05.600		0.83664			4
2024.10.07	00:55:09.126		0.83666			4
2024.10.07	00:55:10.353	0.83603				2
2024.10.07	00:55:10.662	0.83602	0.83664			6
2024.10.07	00:55:10.964		0.83676			4
2024.10.07	00:55:11.633	0.83603	0.83675			6
2024.10.07	00:55:12.891	0.83604	0.83666			6
2024.10.07	00:55:32.894		0.83674			4
2024.10.07	00:55:54.926	0.83605	0.83667			6
2024.10.07	00:55:55.258		0.83665			4
2024.10.07	00:55:55.571		0.83661			4
2024.10.07	00:55:57.174	0.83603	0.83666			6
2024.10.07	00:55:57.762		0.83676			4
2024.10.07	00:55:58.317	0.83605	0.83666			6
2024.10.07	00:56:00.754	0.83604				2
2024.10.07	00:56:01.957	0.83605				2
2024.10.07	00:56:03.456	0.83604				2
2024.10.07	00:56:03.767	0.83603				2
2024.10.07	00:56:06.536	0.83604				2
2024.10.07	00:56:07.111	0.83605				2
2024.10.07	00:56:07.536	0.83604				2
2024.10.07	00:56:07.878	0.83605				2
2024.10.07	00:56:08.541	0.83604				2
2024.10.07	00:56:09.883	0.83605	0.83662			6
2024.10.07	00:56:10.189		0.83666			4
2024.10.07	00:56:13.982	0.83606				2
2024.10.07	00:56:19.964	0.83607				2
2024.10.07	00:56:20.307	0.83606				2
2024.10.07	00:56:21.821	0.83607				2
2024.10.07	00:56:23.498	0.83609				2
2024.10.07	00:56:25.223	0.83606	0.83663			6
2024.10.07	00:56:25.639	0.83609	0.83668			6
2024.10.07	00:56:27.282	0.83608				2
2024.10.07	00:56:28.358	0.83609	0.83666			6
2024.10.07	00:56:35.022	0.83608				2
2024.10.07	00:56:35.328	0.83609				2
2024.10.07	00:56:37.357	0.83610				2
2024.10.07	00:56:38.855	0.83609				2
2024.10.07	00:56:44.608	0.83606				2
2024.10.07	00:56:45.108	0.83610				2
2024.10.07	00:56:46.062	0.83609				2
2024.10.07	00:56:47.694	0.83607				2
2024.10.07	00:56:48.210	0.83610				2
2024.10.07	00:56:51.294	0.83607	0.83663			6
2024.10.07	00:56:51.801	0.83609				2
2024.10.07	00:56:53.554	0.83610				2
2024.10.07	00:56:54.808	0.83609				2
2024.10.07	00:56:55.308	0.83610	0.83664			6
2024.10.07	00:56:57.913	0.83611	0.83663			6
2024.10.07	00:56:58.505	0.83610	0.83669			6
2024.10.07	00:56:59.008	0.83609	0.83662			6
2024.10.07	00:57:01.653	0.83609				2
2024.10.07	00:57:03.500	0.83605	0.83651			6
2024.10.07	00:57:03.864	0.83606	0.83646			6
2024.10.07	00:57:06.494		0.83656			4
2024.10.07	00:57:09.199	0.83603	0.83659			6
2024.10.07	00:57:10.202	0.83602				2
2024.10.07	00:57:15.234	0.83601	0.83648			6
2024.10.07	00:57:16.068	0.83602				2
2024.10.07	00:57:17.909	0.83601				2
2024.10.07	00:57:18.223	0.83604	0.83647			6
2024.10.07	00:57:21.209	0.83605	0.83666			6
2024.10.07	00:57:21.673	0.83601	0.83647			6
2024.10.07	00:57:21.979	0.83605				2
2024.10.07	00:57:25.123	0.83603				2
2024.10.07	00:57:25.532	0.83602				2
2024.10.07	00:57:29.044	0.83601				2
2024.10.07	00:57:29.550	0.83603	0.83646			6
2024.10.07	00:57:30.047		0.83647			4
2024.10.07	00:57:31.601	0.83602				2
2024.10.07	00:57:35.515	0.83604				2
2024.10.07	00:57:36.017	0.83606				2
2024.10.07	00:57:38.555		0.83658			4
2024.10.07	00:57:38.896	0.83602	0.83646			6
2024.10.07	00:57:39.402	0.83605				2
2024.10.07	00:57:45.072	0.83606				2
2024.10.07	00:57:45.475	0.83602				2
2024.10.07	00:57:47.053	0.83603				2
2024.10.07	00:57:52.955	0.83602				2
2024.10.07	00:57:55.039		0.83657			4
2024.10.07	00:57:55.365	0.83603	0.83662			6
2024.10.07	00:57:55.673		0.83661			4
2024.10.07	00:58:00.062	0.83604	0.83655			6
2024.10.07	00:58:04.057	0.83603				2
2024.10.07	00:58:10.354		0.83660			4
2024.10.07	00:58:13.104	0.83604				2
2024.10.07	00:58:15.079	0.83603	0.83662			6
2024.10.07	00:58:17.285	0.83605				2
2024.10.07	00:58:18.802	0.83608				2
2024.10.07	00:58:19.639	0.83609				2
2024.10.07	00:58:20.883	0.83612	0.83659			6
2024.10.07	00:58:21.225	0.83609	0.83662			6
2024.10.07	00:58:26.309	0.83608	0.83663			6
2024.10.07	00:58:27.158	0.83609				2
2024.10.07	00:58:28.357	0.83607				2
2024.10.07	00:58:29.625	0.83604				2
2024.10.07	00:58:30.125	0.83607				2
2024.10.07	00:58:30.642	0.83608				2
2024.10.07	00:58:38.965	0.83604	0.83662			6
2024.10.07	00:58:39.287	0.83607	0.83657			6
2024.10.07	00:58:40.955	0.83608				2
2024.10.07	00:58:43.954	0.83607				2
2024.10.07	00:58:45.084		0.83664			4
2024.10.07	00:58:46.660	0.83604	0.83662			6
2024.10.07	00:58:47.676	0.83607				2
2024.10.07	00:58:48.218	0.83604	0.83663			6
2024.10.07	00:58:48.746	0.83606				2
2024.10.07	00:58:49.355	0.83607				2
2024.10.07	00:58:53.951	0.83606	0.83658			6
2024.10.07	00:58:56.961		0.83657			4
2024.10.07	00:58:57.798	0.83605				2
2024.10.07	00:59:00.196	0.83606	0.83656			6
2024.10.07	00:59:00.663	0.83601	0.83655			6
2024.10.07	00:59:01.109	0.83604	0.83661			6
2024.10.07	00:59:01.459		0.83655			4
2024.10.07	00:59:02.930	0.83598				2
2024.10.07	00:59:03.498	0.83601				2
2024.10.07	00:59:04.294	0.83605	0.83654			6
2024.10.07	00:59:10.475	0.83603	0.83655			6
2024.10.07	00:59:11.040	0.83599	0.83649			6
2024.10.07	00:59:11.541	0.83602				2
2024.10.07	00:59:11.912	0.83601	0.83648			6
2024.10.07	00:59:12.241	0.83599				2
2024.10.07	00:59:12.555	0.83596	0.83649			6
2024.10.07	00:59:12.969	0.83591	0.83648			6
2024.10.07	00:59:13.478	0.83593				2
2024.10.07	00:59:15.132	0.83595				2
2024.10.07	00:59:15.914	0.83594				2
2024.10.07	00:59:16.389	0.83595				2
2024.10.07	00:59:17.721	0.83596				2
2024.10.07	00:59:18.049	0.83595				2
2024.10.07	00:59:18.457	0.83594				2
2024.10.07	00:59:19.080	0.83593				2
2024.10.07	00:59:19.638	0.83595				2
2024.10.07	00:59:21.704	0.83594	0.83668			6
2024.10.07	00:59:23.151	0.83595	0.83666			6
2024.10.07	00:59:24.216	0.83597	0.83665			6
2024.10.07	00:59:27.579		0.83664			4
2024.10.07	00:59:27.973	0.83594	0.83668			6
2024.10.07	00:59:29.128	0.83598	0.83664			6
2024.10.07	00:59:34.656	0.83597	0.83665			6
2024.10.07	00:59:36.886	0.83596				2
2024.10.07	00:59:37.401	0.83578	0.83669			6
2024.10.07	00:59:52.422	0.83564	0.83689			6
2024.10.07	00:59:52.759	0.83566	0.83690			6
2024.10.07	00:59:53.143	0.83574	0.83666			6
2024.10.07	00:59:54.423	0.83576				2
2024.10.07	00:59:54.806	0.83578				2
2024.10.07	00:59:55.656	0.83580				2
2024.10.07	00:59:56.257	0.83581				2
2024.10.07	00:59:57.154	0.83582				2
2024.10.07	00:59:57.754	0.83583				2
2024.10.07	00:59:58.185	0.83584	0.83673			6
2024.10.07	00:59:58.609	0.83589	0.83676			6
2024.10.07	00:59:59.108	0.83590	0.83672			6
2024.10.07	00:59:59.557	0.83591	0.83671			6
2024.10.07	01:00:00.311	0.83585	0.83661			6
2024.10.07	01:00:00.626	0.83579	0.83642			6
2024.10.07	01:00:00.956	0.83578	0.83641			6
2024.10.07	01:00:01.389	0.83583	0.83657			6
2024.10.07	01:00:01.704	0.83593	0.83647			6
2024.10.07	01:00:02.038	0.83591	0.83649			6
2024.10.07	01:00:02.345	0.83587	0.83637			6
2024.10.07	01:00:02.652	0.83585	0.83635			6
2024.10.07	01:00:02.957	0.83587	0.83637			6
2024.10.07	01:00:03.997	0.83588	0.83638			6
2024.10.07	01:00:04.427	0.83592	0.83659			6
2024.10.07	01:00:04.743	0.83595	0.83657			6
2024.10.07	01:00:05.230	0.83596	0.83664			6
2024.10.07	01:00:05.734	0.83594	0.83658			6
2024.10.07	01:00:06.500		0.83666			4
2024.10.07	01:00:07.279	0.83595				2
2024.10.07	01:00:08.353	0.83593	0.83661			6
2024.10.07	01:00:09.870		0.83659			4
2024.10.07	01:00:10.442	0.83592				2
2024.10.07	01:00:11.081	0.83593	0.83664			6
2024.10.07	01:00:12.165	0.83595				2
2024.10.07	01:00:12.590	0.83594				2
2024.10.07	01:00:13.988		0.83667			4
2024.10.07	01:00:14.392		0.83630			4
2024.10.07	01:00:14.704	0.83568	0.83627			6
2024.10.07	01:00:15.018		0.83608			4
2024.10.07	01:00:15.325	0.83577	0.83627			6
2024.10.07	01:00:15.637	0.83580	0.83632			6
2024.10.07	01:00:16.190		0.83631			4
2024.10.07	01:00:16.510	0.83586				2
2024.10.07	01:00:16.818	0.83547	0.83632			6
2024.10.07	01:00:17.204	0.83579				2
2024.10.07	01:00:17.586	0.83576	0.83630			6
2024.10.07	01:00:18.321		0.83629			4
2024.10.07	01:00:19.020		0.83632			4
2024.10.07	01:00:19.356		0.83633			4
2024.10.07	01:00:19.888	0.83584	0.83636			6
2024.10.07	01:00:20.255		0.83637			4
2024.10.07	01:00:20.750		0.83636			4
2024.10.07	01:00:21.402	0.83562	0.83631			6
2024.10.07	01:00:21.704	0.83579	0.83629			6
2024.10.07	01:00:22.005		0.83628			4
2024.10.07	01:00:22.347		0.83633			4
2024.10.07	01:00:23.123		0.83632			4
2024.10.07	01:00:23.871		0.83635			4
2024.10.07	01:00:26.815	0.83561				2
2024.10.07	01:00:27.416		0.83634			4
2024.10.07	01:00:27.837	0.83583	0.83635			6
2024.10.07	01:00:28.656		0.83634			4
2024.10.07	01:00:30.397		0.83635			4
2024.10.07	01:00:30.704		0.83632			4
2024.10.07	01:00:31.339	0.83577	0.83625			6
2024.10.07	01:00:31.644		0.83627			4
2024.10.07	01:00:32.161	0.83581	0.83626			6
2024.10.07	01:00:32.498	0.83577				2
2024.10.07	01:00:32.804		0.83625			4
2024.10.07	01:00:33.168	0.83578				2
2024.10.07	01:00:35.181		0.83624			4
2024.10.07	01:00:40.789	0.83588	0.83620			6
2024.10.07	01:00:41.251	0.83590	0.83610			6
2024.10.07	01:00:42.489		0.83608			4
2024.10.07	01:00:50.039	0.83591	0.83610			6
2024.10.07	01:00:50.701	0.83586	0.83607			6
2024.10.07	01:00:51.667	0.83587	0.83605			6
2024.10.07	01:00:52.502	0.83586	0.83607			6
2024.10.07	01:00:57.323		0.83608			4
2024.10.07	01:01:00.257	0.83600	0.83617			6
2024.10.07	01:01:00.610	0.83601				2
2024.10.07	01:01:00.914	0.83603	0.83619			6
2024.10.07	01:01:01.282	0.83602	0.83622			6
2024.10.07	01:01:02.833		0.83617			4
2024.10.07	01:01:03.155	0.83612	0.83626			6
2024.10.07	01:01:04.288		0.83627			4
2024.10.07	01:01:05.697	0.83610	0.83624			6
2024.10.07	01:01:06.095	0.83611				2
2024.10.07	01:01:06.813	0.83612				2
2024.10.07	01:01:08.949		0.83626			4
2024.10.07	01:01:09.449	0.83611				2
2024.10.07	01:01:14.275	0.83615	0.83631			6
2024.10.07	01:01:14.718		0.83629			4
2024.10.07	01:01:16.859		0.83631			4
2024.10.07	01:01:18.398	0.83616				2
2024.10.07	01:01:21.874		0.83629			4
2024.10.07	01:01:25.491	0.83615	0.83627			6
2024.10.07	01:01:25.832	0.83617	0.83631			6
2024.10.07	01:01:29.112	0.83612				2
2024.10.07	01:01:30.399	0.83613	0.83633			6
2024.10.07	01:01:35.370	0.83611	0.83631			6
2024.10.07	01:01:35.685	0.83613	0.83633			6
2024.10.07	01:01:36.746		0.83635			4
2024.10.07	01:01:40.062	0.83612				2
2024.10.07	01:01:40.954	0.83613				2
2024.10.07	01:01:41.777	0.83612	0.83633			6
2024.10.07	01:01:44.395	0.83614	0.83635			6
2024.10.07	01:01:45.235		0.83634			4
2024.10.07	01:01:47.254	0.83612	0.83632			6
2024.10.07	01:01:48.725	0.83614	0.83633			6
2024.10.07	01:01:51.172		0.83634			4
2024.10.07	01:01:56.556	0.83615				2
2024.10.07	01:01:59.784	0.83610	0.83632			6
2024.10.07	01:02:00.332	0.83611	0.83631			6
2024.10.07	01:02:00.753	0.83612				2
2024.10.07	01:02:01.711		0.83634			4
2024.10.07	01:02:02.302	0.83611	0.83633			6
2024.10.07	01:02:02.616	0.83612				2
2024.10.07	01:02:04.917	0.83616	0.83634			6
2024.10.07	01:02:06.146	0.83613	0.83632			6
2024.10.07	01:02:12.910	0.83614				2
2024.10.07	01:02:15.122	0.83613	0.83628			6
2024.10.07	01:02:16.217	0.83612	0.83630			6
2024.10.07	01:02:22.661	0.83606	0.83622			6
2024.10.07	01:02:22.964	0.83607	0.83623			6
2024.10.07	01:02:24.154	0.83613	0.83628			6
2024.10.07	01:02:26.730	0.83614	0.83630			6
2024.10.07	01:02:30.833	0.83612	0.83628			6
2024.10.07	01:02:31.734		0.83630			4
2024.10.07	01:02:34.236		0.83631			4
2024.10.07	01:02:36.757	0.83613				2
2024.10.07	01:02:38.975	0.83615				2
2024.10.07	01:02:39.833		0.83634			4
2024.10.07	01:02:40.222		0.83631			4
2024.10.07	01:02:41.672		0.83634			4
2024.10.07	01:02:42.675	0.83618	0.83635			6
2024.10.07	01:02:43.076		0.83632			4
2024.10.07	01:02:44.257	0.83617				2
2024.10.07	01:02:45.496	0.83618				2
2024.10.07	01:02:48.162	0.83617				2
2024.10.07	01:02:48.738	0.83621	0.83636			6
2024.10.07	01:02:49.210	0.83620	0.83638			6
2024.10.07	01:02:50.356		0.83635			4
2024.10.07	01:02:51.258	0.83618	0.83634			6
2024.10.07	01:02:51.708	0.83621				2
2024.10.07	01:02:53.857		0.83635			4
2024.10.07	01:02:54.261		0.83636			4
2024.10.07	01:02:56.128	0.83626	0.83640			6
2024.10.07	01:03:00.406	0.83619	0.83638			6
2024.10.07	01:03:00.762	0.83622	0.83639			6
2024.10.07	01:03:03.814		0.83640			4
2024.10.07	01:03:04.362	0.83621	0.83638			6
2024.10.07	01:03:05.124		0.83637			4
2024.10.07	01:03:06.454	0.83620				2
2024.10.07	01:03:06.761		0.83638			4
2024.10.07	01:03:07.091		0.83637			4
2024.10.07	01:03:07.403	0.83623	0.83639			6
2024.10.07	01:03:07.883		0.83640			4
2024.10.07	01:03:08.554		0.83639			4
2024.10.07	01:03:09.522		0.83640			4
2024.10.07	01:03:10.585	0.83624	0.83642			6
2024.10.07	01:03:11.864	0.83628	0.83644			6
2024.10.07	01:03:12.167	0.83630	0.83646			6
2024.10.07	01:03:12.481	0.83627	0.83644			6
2024.10.07	01:03:30.674		0.83643			4
2024.10.07	01:03:31.214		0.83641			4
2024.10.07	01:03:31.524	0.83626				2
2024.10.07	01:03:31.945		0.83640			4
2024.10.07	01:03:32.460		0.83639			4
2024.10.07	01:03:44.940	0.83621	0.83634			6
2024.10.07	01:03:45.552	0.83620				2
2024.10.07	01:03:45.917	0.83621	0.83635			6
2024.10.07	01:03:46.280	0.83625	0.83636			6
2024.10.07	01:03:46.954		0.83637			4
2024.10.07	01:03:48.661	0.83622	0.83633			6
2024.10.07	01:03:48.975		0.83632			4
2024.10.07	01:03:53.193	0.83621				2
2024.10.07	01:03:57.698		0.83631			4
2024.10.07	01:03:58.286		0.83632			4
2024.10.07	01:04:00.755	0.83621	0.83631			6
2024.10.07	01:04:07.368	0.83620				2
2024.10.07	01:04:08.361	0.83621	0.83630			6
2024.10.07	01:04:10.656		0.83631			4
2024.10.07	01:04:12.153		0.83630			4
2024.10.07	01:04:14.997	0.83619	0.83629			6
2024.10.07	01:04:15.668	0.83623	0.83633			6
2024.10.07	01:04:16.598	0.83622				2
2024.10.07	01:04:39.757		0.83632			4
2024.10.07	01:04:41.380	0.83621				2
2024.10.07	01:04:55.997	0.83627	0.83636			6
2024.10.07	01:04:56.523	0.83628	0.83637			6
2024.10.07	01:04:56.978		0.83638			4
2024.10.07	01:05:01.827	0.83628				2
2024.10.07	01:05:03.594	0.83629				2
2024.10.07	01:05:04.966	0.83631	0.83640			6
2024.10.07	01:05:05.276	0.83629				2
2024.10.07	01:05:06.536	0.83626	0.83637			6
2024.10.07	01:05:07.954	0.83625				2
2024.10.07	01:05:09.675		0.83635			4
2024.10.07	01:05:10.770	0.83624	0.83633			6
2024.10.07	01:05:11.321	0.83623				2
2024.10.07	01:05:15.992	0.83629	0.83640			6
2024.10.07	01:05:17.104	0.83628	0.83639			6
2024.10.07	01:05:17.510	0.83627				2
2024.10.07	01:05:18.754	0.83628				2
2024.10.07	01:05:19.280	0.83619	0.83630			6
2024.10.07	01:05:21.080	0.83621	0.83631			6
2024.10.07	01:05:23.601	0.83617	0.83629			6
2024.10.07	01:05:24.946		0.83628			4
2024.10.07	01:05:26.786	0.83618	0.83629			6
2024.10.07	01:05:27.193	0.83617	0.83628			6
2024.10.07	01:05:30.010	0.83614	0.83625			6
2024.10.07	01:05:30.442	0.83616	0.83627			6
2024.10.07	01:05:31.154	0.83614	0.83626			6
2024.10.07	01:05:32.376	0.83616	0.83627			6
2024.10.07	01:05:34.022	0.83613	0.83624			6
2024.10.07	01:05:34.366	0.83612	0.83623			6
2024.10.07	01:05:45.427	0.83620	0.83630			6
2024.10.07	01:05:48.434	0.83619				2
2024.10.07	01:05:52.523	0.83620				2
2024.10.07	01:05:53.412		0.83631			4
2024.10.07	01:05:55.323	0.83621	0.83632			6
2024.10.07	01:05:55.852	0.83622	0.83633			6
2024.10.07	01:06:01.071	0.83623	0.83634			6
2024.10.07	01:06:01.818	0.83622	0.83632			6
2024.10.07	01:06:02.938		0.83633			4
2024.10.07	01:06:03.761		0.83632			4
2024.10.07	01:06:04.322	0.83623				2
2024.10.07	01:06:05.668		0.83631			4
2024.10.07	01:06:06.404		0.83632			4
2024.10.07	01:06:07.276	0.83622				2
2024.10.07	01:06:08.642	0.83621				2
2024.10.07	01:06:10.058		0.83631			4
2024.10.07	01:06:10.908	0.83617	0.83627			6
2024.10.07	01:06:11.779	0.83615	0.83625			6
2024.10.07	01:06:12.291	0.83618	0.83626			6
2024.10.07	01:06:16.345		0.83627			4
2024.10.07	01:06:21.454	0.83614	0.83624			6
2024.10.07	01:06:21.763	0.83605	0.83615			6
2024.10.07	01:06:22.071		0.83614			4
2024.10.07	01:06:22.411	0.83606				2
2024.10.07	01:06:22.786	0.83604				2
2024.10.07	01:06:24.155	0.83603				2
2024.10.07	01:06:27.458	0.83602				2
2024.10.07	01:06:31.954	0.83603				2
2024.10.07	01:06:32.915		0.83613			4
2024.10.07	01:06:34.654	0.83604	0.83614			6
2024.10.07	01:06:47.740	0.83605	0.83615			6
2024.10.07	01:06:48.313		0.83616			4
2024.10.07	01:06:49.152	0.83608				2
2024.10.07	01:06:54.525		0.83617			4
2024.10.07	01:06:55.053	0.83609				2
2024.10.07	01:06:56.220		0.83616			4
2024.10.07	01:06:59.961	0.83608				2
2024.10.07	01:07:00.390	0.83609				2
2024.10.07	01:07:03.043	0.83606	0.83615			6
2024.10.07	01:07:05.255	0.83605				2
2024.10.07	01:07:07.336		0.83614			4
2024.10.07	01:07:07.906	0.83606	0.83615			6
2024.10.07	01:07:18.754	0.83605	0.83614			6
2024.10.07	01:07:19.462	0.83602	0.83611			6
2024.10.07	01:07:21.983	0.83604	0.83613			6
2024.10.07	01:07:30.591	0.83606	0.83615			6
2024.10.07	01:07:36.336	0.83604	0.83613			6
2024.10.07	01:07:39.563	0.83602	0.83611			6
2024.10.07	01:07:39.916	0.83601				2
2024.10.07	01:07:40.403	0.83604	0.83613			6
2024.10.07	01:07:57.889	0.83608	0.83614			6
2024.10.07	01:07:58.202	0.83607				2
2024.10.07	01:07:59.977		0.83617			4
2024.10.07	01:08:00.285	0.83605	0.83614			6
2024.10.07	01:08:00.665	0.83604				2
2024.10.07	01:08:01.970		0.83613			4
2024.10.07	01:08:06.754		0.83614			4
2024.10.07	01:08:13.918		0.83613			4
2024.10.07	01:08:17.773	0.83605	0.83615			6
2024.10.07	01:08:29.172	0.83606				2
2024.10.07	01:08:32.376		0.83616			4
2024.10.07	01:08:37.168		0.83615			4
2024.10.07	01:08:41.063	0.83604	0.83613			6
2024.10.07	01:08:44.024	0.83602	0.83612			6
2024.10.07	01:08:44.326	0.83604	0.83613			6
2024.10.07	01:08:47.382		0.83612			4
2024.10.07	01:08:47.706	0.83600	0.83610			6
2024.10.07	01:08:48.073	0.83595	0.83605			6
2024.10.07	01:08:48.385	0.83602	0.83610			6
2024.10.07	01:08:52.858	0.83603	0.83612			6
2024.10.07	01:08:54.222	0.83604				2
2024.10.07	01:09:00.361	0.83604				2
2024.10.07	01:09:02.214	0.83603	0.83611			6
2024.10.07	01:09:03.154	0.83602				2
2024.10.07	01:09:09.550	0.83601				2
2024.10.07	01:09:10.183	0.83602				2
2024.10.07	01:09:10.533	0.83599	0.83608			6
2024.10.07	01:09:14.546	0.83595	0.83604			6
2024.10.07	01:09:14.842	0.83594	0.83603			6
2024.10.07	01:09:22.377	0.83596	0.83606			6
2024.10.07	01:09:23.324	0.83597	0.83607			6
2024.10.07	01:09:24.158		0.83606			4
2024.10.07	01:09:28.006	0.83598	0.83607			6
2024.10.07	01:09:29.673	0.83600	0.83608			6
2024.10.07	01:09:32.254		0.83609			4
2024.10.07	01:09:38.679	0.83603	0.83610			6
2024.10.07	01:09:39.154		0.83611			4
2024.10.07	01:09:41.655	0.83605	0.83613			6
2024.10.07	01:09:41.962	0.83604				2
2024.10.07	01:09:52.360	0.83606				2
2024.10.07	01:09:55.963	0.83608	0.83614			6
2024.10.07	01:09:56.516		0.83615			4
2024.10.07	01:10:00.391	0.83606	0.83613			6
2024.10.07	01:10:01.895	0.83607	0.83615			6
2024.10.07	01:10:02.468	0.83605				2
2024.10.07	01:10:04.416		0.83614			4
2024.10.07	01:10:31.805	0.83606	0.83616			6
2024.10.07	01:11:00.760	0.83606				2
2024.10.07	01:11:08.110	0.83607				2
2024.10.07	01:11:09.622	0.83604	0.83614			6
2024.10.07	01:11:33.684	0.83605	0.83613			6
2024.10.07	01:11:34.326		0.83614			4
2024.10.07	01:11:36.308		0.83613			4
2024.10.07	01:11:40.833	0.83603	0.83612			6
2024.10.07	01:11:43.102	0.83605	0.83614			6
2024.10.07	01:11:45.158	0.83606				2
2024.10.07	01:11:50.400	0.83603	0.83612			6
2024.10.07	01:11:57.755	0.83602	0.83611			6
2024.10.07	01:11:59.515	0.83603	0.83612			6
2024.10.07	01:12:00.429	0.83603				2
2024.10.07	01:12:13.407	0.83604	0.83613			6
2024.10.07	01:12:15.536	0.83605	0.83614			6
2024.10.07	01:12:28.522	0.83604	0.83613			6
2024.10.07	01:12:38.424	0.83606	0.83614			6
2024.10.07	01:12:43.603	0.83607	0.83615			6
2024.10.07	01:12:45.156	0.83606	0.83616			6
2024.10.07	01:12:46.395	0.83607				2
2024.10.07	01:12:49.938	0.83608	0.83617			6
2024.10.07	01:12:52.661		0.83616			4
2024.10.07	01:12:55.245		0.83617			4
2024.10.07	01:13:00.411	0.83608				2
2024.10.07	01:13:04.154		0.83616			4
2024.10.07	01:13:04.575	0.83609				2
2024.10.07	01:13:04.885	0.83605	0.83614			6
2024.10.07	01:13:07.960	0.83604	0.83613			6
2024.10.07	01:13:16.664		0.83612			4
2024.10.07	01:13:18.757		0.83613			4
2024.10.07	01:13:22.539	0.83603	0.83612			6
2024.10.07	01:13:25.056		0.83613			4
2024.10.07	01:13:27.175	0.83601	0.83608			6
2024.10.07	01:13:27.520		0.83607			4
2024.10.07	01:13:32.448		0.83609			4
2024.10.07	01:13:33.188		0.83610			4
2024.10.07	01:13:36.285	0.83600	0.83609			6
2024.10.07	01:13:36.639	0.83601				2
2024.10.07	01:13:40.897	0.83604	0.83613			6
2024.10.07	01:13:42.156	0.83605	0.83614			6
2024.10.07	01:13:46.182	0.83604	0.83613			6
2024.10.07	01:13:47.377	0.83603				2
2024.10.07	01:13:47.914	0.83604				2
2024.10.07	01:13:51.741	0.83603	0.83612			6
2024.10.07	01:13:53.553	0.83602				2
2024.10.07	01:13:58.381	0.83604				2
2024.10.07	01:14:00.423	0.83605	0.83613			6
2024.10.07	01:14:00.793		0.83614			4
2024.10.07	01:14:01.762	0.83603	0.83612			6
2024.10.07	01:14:04.660		0.83613			4
2024.10.07	01:14:07.785	0.83604				2
2024.10.07	01:14:09.127	0.83607	0.83615			6
2024.10.07	01:14:10.360	0.83606				2
2024.10.07	01:14:11.888	0.83605				2
2024.10.07	01:14:14.352	0.83606	0.83617			6
2024.10.07	01:14:15.436	0.83607	0.83616			6
2024.10.07	01:14:17.062	0.83608				2
2024.10.07	01:14:21.909	0.83609	0.83619			6
2024.10.07	01:14:22.259		0.83620			4
2024.10.07	01:14:25.056		0.83621			4
2024.10.07	01:14:29.083	0.83614	0.83623			6
2024.10.07	01:14:31.057	0.83613				2
2024.10.07	01:14:32.361		0.83621			4
2024.10.07	01:14:33.171	0.83612				2
2024.10.07	01:14:36.755		0.83622			4
2024.10.07	01:14:37.847	0.83617	0.83625			6
2024.10.07	01:14:38.361		0.83626			4
2024.10.07	01:14:38.664	0.83618	0.83627			6
2024.10.07	01:14:43.093	0.83615	0.83623			6
2024.10.07	01:14:43.418	0.83614				2
2024.10.07	01:14:43.741	0.83613	0.83622			6
2024.10.07	01:14:45.757		0.83621			4
2024.10.07	01:14:46.142		0.83620			4
2024.10.07	01:14:48.299	0.83612				2
2024.10.07	01:14:49.301	0.83614	0.83623			6
2024.10.07	01:14:53.562	0.83613				2
2024.10.07	01:14:55.969	0.83616				2
2024.10.07	01:15:00.384	0.83614	0.83622			6
2024.10.07	01:15:00.936	0.83613	0.83621			6
2024.10.07	01:15:01.400	0.83607	0.83614			6
2024.10.07	01:15:05.079	0.83603	0.83611			6
2024.10.07	01:15:08.365	0.83604				2
2024.10.07	01:15:08.686	0.83601	0.83609			6
2024.10.07	01:15:10.056	0.83602				2
2024.10.07	01:15:16.360	0.83601				2
2024.10.07	01:15:18.154	0.83602				2
2024.10.07	01:15:24.613		0.83608			4
2024.10.07	01:15:26.461		0.83609			4
2024.10.07	01:15:27.061		0.83608			4
2024.10.07	01:15:28.955	0.83601				2
2024.10.07	01:15:30.822	0.83599	0.83606			6
2024.10.07	01:15:31.832	0.83598				2
2024.10.07	01:15:32.333	0.83602	0.83607			6
2024.10.07	01:15:32.646	0.83603				2
2024.10.07	01:15:32.990	0.83602	0.83608			6
2024.10.07	01:15:33.462	0.83603				2
2024.10.07	01:15:34.982	0.83602				2
2024.10.07	01:15:35.297	0.83601	0.83606			6
2024.10.07	01:15:35.607	0.83598	0.83604			6
2024.10.07	01:15:36.527	0.83597	0.83603			6
2024.10.07	01:15:38.012	0.83600	0.83604			6
2024.10.07	01:15:39.018		0.83605			4
2024.10.07	01:15:40.177	0.83599	0.83604			6
2024.10.07	01:15:42.455	0.83600				2
2024.10.07	01:15:46.803		0.83605			4
2024.10.07	01:15:48.469	0.83601	0.83606			6
2024.10.07	01:15:48.798		0.83607			4
2024.10.07	01:15:50.852	0.83604				2
2024.10.07	01:15:51.983		0.83608			4
2024.10.07	01:15:53.600	0.83606	0.83612			6
2024.10.07	01:15:53.905	0.83608	0.83613			6
2024.10.07	01:15:54.853		0.83612			4
2024.10.07	01:15:57.367		0.83614			4
2024.10.07	01:15:59.457		0.83616			4
2024.10.07	01:15:59.899		0.83614			4
2024.10.07	01:16:00.591	0.83608	0.83615			6
2024.10.07	01:16:01.420	0.83609	0.83614			6
2024.10.07	01:16:03.745	0.83608				2
2024.10.07	01:16:05.133		0.83615			4
2024.10.07	01:16:06.754	0.83609				2
2024.10.07	01:16:09.939	0.83612	0.83617			6
2024.10.07	01:16:13.199	0.83611	0.83618			6
2024.10.07	01:16:13.919	0.83612				2
2024.10.07	01:16:14.326	0.83614	0.83620			6
2024.10.07	01:16:14.883	0.83613				2
2024.10.07	01:16:17.372	0.83614				2
2024.10.07	01:16:18.072	0.83615	0.83621			6
2024.10.07	01:16:18.415	0.83614	0.83620			6
2024.10.07	01:16:22.576	0.83613	0.83619			6
2024.10.07	01:16:24.834	0.83614				2
2024.10.07	01:16:25.901		0.83620			4
2024.10.07	01:16:26.209	0.83613	0.83617			6
2024.10.07	01:16:26.515	0.83612	0.83620			6
2024.10.07	01:16:26.848		0.83619			4
2024.10.07	01:16:27.201		0.83620			4
2024.10.07	01:16:27.511		0.83618			4
2024.10.07	01:16:27.816		0.83617			4
2024.10.07	01:16:29.466	0.83610	0.83613			6
2024.10.07	01:16:31.057	0.83609				2
2024.10.07	01:16:34.692	0.83610				2
2024.10.07	01:16:35.301		0.83612			4
2024.10.07	01:16:36.464		0.83616			4
2024.10.07	01:16:37.565	0.83612				2
2024.10.07	01:16:38.441	0.83610	0.83614			6
2024.10.07	01:16:38.767		0.83612			4
2024.10.07	01:16:39.561	0.83611				2
2024.10.07	01:16:40.561	0.83609	0.83614			6
2024.10.07	01:16:40.931		0.83616			4
2024.10.07	01:16:41.292	0.83610				2
2024.10.07	01:16:41.885		0.83615			4
2024.10.07	01:16:42.207	0.83611				2
2024.10.07	01:16:42.991		0.83616			4
2024.10.07	01:16:44.515	0.83609	0.83615			6
2024.10.07	01:16:44.865	0.83610	0.83616			6
2024.10.07	01:16:45.219	0.83609	0.83615			6
2024.10.07	01:16:45.542	0.83610				2
2024.10.07	01:16:46.841	0.83612	0.83616			6
2024.10.07	01:16:47.162	0.83611	0.83615			6
2024.10.07	01:16:47.749	0.83610	0.83616			6
2024.10.07	01:16:52.770	0.83612				2
2024.10.07	01:16:53.521	0.83608	0.83612			6
2024.10.07	01:16:55.592	0.83607	0.83609			6
2024.10.07	01:16:57.902	0.83608	0.83610			6
2024.10.07	01:16:58.628	0.83613	0.83617			6
2024.10.07	01:16:58.952	0.83615				2
2024.10.07	01:16:59.378		0.83619			4
2024.10.07	01:17:00.080	0.83615				2
2024.10.07	01:17:00.545	0.83616	0.83620			6
2024.10.07	01:17:00.863	0.83617	0.83621			6
2024.10.07	01:17:01.851	0.83615	0.83620			6
2024.10.07	01:17:02.962	0.83616				2
2024.10.07	01:17:03.957	0.83618				2
2024.10.07	01:17:04.302	0.83616				2
2024.10.07	01:17:06.608	0.83618				2
2024.10.07	01:17:08.428	0.83612	0.83617			6
2024.10.07	01:17:12.811	0.83614	0.83616			6
2024.10.07	01:17:13.265		0.83617			4
2024.10.07	01:17:13.758	0.83611				2
2024.10.07	01:17:16.904	0.83610	0.83614			6
2024.10.07	01:17:22.168		0.83615			4
2024.10.07	01:17:22.476		0.83614			4
2024.10.07	01:17:24.153	0.83611	0.83615			6
2024.10.07	01:17:24.972	0.83609				2
2024.10.07	01:17:27.086	0.83610				2
2024.10.07	01:17:27.471	0.83611				2
2024.10.07	01:17:29.562	0.83610				2
2024.10.07	01:17:31.415	0.83614				2
2024.10.07	01:17:34.602	0.83613	0.83614			6
2024.10.07	01:17:34.918	0.83612	0.83615			6
2024.10.07	01:17:35.259	0.83613	0.83616			6
2024.10.07	01:17:35.572	0.83612	0.83615			6
2024.10.07	01:17:37.641		0.83618			4
2024.10.07	01:17:38.885	0.83613	0.83619			6
2024.10.07	01:17:39.376	0.83614	0.83620			6
2024.10.07	01:17:43.506		0.83616			4
2024.10.07	01:17:45.636	0.83613	0.83615			6
2024.10.07	01:17:46.267		0.83616			4
2024.10.07	01:17:48.174		0.83618			4
2024.10.07	01:17:48.769	0.83615				2
2024.10.07	01:17:49.086	0.83616				2
2024.10.07	01:17:49.430	0.83617	0.83619			6
2024.10.07	01:17:50.336	0.83616	0.83618			6
2024.10.07	01:17:51.754	0.83617	0.83619			6
2024.10.07	01:17:52.818		0.83618			4
2024.10.07	01:17:53.124		0.83619			4
2024.10.07	01:17:54.959	0.83615	0.83621			6
2024.10.07	01:17:56.966		0.83619			4
2024.10.07	01:17:57.511	0.83616	0.83621			6
2024.10.07	01:17:57.858	0.83617	0.83620			6
2024.10.07	01:18:00.163	0.83617				2
2024.10.07	01:18:02.423	0.83621	0.83625			6
2024.10.07	01:18:06.091		0.83624			4
2024.10.07	01:18:12.013	0.83619	0.83621			6
2024.10.07	01:18:14.264	0.83622	0.83623			6
2024.10.07	01:18:14.787	0.83620				2
2024.10.07	01:18:16.853	0.83622				2
2024.10.07	01:18:20.217	0.83623	0.83625			6
2024.10.07	01:18:20.527	0.83625	0.83628			6
2024.10.07	01:18:23.733	0.83626				2
2024.10.07	01:18:31.010		0.83629			4
2024.10.07	01:18:32.031		0.83628			4
2024.10.07	01:18:34.351	0.83625				2
2024.10.07	01:18:35.669	0.83627				2
2024.10.07	01:18:37.377		0.83629			4
2024.10.07	01:18:40.654	0.83624	0.83628			6
2024.10.07	01:18:45.082	0.83626				2
2024.10.07	01:18:45.719	0.83625	0.83629			6
2024.10.07	01:18:46.858		0.83628			4
2024.10.07	01:18:50.426	0.83624				2
2024.10.07	01:19:00.420	0.83624				2
2024.10.07	01:19:01.546	0.83628	0.83629			6
2024.10.07	01:19:01.874	0.83626	0.83630			6
2024.10.07	01:19:02.639		0.83629			4
2024.10.07	01:19:04.076		0.83628			4
2024.10.07	01:19:06.068	0.83629	0.83630			6
2024.10.07	01:19:09.930		0.83631			4
2024.10.07	01:19:11.386	0.83628	0.83629			6
2024.10.07	01:19:12.569		0.83630			4
2024.10.07	01:19:17.123	0.83627	0.83631			6
2024.10.07	01:19:17.481	0.83628				2
2024.10.07	01:19:18.124	0.83630	0.83633			6
2024.10.07	01:19:18.431	0.83629	0.83631			6
2024.10.07	01:19:20.260	0.83625	0.83632			6
2024.10.07	01:19:20.960	0.83626				2
2024.10.07	01:19:22.539		0.83631			4
2024.10.07	01:19:23.271	0.83627				2
2024.10.07	01:19:25.774	0.83624	0.83627			6
2024.10.07	01:19:28.858	0.83627	0.83628			6
2024.10.07	01:19:29.328	0.83624				2
2024.10.07	01:19:30.512		0.83627			4
2024.10.07	01:19:31.055	0.83625				2
2024.10.07	01:19:31.596	0.83628	0.83629			6
2024.10.07	01:19:32.755	0.83627	0.83628			6
2024.10.07	01:19:36.340	0.83625				2
2024.10.07	01:19:40.533	0.83627				2
2024.10.07	01:19:42.811	0.83626	0.83627			6
2024.10.07	01:19:43.803		0.83628			4
2024.10.07	01:19:44.641		0.83627			4
2024.10.07	01:19:51.978	0.83627	0.83629			6
2024.10.07	01:19:54.166	0.83628				2
2024.10.07	01:19:57.519	0.83624	0.83627			6
2024.10.07	01:19:59.447	0.83625				2
2024.10.07	01:20:00.810	0.83627	0.83628			6
2024.10.07	01:20:03.730	0.83626				2
2024.10.07	01:20:05.101	0.83627				2
2024.10.07	01:20:05.711	0.83626				2
2024.10.07	01:20:06.346		0.83629			4
2024.10.07	01:20:08.257		0.83628			4
2024.10.07	01:20:10.818	0.83627	0.83631			6
2024.10.07	01:20:12.178		0.83630			4
2024.10.07	01:20:14.346		0.83629			4
2024.10.07	01:20:16.102	0.83626				2
2024.10.07	01:20:16.957	0.83627				2
2024.10.07	01:20:17.976	0.83626	0.83630			6
2024.10.07	01:20:18.772	0.83627	0.83629			6
2024.10.07	01:20:19.102	0.83626				2
2024.10.07	01:20:21.102	0.83627				2
2024.10.07	01:20:21.553		0.83631			4
2024.10.07	01:20:22.196		0.83630			4
2024.10.07	01:20:22.506	0.83630	0.83631			6
2024.10.07	01:20:24.595	0.83628	0.83630			6
2024.10.07	01:20:26.984	0.83629	0.83631			6
2024.10.07	01:20:27.362	0.83628	0.83629			6
2024.10.07	01:20:27.668		0.83630			4
2024.10.07	01:20:28.276	0.83627	0.83629			6
2024.10.07	01:20:28.583	0.83628	0.83630			6
2024.10.07	01:20:29.151	0.83626	0.83627			6
2024.10.07	01:20:29.472		0.83628			4
2024.10.07	01:20:30.866		0.83629			4
2024.10.07	01:20:32.866		0.83628			4
2024.10.07	01:20:33.172		0.83630			4
2024.10.07	01:20:33.624	0.83627				2
2024.10.07	01:20:34.868	0.83628				2
2024.10.07	01:20:36.868	0.83629	0.83631			6
2024.10.07	01:20:37.182		0.83630			4
2024.10.07	01:20:37.676	0.83628				2
2024.10.07	01:20:39.141	0.83627	0.83629			6
2024.10.07	01:20:39.935		0.83628			4
2024.10.07	01:20:43.076	0.83624	0.83626			6
2024.10.07	01:20:44.153	0.83627	0.83628			6
2024.10.07	01:20:44.467	0.83626				2
2024.10.07	01:20:44.805	0.83627				2
2024.10.07	01:20:45.247	0.83625	0.83627			6
2024.10.07	01:20:46.068	0.83624	0.83628			6
2024.10.07	01:20:47.854	0.83625				2
2024.10.07	01:20:48.781		0.83627			4
2024.10.07	01:20:50.854	0.83624				2
2024.10.07	01:20:51.747	0.83623	0.83628			6
2024.10.07	01:20:54.174	0.83625	0.83627			6
2024.10.07	01:20:56.516	0.83624	0.83625			6
2024.10.07	01:21:00.271	0.83624				2
2024.10.07	01:21:01.986	0.83621	0.83623			6
2024.10.07	01:21:02.719	0.83620	0.83622			6
2024.10.07	01:21:05.156	0.83619	0.83624			6
2024.10.07	01:21:06.900		0.83621			4
2024.10.07	01:21:23.122	0.83617	0.83620			6
2024.10.07	01:21:23.592		0.83619			4
2024.10.07	01:21:26.567	0.83616				2
2024.10.07	01:21:29.432	0.83619	0.83621			6
2024.10.07	01:21:29.817	0.83615	0.83620			6
2024.10.07	01:21:30.125	0.83617				2
2024.10.07	01:21:30.486	0.83616	0.83619			6
2024.10.07	01:21:34.588	0.83617				2
2024.10.07	01:21:37.764	0.83616				2
2024.10.07	01:21:42.249	0.83617				2
2024.10.07	01:21:49.329	0.83620	0.83622			6
2024.10.07	01:22:00.038	0.83620				2
2024.10.07	01:22:00.376	0.83619	0.83623			6
2024.10.07	01:22:00.683	0.83620				2
2024.10.07	01:22:01.468	0.83618	0.83621			6
2024.10.07	01:22:02.192	0.83617	0.83620			6
2024.10.07	01:22:07.343	0.83618	0.83621			6
2024.10.07	01:22:07.650	0.83619				2
2024.10.07	01:22:08.028	0.83617	0.83620			6
2024.10.07	01:22:08.743		0.83619			4
2024.10.07	01:22:11.254		0.83621			4
2024.10.07	01:22:13.746		0.83619			4
2024.10.07	01:22:21.373	0.83616				2
2024.10.07	01:22:21.974		0.83618			4
2024.10.07	01:22:22.286	0.83615				2
2024.10.07	01:22:32.758	0.83616				2
2024.10.07	01:22:37.384	0.83619	0.83622			6
2024.10.07	01:22:37.716	0.83621	0.83623			6
2024.10.07	01:22:38.804	0.83620	0.83624			6
2024.10.07	01:22:43.061	0.83621				2
2024.10.07	01:22:51.547	0.83620				2
2024.10.07	01:22:53.255	0.83621				2
2024.10.07	01:22:55.743	0.83620				2
2024.10.07	01:22:57.183		0.83625			4
2024.10.07	01:22:58.081	0.83619	0.83624			6
2024.10.07	01:22:58.716	0.83620				2
2024.10.07	01:23:00.218	0.83621	0.83623			6
2024.10.07	01:23:05.632	0.83620	0.83624			6
2024.10.07	01:23:10.886	0.83619				2
2024.10.07	01:23:11.453	0.83620				2
2024.10.07	01:23:14.015	0.83621	0.83623			6
2024.10.07	01:23:14.441	0.83618	0.83621			6
2024.10.07	01:23:16.585	0.83619	0.83625			6
2024.10.07	01:23:18.333	0.83618	0.83620			6
2024.10.07	01:23:18.643	0.83617				2
2024.10.07	01:23:19.147		0.83619			4
2024.10.07	01:23:29.516	0.83616				2
2024.10.07	01:23:30.056	0.83617				2
2024.10.07	01:23:37.480	0.83618	0.83620			6
2024.10.07	01:23:37.988	0.83617				2
2024.10.07	01:23:38.293		0.83619			4
2024.10.07	01:23:43.213	0.83620	0.83623			6
2024.10.07	01:23:43.667		0.83622			4
2024.10.07	01:23:45.057	0.83621				2
2024.10.07	01:23:45.503	0.83620				2
2024.10.07	01:23:46.502	0.83621	0.83623			6
2024.10.07	01:23:46.890	0.83619				2
2024.10.07	01:23:47.233	0.83621				2
2024.10.07	01:23:47.572	0.83620				2
2024.10.07	01:23:48.930		0.83626			4
2024.10.07	01:23:49.678	0.83621	0.83625			6
2024.10.07	01:23:50.854	0.83622				2
2024.10.07	01:23:51.548		0.83624			4
2024.10.07	01:23:52.759		0.83626			4
2024.10.07	01:23:54.702	0.83620	0.83625			6
2024.10.07	01:23:55.396	0.83621				2
2024.10.07	01:23:55.982		0.83624			4
2024.10.07	01:23:56.310		0.83622			4
2024.10.07	01:23:57.818	0.83620				2
2024.10.07	01:23:59.964		0.83621			4
2024.10.07	01:24:01.206	0.83620				2
2024.10.07	01:24:02.683		0.83622			4
2024.10.07	01:24:05.182		0.83623			4
2024.10.07	01:24:06.358	0.83621	0.83626			6
2024.10.07	01:24:07.135		0.83623			4
2024.10.07	01:24:07.464		0.83622			4
2024.10.07	01:24:08.275		0.83623			4
2024.10.07	01:24:09.041		0.83626			4
2024.10.07	01:24:10.396	0.83623				2
2024.10.07	01:24:10.702	0.83624				2
2024.10.07	01:24:11.968	0.83625	0.83630			6
2024.10.07	01:24:12.631		0.83629			4
2024.10.07	01:24:13.275		0.83628			4
2024.10.07	01:24:13.861	0.83624				2
2024.10.07	01:24:14.459		0.83627			4
2024.10.07	01:24:18.356	0.83623				2
2024.10.07	01:24:19.427	0.83624	0.83628			6
2024.10.07	01:24:20.381	0.83625	0.83627			6
2024.10.07	01:24:22.588	0.83624				2
2024.10.07	01:24:25.055	0.83625				2
2024.10.07	01:24:25.489	0.83623				2
2024.10.07	01:24:28.600	0.83624	0.83626			6
2024.10.07	01:24:29.266	0.83625				2
2024.10.07	01:24:34.924		0.83629			4
2024.10.07	01:24:37.101		0.83627			4
2024.10.07	01:24:37.959	0.83623	0.83625			6
2024.10.07	01:24:39.616	0.83621	0.83628			6
2024.10.07	01:24:40.151	0.83625	0.83627			6
2024.10.07	01:24:40.568		0.83629			4
2024.10.07	01:24:44.332		0.83627			4
2024.10.07	01:24:49.957	0.83624				2
2024.10.07	01:24:51.941	0.83625	0.83629			6
2024.10.07	01:24:52.453		0.83628			4
2024.10.07	01:24:53.077	0.83624	0.83629			6
2024.10.07	01:24:53.743		0.83630			4
2024.10.07	01:24:55.776	0.83625	0.83627			6
2024.10.07	01:24:56.084		0.83629			4
2024.10.07	01:25:00.462	0.83625				2
2024.10.07	01:25:03.661	0.83623	0.83625			6
2024.10.07	01:25:05.617	0.83625	0.83628			6
2024.10.07	01:25:06.991	0.83624	0.83627			6
2024.10.07	01:25:07.396		0.83626			4
2024.10.07	01:25:07.704	0.83622	0.83628			6
2024.10.07	01:25:08.384		0.83626			4
2024.10.07	01:25:08.718	0.83623	0.83625			6
2024.10.07	01:25:18.985	0.83622				2
2024.10.07	01:25:21.776	0.83623	0.83624			6
2024.10.07	01:25:23.836	0.83621	0.83626			6
2024.10.07	01:25:24.715		0.83627			4
2024.10.07	01:25:25.258		0.83626			4
2024.10.07	01:25:31.054	0.83620	0.83625			6
2024.10.07	01:25:34.330		0.83626			4
2024.10.07	01:25:35.665		0.83625			4
2024.10.07	01:25:35.984		0.83626			4
2024.10.07	01:25:37.682	0.83621	0.83624			6
2024.10.07	01:25:40.635	0.83620	0.83625			6
2024.10.07	01:25:50.547	0.83621	0.83624			6
2024.10.07	01:25:54.158	0.83620	0.83625			6
2024.10.07	01:25:54.464	0.83621	0.83624			6
2024.10.07	01:25:57.010	0.83622				2
2024.10.07	01:25:58.978		0.83625			4
2024.10.07	01:26:00.398	0.83622				2
2024.10.07	01:26:03.848	0.83621	0.83624			6
2024.10.07	01:26:04.354		0.83623			4
2024.10.07	01:26:06.264		0.83624			4
2024.10.07	01:26:07.743		0.83623			4
2024.10.07	01:26:08.351		0.83622			4
2024.10.07	01:26:10.442	0.83620				2
2024.10.07	01:26:12.777	0.83621				2
2024.10.07	01:26:13.506	0.83620	0.83623			6
2024.10.07	01:26:14.714		0.83622			4
2024.10.07	01:26:22.053	0.83619				2
2024.10.07	01:26:22.380	0.83620				2
2024.10.07	01:26:25.475		0.83621			4
2024.10.07	01:26:28.535	0.83619				2
2024.10.07	01:26:44.944	0.83620				2
2024.10.07	01:26:48.060	0.83619				2
2024.10.07	01:26:48.914		0.83620			4
2024.10.07	01:26:49.460	0.83618				2
2024.10.07	01:26:59.517	0.83619	0.83621			6
2024.10.07	01:27:00.089	0.83620	0.83622			6
2024.10.07	01:27:00.538	0.83621				2
2024.10.07	01:27:04.715		0.83623			4
2024.10.07	01:27:12.047		0.83625			4
2024.10.07	01:27:14.555	0.83622				2
2024.10.07	01:27:17.092		0.83627			4
2024.10.07	01:27:18.250	0.83621	0.83626			6
2024.10.07	01:27:25.302		0.83627			4
2024.10.07	01:27:25.654	0.83622				2
2024.10.07	01:27:29.540	0.83621				2
2024.10.07	01:27:32.074	0.83622	0.83625			6
2024.10.07	01:27:35.557	0.83621				2
2024.10.07	01:27:36.720		0.83624			4
2024.10.07	01:27:42.685	0.83620	0.83622			6
2024.10.07	01:27:46.513		0.83623			4
2024.10.07	01:27:48.873	0.83619	0.83624			6
2024.10.07	01:27:52.199	0.83620				2
2024.10.07	01:27:55.923	0.83621				2
2024.10.07	01:27:56.353		0.83623			4
2024.10.07	01:27:57.631		0.83622			4
2024.10.07	01:28:00.153	0.83621				2
2024.10.07	01:28:04.118		0.83623			4
2024.10.07	01:28:07.191		0.83622			4
2024.10.07	01:28:10.734	0.83620	0.83621			6
2024.10.07	01:28:12.069	0.83618	0.83619			6
2024.10.07	01:28:12.424	0.83617				2
2024.10.07	01:28:16.403	0.83616				2
2024.10.07	01:28:16.748		0.83618			4
2024.10.07	01:28:20.857	0.83617				2
2024.10.07	01:28:28.685		0.83619			4
2024.10.07	01:28:31.416		0.83620			4
2024.10.07	01:28:32.305		0.83619			4
2024.10.07	01:28:32.702	0.83619	0.83622			6
2024.10.07	01:28:33.004	0.83621	0.83625			6
2024.10.07	01:28:33.314	0.83620	0.83624			6
2024.10.07	01:28:35.252		0.83626			4
2024.10.07	01:28:35.567	0.83618	0.83625			6
2024.10.07	01:28:35.882	0.83619	0.83622			6
2024.10.07	01:28:36.989		0.83625			4
2024.10.07	01:28:37.747	0.83617	0.83622			6
2024.10.07	01:28:38.065		0.83621			4
2024.10.07	01:28:43.718		0.83622			4
2024.10.07	01:28:44.021		0.83621			4
2024.10.07	01:28:46.352	0.83616				2
2024.10.07	01:28:46.687		0.83620			4
2024.10.07	01:28:48.416	0.83617				2
2024.10.07	01:28:48.716		0.83619			4
2024.10.07	01:28:52.808		0.83620			4
2024.10.07	01:28:56.396		0.83621			4
2024.10.07	01:29:00.458	0.83617	0.83622			6
2024.10.07	01:29:03.303	0.83620				2
2024.10.07	01:29:04.501	0.83624	0.83625			6
2024.10.07	01:29:04.824		0.83626			4
2024.10.07	01:29:08.575	0.83623				2
2024.10.07	01:29:09.164	0.83624	0.83628			6
2024.10.07	01:29:12.684		0.83627			4
2024.10.07	01:29:17.232		0.83626			4
2024.10.07	01:29:17.735	0.83623	0.83627			6
2024.10.07	01:29:18.071		0.83628			4
2024.10.07	01:29:21.547	0.83622	0.83626			6
2024.10.07	01:29:28.114		0.83627			4
2024.10.07	01:29:29.979	0.83624				2
2024.10.07	01:29:38.430	0.83621	0.83623			6
2024.10.07	01:29:39.069		0.83622			4
2024.10.07	01:29:40.362		0.83623			4
2024.10.07	01:29:41.567	0.83617	0.83621			6
2024.10.07	01:29:41.887	0.83620				2
2024.10.07	01:29:43.590	0.83619	0.83620			6
2024.10.07	01:29:47.626	0.83618	0.83619			6
2024.10.07	01:29:48.580	0.83617				2
2024.10.07	01:29:53.023	0.83621	0.83622			6
2024.10.07	01:29:53.336	0.83620				2
2024.10.07	01:29:58.414	0.83622	0.83624			6
2024.10.07	01:29:59.977		0.83625			4
2024.10.07	01:30:00.307	0.83624				2
2024.10.07	01:30:00.627	0.83625	0.83627			6
2024.10.07	01:30:01.084	0.83624	0.83625			6
2024.10.07	01:30:01.411	0.83626	0.83629			6
2024.10.07	01:30:02.109		0.83631			4
2024.10.07	01:30:03.690	0.83625				2
2024.10.07	01:30:04.190		0.83629			4
2024.10.07	01:30:04.548	0.83624				2
2024.10.07	01:30:04.935	0.83623				2
2024.10.07	01:30:07.147		0.83626			4
2024.10.07	01:30:10.138	0.83627	0.83628			6
2024.10.07	01:30:15.160	0.83625	0.83627			6
2024.10.07	01:30:15.718		0.83626			4
2024.10.07	01:30:17.019	0.83624				2
2024.10.07	01:30:17.692	0.83625				2
2024.10.07	01:30:30.661	0.83629	0.83630			6
2024.10.07	01:30:32.733	0.83627	0.83631			6
2024.10.07	01:30:33.731	0.83630				2
2024.10.07	01:30:34.953		0.83632			4
2024.10.07	01:30:37.122		0.83631			4
2024.10.07	01:30:40.178	0.83629				2
2024.10.07	01:30:40.481	0.83628				2
2024.10.07	01:30:41.187	0.83625	0.83630			6
2024.10.07	01:30:41.514	0.83626	0.83629			6
2024.10.07	01:30:49.442	0.83627				2
2024.10.07	01:30:50.675	0.83625	0.83630			6
2024.10.07	01:30:51.035	0.83626				2
2024.10.07	01:30:52.090	0.83627	0.83628			6
2024.10.07	01:30:52.702	0.83626	0.83629			6
2024.10.07	01:30:55.691		0.83628			4
2024.10.07	01:30:57.807	0.83627				2
2024.10.07	01:31:00.360	0.83629	0.83631			6
2024.10.07	01:31:00.671	0.83625				2
2024.10.07	01:31:01.704		0.83632			4
2024.10.07	01:31:02.031	0.83629				2
2024.10.07	01:31:05.668	0.83630	0.83633			6
2024.10.07	01:31:08.748	0.83626				2
2024.10.07	01:31:14.917	0.83631				2
2024.10.07	01:31:15.672	0.83626	0.83634			6
2024.10.07	01:31:17.856		0.83633			4
2024.10.07	01:31:19.490	0.83628				2
2024.10.07	01:31:23.855	0.83627				2
2024.10.07	01:31:27.834	0.83626				2
2024.10.07	01:31:29.081	0.83628	0.83631			6
2024.10.07	01:31:30.676	0.83627				2
2024.10.07	01:31:32.193	0.83625				2
2024.10.07	01:31:34.894	0.83626				2
2024.10.07	01:31:40.196	0.83628	0.83630			6
2024.10.07	01:31:42.084		0.83631			4
2024.10.07	01:31:47.738	0.83627				2
2024.10.07	01:31:50.143	0.83628				2
2024.10.07	01:31:50.757		0.83630			4
2024.10.07	01:31:53.874		0.83631			4
2024.10.07	01:31:58.088		0.83630			4
2024.10.07	01:32:00.277	0.83628	0.83631			6
2024.10.07	01:32:02.089	0.83629	0.83632			6
2024.10.07	01:32:03.871	0.83627				2
2024.10.07	01:32:04.286	0.83629				2
2024.10.07	01:32:05.496	0.83630				2
2024.10.07	01:32:05.882	0.83629				2
2024.10.07	01:32:07.887	0.83628				2
2024.10.07	01:32:09.846	0.83629				2
2024.10.07	01:32:28.363		0.83631			4
2024.10.07	01:32:28.913	0.83628				2
2024.10.07	01:32:32.601	0.83629	0.83632			6
2024.10.07	01:32:35.669	0.83628	0.83631			6
2024.10.07	01:32:35.972	0.83627				2
2024.10.07	01:32:37.337		0.83632			4
2024.10.07	01:32:47.175		0.83630			4
2024.10.07	01:32:49.483	0.83628	0.83629			6
2024.10.07	01:32:53.502	0.83627				2
2024.10.07	01:32:56.088		0.83630			4
2024.10.07	01:33:00.366	0.83627				2
2024.10.07	01:33:01.017	0.83628				2
2024.10.07	01:33:02.648	0.83627				2
2024.10.07	01:33:03.506	0.83629				2
2024.10.07	01:33:04.102		0.83631			4
2024.10.07	01:33:04.407	0.83627	0.83629			6
2024.10.07	01:33:20.374	0.83628				2
2024.10.07	01:33:21.539	0.83627				2
2024.10.07	01:33:30.474	0.83626				2
2024.10.07	01:33:35.276	0.83627				2
2024.10.07	01:33:44.767		0.83630			4
2024.10.07	01:33:45.918		0.83629			4
2024.10.07	01:33:47.090	0.83629	0.83632			6
2024.10.07	01:33:47.398	0.83630	0.83633			6
2024.10.07	01:33:47.703	0.83629	0.83632			6
2024.10.07	01:33:48.401	0.83626	0.83627			6
2024.10.07	01:33:55.090	0.83627	0.83628			6
2024.10.07	01:34:00.320	0.83627				2
2024.10.07	01:34:06.416	0.83626	0.83627			6
2024.10.07	01:34:06.722	0.83627	0.83628			6
2024.10.07	01:34:07.110	0.83628	0.83629			6
2024.10.07	01:34:08.232	0.83627	0.83628			6
2024.10.07	01:34:10.555	0.83629	0.83630			6
2024.10.07	01:34:25.717	0.83626	0.83627			6
2024.10.07	01:34:31.904	0.83629	0.83630			6
2024.10.07	01:34:32.218		0.83631			4
2024.10.07	01:34:33.391	0.83627	0.83628			6
2024.10.07	01:34:40.641		0.83629			4
2024.10.07	01:34:42.864	0.83626	0.83628			6
2024.10.07	01:34:45.573		0.83629			4
2024.10.07	01:34:46.099		0.83628			4
2024.10.07	01:34:52.907		0.83629			4
2024.10.07	01:34:54.571		0.83628			4
2024.10.07	01:34:55.759	0.83628	0.83631			6
2024.10.07	01:34:56.136	0.83627	0.83630			6
2024.10.07	01:34:56.457		0.83629			4
2024.10.07	01:34:56.892	0.83626				2
2024.10.07	01:35:00.105	0.83626	0.83628			6
2024.10.07	01:35:00.410	0.83628	0.83630			6
2024.10.07	01:35:00.716		0.83631			4
2024.10.07	01:35:02.251	0.83627	0.83630			6
2024.10.07	01:35:07.522	0.83626	0.83629			6
2024.10.07	01:35:09.555	0.83627	0.83630			6
2024.10.07	01:35:10.422	0.83625	0.83628			6
2024.10.07	01:35:10.747		0.83627			4
2024.10.07	01:35:12.761		0.83628			4
2024.10.07	01:35:19.689		0.83627			4
2024.10.07	01:35:21.615	0.83626	0.83628			6
2024.10.07	01:35:22.276	0.83625				2
2024.10.07	01:35:23.383	0.83626				2
2024.10.07	01:35:25.442		0.83629			4
2024.10.07	01:35:39.017		0.83628			4
2024.10.07	01:35:44.556	0.83625				2
2024.10.07	01:36:00.548	0.83625				2
2024.10.07	01:36:01.120	0.83626	0.83629			6
2024.10.07	01:36:01.434	0.83627				2
2024.10.07	01:36:06.156	0.83626				2
2024.10.07	01:36:06.622		0.83628			4
2024.10.07	01:36:07.487		0.83629			4
2024.10.07	01:36:13.163	0.83627	0.83630			6
2024.10.07	01:36:16.294	0.83626	0.83632			6
2024.10.07	01:36:25.134		0.83631			4
2024.10.07	01:36:25.444		0.83630			4
2024.10.07	01:36:26.174		0.83631			4
2024.10.07	01:36:26.874		0.83630			4
2024.10.07	01:36:28.174		0.83631			4
2024.10.07	01:36:39.397		0.83630			4
2024.10.07	01:36:47.110	0.83625				2
2024.10.07	01:36:48.876	0.83626	0.83631			6
2024.10.07	01:36:50.683	0.83625	0.83630			6
2024.10.07	01:37:02.222	0.83626				2
2024.10.07	01:37:10.143		0.83631			4
2024.10.07	01:37:21.744	0.83627	0.83633			6
2024.10.07	01:37:22.067	0.83628				2
2024.10.07	01:37:23.050		0.83632			4
2024.10.07	01:37:23.356	0.83627				2
2024.10.07	01:37:23.888	0.83626	0.83630			6
2024.10.07	01:37:26.253	0.83625				2
2024.10.07	01:37:28.174	0.83626	0.83631			6
2024.10.07	01:37:31.764		0.83632			4
2024.10.07	01:37:35.247	0.83625	0.83630			6
2024.10.07	01:37:35.558		0.83629			4
2024.10.07	01:37:35.927	0.83624	0.83628			6
2024.10.07	01:37:46.363	0.83623				2
2024.10.07	01:38:01.184	0.83623				2
2024.10.07	01:38:01.885		0.83629			4
2024.10.07	01:38:03.032	0.83624				2
2024.10.07	01:38:03.386		0.83628			4
2024.10.07	01:38:03.773	0.83623				2
2024.10.07	01:38:04.184		0.83629			4
2024.10.07	01:38:05.721	0.83624				2
2024.10.07	01:38:12.288		0.83628			4
2024.10.07	01:38:12.603	0.83623				2
2024.10.07	01:38:14.197	0.83624	0.83630			6
2024.10.07	01:38:20.984		0.83629			4
2024.10.07	01:38:24.244		0.83630			4
2024.10.07	01:38:28.491		0.83629			4
2024.10.07	01:38:29.376	0.83623				2
2024.10.07	01:38:38.257	0.83624				2
2024.10.07	01:38:46.113		0.83630			4
2024.10.07	01:38:58.253		0.83629			4
2024.10.07	01:39:01.211	0.83624				2
2024.10.07	01:39:02.367	0.83623				2
2024.10.07	01:39:04.447	0.83624				2
2024.10.07	01:39:11.933	0.83623				2
2024.10.07	01:39:13.178	0.83625	0.83628			6
2024.10.07	01:39:13.483		0.83629			4
2024.10.07	01:39:21.158	0.83624				2
2024.10.07	01:39:23.417		0.83630			4
2024.10.07	01:39:24.052		0.83629			4
2024.10.07	01:39:30.154		0.83630			4
2024.10.07	01:39:30.473		0.83629			4
2024.10.07	01:39:31.293		0.83630			4
2024.10.07	01:39:41.698		0.83629			4
2024.10.07	01:39:42.002		0.83628			4
2024.10.07	01:39:43.920	0.83623				2
2024.10.07	01:39:46.400		0.83627			4
2024.10.07	01:39:55.973	0.83624	0.83628			6
2024.10.07	01:40:01.054	0.83624				2
2024.10.07	01:40:05.639		0.83629			4
2024.10.07	01:40:13.235		0.83627			4
2024.10.07	01:40:16.512		0.83628			4
2024.10.07	01:40:21.973		0.83627			4
2024.10.07	01:40:24.677	0.83623	0.83626			6
2024.10.07	01:40:24.980		0.83627			4
2024.10.07	01:40:28.244		0.83628			4
2024.10.07	01:40:31.138		0.83626			4
2024.10.07	01:40:31.444	0.83622				2
2024.10.07	01:40:34.611		0.83627			4
2024.10.07	01:40:35.241		0.83626			4
2024.10.07	01:40:43.027		0.83625			4
2024.10.07	01:40:52.768	0.83623	0.83627			6
2024.10.07	01:41:02.880	0.83623				2
2024.10.07	01:41:12.758	0.83622				2
2024.10.07	01:41:13.435	0.83623	0.83626			6
2024.10.07	01:41:14.976		0.83627			4
2024.10.07	01:41:22.354	0.83622				2
2024.10.07	01:41:32.436		0.83625			4
2024.10.07	01:41:45.355	0.83621				2
2024.10.07	01:41:57.850		0.83624			4
2024.10.07	01:42:00.958	0.83621				2
2024.10.07	01:42:05.015	0.83622				2
2024.10.07	01:42:09.391		0.83625			4
2024.10.07	01:42:32.592	0.83623	0.83626			6
2024.10.07	01:42:36.902	0.83624				2
2024.10.07	01:42:37.383	0.83623				2
2024.10.07	01:42:42.109		0.83624			4
2024.10.07	01:42:46.057	0.83622				2
2024.10.07	01:42:51.776	0.83625	0.83627			6
2024.10.07	01:42:52.092	0.83623	0.83626			6
2024.10.07	01:42:55.356	0.83624	0.83627			6
2024.10.07	01:42:59.600	0.83623	0.83626			6
2024.10.07	01:43:01.176	0.83623				2
2024.10.07	01:43:08.363	0.83622	0.83625			6
2024.10.07	01:43:18.283	0.83621	0.83624			6
2024.10.07	01:43:19.156	0.83622	0.83625			6
2024.10.07	01:43:28.343	0.83621	0.83624			6
2024.10.07	01:43:30.784		0.83623			4
2024.10.07	01:43:44.840	0.83622				2
2024.10.07	01:43:49.054	0.83621				2
2024.10.07	01:44:00.542	0.83620	0.83622			6
2024.10.07	01:44:02.054	0.83621				2
2024.10.07	01:44:15.923	0.83620				2
2024.10.07	01:44:43.624	0.83621				2
2024.10.07	01:44:44.024	0.83620				2
2024.10.07	01:44:59.782		0.83621			4
2024.10.07	01:45:00.373	0.83620				2
2024.10.07	01:45:00.787	0.83618	0.83619			6
2024.10.07	01:45:04.007	0.83617	0.83618			6
2024.10.07	01:45:04.326		0.83619			4
2024.10.07	01:45:05.569		0.83618			4
2024.10.07	01:45:11.554	0.83616				2
2024.10.07	01:45:43.386	0.83615				2
2024.10.07	01:45:43.761		0.83617			4
2024.10.07	01:45:53.733	0.83616				2
2024.10.07	01:46:00.453	0.83615				2
2024.10.07	01:46:30.372	0.83616	0.83618			6
2024.10.07	01:46:36.441		0.83617			4
2024.10.07	01:46:37.456		0.83618			4
2024.10.07	01:46:38.754	0.83615				2
2024.10.07	01:46:40.675		0.83617			4
2024.10.07	01:46:41.546		0.83618			4
2024.10.07	01:46:42.418		0.83617			4
2024.10.07	01:47:03.483	0.83615				2
2024.10.07	01:47:11.778	0.83614				2
2024.10.07	01:47:23.398	0.83615				2
2024.10.07	01:47:37.884		0.83616			4
2024.10.07	01:47:41.074	0.83612	0.83614			6
2024.10.07	01:47:44.868		0.83613			4
2024.10.07	01:47:45.220		0.83614			4
2024.10.07	01:47:45.687		0.83613			4
2024.10.07	01:47:55.855	0.83611				2
2024.10.07	01:48:00.513	0.83611				2
2024.10.07	01:48:05.640	0.83612				2
2024.10.07	01:48:06.365	0.83613	0.83614			6
2024.10.07	01:48:13.198	0.83612	0.83613			6
2024.10.07	01:48:13.504	0.83613	0.83614			6
2024.10.07	01:48:15.666	0.83611	0.83613			6
2024.10.07	01:48:16.063	0.83612				2
2024.10.07	01:48:19.580		0.83614			4
2024.10.07	01:48:24.886	0.83613	0.83615			6
2024.10.07	01:48:25.322		0.83616			4
2024.10.07	01:48:26.494	0.83615	0.83617			6
2024.10.07	01:48:26.915	0.83614	0.83616			6
2024.10.07	01:48:29.847		0.83615			4
2024.10.07	01:48:41.983	0.83613				2
2024.10.07	01:48:42.737	0.83615	0.83616			6
2024.10.07	01:48:46.881	0.83616	0.83617			6
2024.10.07	01:48:51.082	0.83615				2
2024.10.07	01:48:56.713	0.83616				2
2024.10.07	01:49:01.056	0.83616				2
2024.10.07	01:49:05.168	0.83620	0.83622			6
2024.10.07	01:49:06.291	0.83621	0.83623			6
2024.10.07	01:49:06.614		0.83622			4
2024.10.07	01:49:08.116		0.83623			4
2024.10.07	01:49:08.429		0.83622			4
2024.10.07	01:49:10.216	0.83620				2
2024.10.07	01:49:22.794	0.83619	0.83621			6
2024.10.07	01:49:23.419	0.83618	0.83622			6
2024.10.07	01:49:25.370		0.83621			4
2024.10.07	01:49:26.015	0.83616	0.83618			6
2024.10.07	01:50:00.495	0.83616				2
2024.10.07	01:50:00.846		0.83620			4
2024.10.07	01:50:01.188	0.83620	0.83621			6
2024.10.07	01:50:01.560	0.83617	0.83619			6
2024.10.07	01:50:18.987	0.83615	0.83618			6
2024.10.07	01:50:21.759	0.83616				2
2024.10.07	01:50:25.577	0.83614	0.83617			6
2024.10.07	01:50:31.995	0.83615	0.83618			6
2024.10.07	01:50:36.297	0.83617	0.83619			6
2024.10.07	01:50:36.601		0.83620			4
2024.10.07	01:50:37.414	0.83618	0.83619			6
2024.10.07	01:50:38.353	0.83617				2
2024.10.07	01:50:39.991	0.83618				2
2024.10.07	01:50:43.721		0.83620			4
2024.10.07	01:50:49.332	0.83617				2
2024.10.07	01:50:58.367	0.83618				2
2024.10.07	01:51:00.448	0.83618				2
2024.10.07	01:51:20.307		0.83619			4
2024.10.07	01:51:23.422		0.83620			4
2024.10.07	01:51:25.669	0.83616	0.83619			6
2024.10.07	01:51:26.019		0.83620			4
2024.10.07	01:51:49.666	0.83617				2
2024.10.07	01:51:53.801	0.83615				2
2024.10.07	01:51:54.758	0.83616				2
2024.10.07	01:52:01.188	0.83616				2
2024.10.07	01:52:26.353		0.83620			4
2024.10.07	01:52:37.678		0.83621			4
2024.10.07	01:53:00.438	0.83616				2
2024.10.07	01:53:05.858	0.83618	0.83620			6
2024.10.07	01:53:09.275	0.83617	0.83619			6
2024.10.07	01:53:12.603	0.83616				2
2024.10.07	01:53:14.003	0.83617				2
2024.10.07	01:53:15.940	0.83616	0.83621			6
2024.10.07	01:53:16.787	0.83615	0.83618			6
2024.10.07	01:53:22.524	0.83614	0.83616			6
2024.10.07	01:53:23.364	0.83613	0.83615			6
2024.10.07	01:53:52.385	0.83614	0.83616			6
2024.10.07	01:53:54.300	0.83613	0.83615			6
2024.10.07	01:54:01.161	0.83613				2
2024.10.07	01:54:02.687	0.83614				2
2024.10.07	01:54:03.955	0.83613				2
2024.10.07	01:54:14.819	0.83615	0.83616			6
2024.10.07	01:54:22.805	0.83614				2
2024.10.07	01:54:47.408	0.83613				2
2024.10.07	01:54:47.756	0.83614	0.83617			6
2024.10.07	01:54:54.691		0.83616			4
2024.10.07	01:55:00.090	0.83614				2
2024.10.07	01:55:04.174		0.83618			4
2024.10.07	01:55:04.493	0.83613				2
2024.10.07	01:55:05.233	0.83615	0.83617			6
2024.10.07	01:55:07.332	0.83616				2
2024.10.07	01:55:13.362	0.83615				2
2024.10.07	01:55:14.697	0.83613	0.83614			6
2024.10.07	01:55:17.835	0.83615	0.83616			6
2024.10.07	01:55:18.450	0.83614	0.83615			6
2024.10.07	01:55:30.851	0.83617	0.83618			6
2024.10.07	01:55:50.516	0.83620	0.83622			6
2024.10.07	01:55:55.395	0.83622	0.83623			6
2024.10.07	01:55:57.813	0.83621	0.83622			6
2024.10.07	01:55:59.296	0.83620	0.83621			6
2024.10.07	01:56:00.390	0.83620				2
2024.10.07	01:56:06.909	0.83619	0.83620			6
2024.10.07	01:56:08.788	0.83620	0.83621			6
2024.10.07	01:56:24.134	0.83621	0.83622			6
2024.10.07	01:56:34.150	0.83620				2
2024.10.07	01:56:35.622	0.83621				2
2024.10.07	01:56:36.238		0.83623			4
2024.10.07	01:56:40.915		0.83622			4
2024.10.07	01:56:52.053	0.83620	0.83621			6
2024.10.07	01:56:52.501		0.83622			4
2024.10.07	01:56:52.926	0.83621				2
2024.10.07	01:56:59.664	0.83620	0.83621			6
2024.10.07	01:57:01.015	0.83619				2
2024.10.07	01:57:02.435	0.83620				2
2024.10.07	01:57:05.273	0.83619	0.83620			6
2024.10.07	01:57:07.840	0.83620	0.83621			6
2024.10.07	01:57:14.966	0.83621	0.83622			6
2024.10.07	01:57:15.874	0.83619	0.83620			6
2024.10.07	01:57:20.666	0.83618	0.83619			6
2024.10.07	01:57:43.868	0.83617	0.83618			6
2024.10.07	01:57:44.426	0.83618	0.83619			6
2024.10.07	01:57:56.097	0.83617	0.83618			6
2024.10.07	01:58:00.433	0.83620	0.83621			6
2024.10.07	01:58:05.430	0.83619	0.83620			6
2024.10.07	01:58:08.302	0.83620	0.83621			6
2024.10.07	01:58:10.012	0.83618	0.83619			6
2024.10.07	01:58:15.568	0.83619	0.83620			6
2024.10.07	01:58:19.129	0.83618	0.83619			6
2024.10.07	01:58:20.471	0.83617	0.83618			6
2024.10.07	01:58:22.948	0.83618	0.83619			6
2024.10.07	01:58:25.866	0.83617	0.83618			6
2024.10.07	01:58:44.553	0.83618	0.83619			6
2024.10.07	01:58:45.922	0.83619	0.83620			6
2024.10.07	01:58:49.911	0.83618	0.83619			6
2024.10.07	01:58:53.812	0.83617	0.83618			6
2024.10.07	01:58:54.124	0.83616	0.83617			6
2024.10.07	01:58:59.586	0.83620	0.83621			6
2024.10.07	01:59:00.392	0.83620				2
2024.10.07	01:59:04.626	0.83622	0.83623			6
2024.10.07	01:59:11.294	0.83620	0.83621			6
2024.10.07	01:59:11.608	0.83621	0.83622			6
2024.10.07	01:59:13.436	0.83622	0.83623			6
2024.10.07	01:59:20.025		0.83624			4
2024.10.07	01:59:21.674	0.83623				2
2024.10.07	01:59:26.482	0.83621				2
2024.10.07	01:59:37.053	0.83622				2
2024.10.07	01:59:37.782	0.83621				2
2024.10.07	01:59:51.332	0.83620	0.83622			6
2024.10.07	01:59:52.252		0.83624			4
2024.10.07	01:59:52.563	0.83621	0.83623			6
2024.10.07	01:59:56.044	0.83620	0.83624			6
2024.10.07	01:59:58.462	0.83624	0.83625			6
2024.10.07	02:00:00.030	0.83624				2
2024.10.07	02:00:00.367	0.83623	0.83624			6
2024.10.07	02:00:00.779		0.83628			4
2024.10.07	02:00:01.084	0.83627				2
2024.10.07	02:00:02.393	0.83625				2
2024.10.07	02:00:03.075		0.83627			4
2024.10.07	02:00:06.115		0.83628			4
2024.10.07	02:00:06.426	0.83623				2
2024.10.07	02:00:07.422	0.83624	0.83629			6
2024.10.07	02:00:08.402		0.83628			4
2024.10.07	02:00:13.176		0.83627			4
2024.10.07	02:00:20.759		0.83626			4
2024.10.07	02:00:21.524		0.83628			4
2024.10.07	02:00:22.772	0.83625				2
2024.10.07	02:00:26.341		0.83629			4
2024.10.07	02:00:28.057		0.83628			4
2024.10.07	02:00:39.166		0.83626			4
2024.10.07	02:00:45.116		0.83627			4
2024.10.07	02:00:51.132		0.83629			4
2024.10.07	02:00:51.881		0.83628			4
2024.10.07	02:00:52.811		0.83626			4
2024.10.07	02:00:54.390		0.83628			4
2024.10.07	02:00:57.418	0.83626	0.83627			6
2024.10.07	02:01:00.398	0.83626				2
2024.10.07	02:01:00.734	0.83625	0.83626			6
2024.10.07	02:01:02.637	0.83624	0.83628			6
2024.10.07	02:01:02.943	0.83625				2
2024.10.07	02:01:03.593		0.83626			4
2024.10.07	02:01:08.254	0.83622	0.83623			6
2024.10.07	02:01:10.435	0.83624	0.83625			6
2024.10.07	02:01:10.767	0.83622	0.83623			6
2024.10.07	02:01:11.864	0.83623	0.83624			6
2024.10.07	02:01:12.246		0.83625			4
2024.10.07	02:01:16.182		0.83626			4
2024.10.07	02:01:16.488		0.83627			4
2024.10.07	02:01:21.987	0.83624				2
2024.10.07	02:01:22.312	0.83623				2
2024.10.07	02:01:26.569		0.83625			4
2024.10.07	02:01:26.885	0.83622				2
2024.10.07	02:01:29.150		0.83624			4
2024.10.07	02:01:32.374	0.83621	0.83623			6
2024.10.07	02:01:33.276		0.83622			4
2024.10.07	02:01:37.777	0.83622	0.83623			6
2024.10.07	02:01:44.685	0.83621	0.83622			6
2024.10.07	02:01:50.918	0.83622	0.83623			6
2024.10.07	02:01:55.382	0.83623	0.83624			6
2024.10.07	02:01:55.703	0.83621	0.83622			6
2024.10.07	02:02:00.400	0.83621				2
2024.10.07	02:02:13.921	0.83622	0.83623			6
2024.10.07	02:02:14.325	0.83621	0.83622			6
2024.10.07	02:02:18.835	0.83620	0.83621			6
2024.10.07	02:02:27.212	0.83618	0.83619			6
2024.10.07	02:02:27.525	0.83619	0.83620			6
2024.10.07	02:02:28.774	0.83618				2
2024.10.07	02:02:29.146	0.83617	0.83619			6
2024.10.07	02:02:30.847	0.83616	0.83617			6
2024.10.07	02:02:37.268	0.83615	0.83616			6
2024.10.07	02:02:38.586		0.83618			4
2024.10.07	02:02:40.076		0.83617			4
2024.10.07	02:02:46.722	0.83614				2
2024.10.07	02:02:49.841	0.83613	0.83616			6
2024.10.07	02:02:50.358		0.83615			4
2024.10.07	02:02:50.663	0.83611				2
2024.10.07	02:02:51.128		0.83616			4
2024.10.07	02:02:54.435		0.83615			4
2024.10.07	02:02:55.055	0.83612				2
2024.10.07	02:03:01.300	0.83612				2
2024.10.07	02:03:02.488		0.83616			4
2024.10.07	02:03:02.809		0.83615			4
2024.10.07	02:03:11.324		0.83614			4
2024.10.07	02:03:18.649		0.83613			4
2024.10.07	02:03:22.759		0.83615			4
2024.10.07	02:03:27.294		0.83614			4
2024.10.07	02:03:28.056	0.83611				2
2024.10.07	02:03:38.776		0.83615			4
2024.10.07	02:03:40.288	0.83610	0.83616			6
2024.10.07	02:03:46.350	0.83611				2
2024.10.07	02:04:00.358	0.83612	0.83617			6
2024.10.07	02:04:00.712		0.83618			4
2024.10.07	02:04:10.346	0.83613				2
2024.10.07	02:04:17.330		0.83619			4
2024.10.07	02:04:18.064		0.83618			4
2024.10.07	02:04:23.769	0.83611	0.83616			6
2024.10.07	02:04:24.142	0.83609	0.83614			6
2024.10.07	02:04:24.444		0.83615			4
2024.10.07	02:04:25.184		0.83614			4
2024.10.07	02:04:26.280	0.83608				2
2024.10.07	02:04:29.102	0.83609				2
2024.10.07	02:04:31.053		0.83615			4
2024.10.07	02:04:31.408	0.83611	0.83616			6
2024.10.07	02:04:35.063	0.83612	0.83618			6
2024.10.07	02:04:35.734		0.83617			4
2024.10.07	02:04:36.588	0.83611				2
2024.10.07	02:04:41.088		0.83615			4
2024.10.07	02:04:42.236		0.83616			4
2024.10.07	02:04:42.644		0.83615			4
2024.10.07	02:04:44.292		0.83614			4
2024.10.07	02:04:49.040	0.83609	0.83613			6
2024.10.07	02:04:55.935		0.83615			4
2024.10.07	02:04:56.559		0.83613			4
2024.10.07	02:05:00.067	0.83609	0.83615			6
2024.10.07	02:05:08.125		0.83613			4
2024.10.07	02:05:14.351		0.83615			4
2024.10.07	02:05:17.068	0.83608	0.83614			6
2024.10.07	02:05:18.476	0.83606	0.83610			6
2024.10.07	02:05:24.520	0.83605	0.83609			6
2024.10.07	02:05:35.645	0.83604	0.83608			6
2024.10.07	02:05:36.670		0.83607			4
2024.10.07	02:05:37.179		0.83608			4
2024.10.07	02:05:39.155	0.83605				2
2024.10.07	02:05:48.405	0.83604				2
2024.10.07	02:05:55.667		0.83610			4
2024.10.07	02:05:57.068	0.83606	0.83609			6
2024.10.07	02:05:57.417	0.83605				2
2024.10.07	02:05:59.482	0.83604	0.83610			6
2024.10.07	02:06:00.004	0.83604				2
2024.10.07	02:06:00.542	0.83607	0.83612			6
2024.10.07	02:06:01.008		0.83613			4
2024.10.07	02:06:06.734	0.83606	0.83611			6
2024.10.07	02:06:07.168		0.83610			4
2024.10.07	02:06:18.101		0.83612			4
2024.10.07	02:06:18.404	0.83605	0.83610			6
2024.10.07	02:06:18.727		0.83608			4
2024.10.07	02:06:23.818		0.83609			4
2024.10.07	02:06:27.156		0.83610			4
2024.10.07	02:06:27.653		0.83611			4
2024.10.07	02:06:28.563	0.83606				2
2024.10.07	02:06:29.375		0.83612			4
2024.10.07	02:06:29.697		0.83610			4
2024.10.07	02:06:51.315	0.83605				2
2024.10.07	02:06:53.396	0.83606				2
2024.10.07	02:06:58.464		0.83611			4
2024.10.07	02:07:00.019	0.83607	0.83610			6
2024.10.07	02:07:01.105		0.83611			4
2024.10.07	02:07:12.616	0.83609	0.83613			6
2024.10.07	02:07:32.517	0.83611	0.83614			6
2024.10.07	02:07:35.263	0.83610				2
2024.10.07	02:07:39.105	0.83611				2
2024.10.07	02:07:49.575		0.83615			4
2024.10.07	02:07:51.031	0.83610				2
2024.10.07	02:08:00.472	0.83611				2
2024.10.07	02:08:09.172	0.83610	0.83614			6
2024.10.07	02:08:16.360	0.83609				2
2024.10.07	02:08:16.697	0.83610	0.83613			6
2024.10.07	02:08:23.847	0.83609				2
2024.10.07	02:08:29.506	0.83610				2
2024.10.07	02:08:29.810	0.83609				2
2024.10.07	02:08:32.821	0.83610				2
2024.10.07	02:08:33.807	0.83611	0.83614			6
2024.10.07	02:08:35.687		0.83613			4
2024.10.07	02:08:37.063	0.83610				2
2024.10.07	02:08:37.723	0.83611				2
2024.10.07	02:08:42.808	0.83609				2
2024.10.07	02:08:44.845	0.83611				2
2024.10.07	02:08:54.194		0.83614			4
2024.10.07	02:08:55.252	0.83610				2
2024.10.07	02:08:56.248	0.83611	0.83613			6
2024.10.07	02:09:00.388	0.83610	0.83614			6
2024.10.07	02:09:03.154	0.83611	0.83613			6
2024.10.07	02:09:04.222	0.83610	0.83614			6
2024.10.07	02:09:11.440	0.83608	0.83613			6
2024.10.07	02:09:12.556	0.83609				2
2024.10.07	02:09:13.459	0.83611				2
2024.10.07	02:09:15.284	0.83612	0.83614			6
2024.10.07	02:09:28.521	0.83611				2
2024.10.07	02:09:45.154	0.83608	0.83611			6
2024.10.07	02:09:45.465		0.83610			4
2024.10.07	02:09:45.840	0.83607				2
2024.10.07	02:09:48.418	0.83608				2
2024.10.07	02:09:50.978	0.83607				2
2024.10.07	02:09:56.052	0.83609	0.83611			6
2024.10.07	02:09:57.986	0.83611	0.83613			6
2024.10.07	02:09:58.287	0.83610				2
2024.10.07	02:10:00.961	0.83610				2
2024.10.07	02:10:04.400		0.83614			4
2024.10.07	02:10:06.182	0.83611	0.83613			6
2024.10.07	02:10:13.984		0.83614			4
2024.10.07	02:10:15.946	0.83610	0.83613			6
2024.10.07	02:10:19.218		0.83612			4
2024.10.07	02:10:31.463	0.83611	0.83613			6
2024.10.07	02:11:06.924	0.83615	0.83620			6
2024.10.07	02:11:07.253	0.83618	0.83621			6
2024.10.07	02:11:07.598	0.83617				2
2024.10.07	02:11:08.347	0.83619	0.83622			6
2024.10.07	02:11:10.371	0.83617	0.83623			6
2024.10.07	02:11:12.280	0.83618				2
2024.10.07	02:11:13.888	0.83619	0.83624			6
2024.10.07	02:11:14.199	0.83622	0.83625			6
2024.10.07	02:11:14.787	0.83621				2
2024.10.07	02:11:32.892	0.83624				2
2024.10.07	02:12:00.099	0.83624				2
2024.10.07	02:12:12.370	0.83623	0.83624			6
2024.10.07	02:12:14.922	0.83619	0.83621			6
2024.10.07	02:12:15.867		0.83620			4
2024.10.07	02:12:28.933	0.83617	0.83619			6
2024.10.07	02:12:32.059	0.83616				2
2024.10.07	02:12:37.522	0.83617				2
2024.10.07	02:12:39.890	0.83618				2
2024.10.07	02:12:40.465	0.83617				2
2024.10.07	02:12:52.990	0.83618				2
2024.10.07	02:13:01.722	0.83617	0.83620			6
2024.10.07	02:13:05.490	0.83618				2
2024.10.07	02:13:07.724	0.83619	0.83621			6
2024.10.07	02:13:08.144	0.83618	0.83620			6
2024.10.07	02:13:10.683	0.83621	0.83624			6
2024.10.07	02:13:19.342	0.83620				2
2024.10.07	02:13:20.292	0.83619				2
2024.10.07	02:13:30.259	0.83623	0.83625			6
2024.10.07	02:13:37.010	0.83624				2
2024.10.07	02:13:38.752	0.83623	0.83624			6
2024.10.07	02:13:49.122	0.83622	0.83623			6
2024.10.07	02:13:49.423	0.83621	0.83622			6
2024.10.07	02:13:49.725	0.83620	0.83621			6
2024.10.07	02:13:50.377	0.83621	0.83622			6
2024.10.07	02:13:53.551	0.83619	0.83620			6
2024.10.07	02:14:00.766	0.83619				2
2024.10.07	02:14:04.697	0.83618				2
2024.10.07	02:14:12.982		0.83619			4
2024.10.07	02:14:16.632	0.83619	0.83620			6
2024.10.07	02:14:23.926	0.83618	0.83619			6
2024.10.07	02:14:38.931	0.83619	0.83620			6
2024.10.07	02:14:39.459	0.83618	0.83619			6
2024.10.07	02:14:42.876	0.83613	0.83617			6
2024.10.07	02:14:50.841	0.83614				2
2024.10.07	02:14:53.255		0.83618			4
2024.10.07	02:15:00.096	0.83614				2
2024.10.07	02:15:04.290	0.83615				2
2024.10.07	02:15:04.690	0.83614				2
2024.10.07	02:15:07.190	0.83617	0.83619			6
2024.10.07	02:15:09.685	0.83618				2
2024.10.07	02:15:11.911	0.83617				2
2024.10.07	02:15:13.956	0.83618				2
2024.10.07	02:15:19.171	0.83615	0.83620			6
2024.10.07	02:15:21.700	0.83614	0.83619			6
2024.10.07	02:15:22.304	0.83615				2
2024.10.07	02:15:22.703	0.83620	0.83621			6
2024.10.07	02:15:27.027	0.83619	0.83620			6
2024.10.07	02:15:36.015	0.83615	0.83619			6
2024.10.07	02:15:36.474	0.83616				2
2024.10.07	02:15:37.311		0.83620			4
2024.10.07	02:15:42.052	0.83617				2
2024.10.07	02:15:43.925		0.83619			4
2024.10.07	02:15:45.292	0.83616				2
2024.10.07	02:15:45.606	0.83619	0.83621			6
2024.10.07	02:15:46.354		0.83620			4
2024.10.07	02:15:50.243	0.83618				2
2024.10.07	02:15:51.912	0.83619				2
2024.10.07	02:16:00.539	0.83623	0.83624			6
2024.10.07	02:16:06.725	0.83622				2
2024.10.07	02:16:10.793	0.83624	0.83625			6
2024.10.07	02:16:11.138	0.83620	0.83621			6
2024.10.07	02:16:11.443	0.83618	0.83619			6
2024.10.07	02:16:14.162	0.83617				2
2024.10.07	02:16:17.659		0.83620			4
2024.10.07	02:16:24.865	0.83618	0.83619			6
2024.10.07	02:16:27.628	0.83617	0.83620			6
2024.10.07	02:16:28.145		0.83619			4
2024.10.07	02:16:57.550	0.83616				2
2024.10.07	02:17:00.537	0.83616				2
2024.10.07	02:17:02.845	0.83615	0.83617			6
2024.10.07	02:17:04.711	0.83617	0.83618			6
2024.10.07	02:17:13.421	0.83615				2
2024.10.07	02:17:17.100	0.83617				2
2024.10.07	02:17:17.527	0.83616	0.83617			6
2024.10.07	02:17:20.235		0.83619			4
2024.10.07	02:17:25.727	0.83617				2
2024.10.07	02:17:54.851		0.83618			4
2024.10.07	02:17:55.653		0.83619			4
2024.10.07	02:17:58.019	0.83618				2
2024.10.07	02:18:00.607	0.83618				2
2024.10.07	02:18:01.579	0.83617				2
2024.10.07	02:18:02.429		0.83618			4
2024.10.07	02:18:02.731		0.83619			4
2024.10.07	02:18:03.263	0.83616				2
2024.10.07	02:18:11.077		0.83618			4
2024.10.07	02:18:11.410		0.83619			4
2024.10.07	02:18:12.172		0.83617			4
2024.10.07	02:18:12.572	0.83615	0.83618			6
2024.10.07	02:18:12.874	0.83617				2
2024.10.07	02:18:13.502	0.83614				2
2024.10.07	02:18:18.047	0.83615				2
2024.10.07	02:18:19.975	0.83611	0.83615			6
2024.10.07	02:18:20.283	0.83609	0.83614			6
2024.10.07	02:18:20.587	0.83610				2
2024.10.07	02:18:27.069	0.83609	0.83613			6
2024.10.07	02:18:31.342		0.83614			4
2024.10.07	02:18:39.758		0.83613			4
2024.10.07	02:18:40.731	0.83610				2
2024.10.07	02:18:42.335	0.83609				2
2024.10.07	02:18:43.077	0.83610				2
2024.10.07	02:18:45.521	0.83609				2
2024.10.07	02:18:46.358		0.83614			4
2024.10.07	02:18:51.110	0.83612				2
2024.10.07	02:18:56.491	0.83611	0.83615			6
2024.10.07	02:19:00.246	0.83613	0.83614			6
2024.10.07	02:19:03.336		0.83615			4
2024.10.07	02:19:03.871		0.83614			4
2024.10.07	02:19:04.403	0.83611				2
2024.10.07	02:19:10.327	0.83613				2
2024.10.07	02:19:15.733	0.83612				2
2024.10.07	02:19:19.946	0.83609				2
2024.10.07	02:19:20.440	0.83611				2
2024.10.07	02:19:28.850		0.83613			4
2024.10.07	02:19:29.165	0.83610				2
2024.10.07	02:19:35.226	0.83609				2
2024.10.07	02:19:36.580	0.83610				2
2024.10.07	02:19:48.741	0.83613	0.83614			6
2024.10.07	02:19:49.100	0.83611	0.83613			6
2024.10.07	02:19:57.316	0.83614	0.83615			6
2024.10.07	02:19:57.637	0.83615	0.83616			6
2024.10.07	02:20:00.506	0.83614	0.83615			6
2024.10.07	02:20:01.698	0.83612	0.83616			6
2024.10.07	02:20:02.549	0.83610	0.83615			6
2024.10.07	02:20:02.962		0.83614			4
2024.10.07	02:20:04.610	0.83611				2
2024.10.07	02:20:07.740	0.83610				2
2024.10.07	02:20:08.456	0.83612				2
2024.10.07	02:20:08.827	0.83613				2
2024.10.07	02:20:10.033	0.83612				2
2024.10.07	02:20:10.644	0.83609				2
2024.10.07	02:20:14.372		0.83613			4
2024.10.07	02:20:14.733		0.83612			4
2024.10.07	02:20:15.460	0.83611				2
2024.10.07	02:20:15.979	0.83609	0.83613			6
2024.10.07	02:20:19.537		0.83612			4
2024.10.07	02:20:28.825	0.83610				2
2024.10.07	02:20:30.999	0.83609				2
2024.10.07	02:20:37.473	0.83610				2
2024.10.07	02:20:40.406		0.83611			4
2024.10.07	02:20:41.075	0.83608				2
2024.10.07	02:20:46.355		0.83610			4
2024.10.07	02:20:51.105	0.83610	0.83611			6
2024.10.07	02:21:00.077	0.83609	0.83610			6
2024.10.07	02:21:01.367	0.83607	0.83608			6
2024.10.07	02:21:01.685	0.83602	0.83604			6
2024.10.07	02:21:02.105		0.83603			4
2024.10.07	02:21:07.328	0.83601	0.83602			6
2024.10.07	02:21:09.139		0.83603			4
2024.10.07	02:21:09.444	0.83599	0.83602			6
2024.10.07	02:21:09.756	0.83601				2
2024.10.07	02:21:20.605	0.83603	0.83604			6
2024.10.07	02:21:22.668	0.83601	0.83603			6
2024.10.07	02:21:23.960	0.83603	0.83604			6
2024.10.07	02:21:37.746	0.83604	0.83605			6
2024.10.07	02:21:41.898	0.83603				2
2024.10.07	02:21:44.218	0.83604				2
2024.10.07	02:21:45.337	0.83603				2
2024.10.07	02:21:48.829		0.83604			4
2024.10.07	02:22:00.576	0.83603				2
2024.10.07	02:22:01.048	0.83605	0.83606			6
2024.10.07	02:22:02.234	0.83604	0.83605			6
2024.10.07	02:22:02.536	0.83605	0.83606			6
2024.10.07	02:22:07.461	0.83604	0.83605			6
2024.10.07	02:22:08.343	0.83606	0.83607			6
2024.10.07	02:22:09.676	0.83605	0.83606			6
2024.10.07	02:22:11.821		0.83607			4
2024.10.07	02:22:12.123		0.83609			4
2024.10.07	02:22:13.285	0.83607				2
2024.10.07	02:22:14.255	0.83608				2
2024.10.07	02:22:15.577	0.83607	0.83608			6
2024.10.07	02:22:15.889	0.83608	0.83609			6
2024.10.07	02:22:19.129	0.83607	0.83608			6
2024.10.07	02:22:20.528	0.83608	0.83609			6
2024.10.07	02:22:41.612	0.83607	0.83608			6
2024.10.07	02:22:46.609	0.83605	0.83606			6
2024.10.07	02:22:46.962	0.83604	0.83605			6
2024.10.07	02:23:00.660	0.83604				2
2024.10.07	02:23:15.658	0.83605	0.83607			6
2024.10.07	02:23:17.894	0.83604				2
2024.10.07	02:23:33.130	0.83605	0.83606			6
2024.10.07	02:23:49.741	0.83604	0.83605			6
2024.10.07	02:23:50.670	0.83602	0.83604			6
2024.10.07	02:23:55.476	0.83603				2
2024.10.07	02:23:56.611	0.83604	0.83605			6
2024.10.07	02:23:58.724	0.83603	0.83604			6
2024.10.07	02:23:59.088	0.83605	0.83606			6
2024.10.07	02:24:00.228	0.83605				2
2024.10.07	02:24:00.568	0.83602	0.83605			6
2024.10.07	02:24:01.429	0.83603				2
2024.10.07	02:24:09.052	0.83604				2
2024.10.07	02:24:25.448	0.83606	0.83607			6
2024.10.07	02:24:27.524	0.83607	0.83608			6
2024.10.07	02:24:32.339	0.83606	0.83607			6
2024.10.07	02:24:32.933		0.83608			4
2024.10.07	02:24:33.420	0.83607				2
2024.10.07	02:24:44.981	0.83606	0.83607			6
2024.10.07	02:24:46.349	0.83604				2
2024.10.07	02:24:49.277	0.83606				2
2024.10.07	02:24:55.674	0.83607	0.83608			6
2024.10.07	02:25:00.480	0.83607				2
2024.10.07	02:25:04.377	0.83606	0.83607			6
2024.10.07	02:25:05.258	0.83607	0.83608			6
2024.10.07	02:25:07.642	0.83606	0.83607			6
2024.10.07	02:25:08.036		0.83608			4
2024.10.07	02:25:15.674		0.83607			4
2024.10.07	02:25:18.691		0.83608			4
2024.10.07	02:25:30.401	0.83607				2
2024.10.07	02:25:42.427	0.83605				2
2024.10.07	02:25:43.794	0.83606				2
2024.10.07	02:25:44.181		0.83607			4
2024.10.07	02:25:45.259	0.83607	0.83608			6
2024.10.07	02:25:46.467		0.83609			4
2024.10.07	02:25:52.191	0.83608	0.83610			6
2024.10.07	02:25:53.114		0.83609			4
2024.10.07	02:25:54.179	0.83606	0.83608			6
2024.10.07	02:25:55.095	0.83607				2
2024.10.07	02:26:01.592	0.83607				2
2024.10.07	02:26:04.078	0.83606				2
2024.10.07	02:26:04.541		0.83609			4
2024.10.07	02:26:05.570		0.83607			4
2024.10.07	02:26:05.885	0.83605	0.83606			6
2024.10.07	02:26:06.731	0.83603	0.83605			6
2024.10.07	02:26:07.193		0.83604			4
2024.10.07	02:26:11.465	0.83604	0.83605			6
