<DATE>	<TIME>	<BID>	<ASK>	<LAST>	<VOLUME>	<FLAGS>
2024.10.22	00:00:00.393	0.83275	0.83319			6
2024.10.22	00:00:00.704	0.83246	0.83354			6
2024.10.22	00:00:01.034	0.83242	0.83355			6
2024.10.22	00:00:05.661	0.83233	0.83364			6
2024.10.22	00:00:30.797	0.83228	0.83355			6
2024.10.22	00:01:00.000	0.83228				2
2024.10.22	00:01:25.862		0.83363			4
2024.10.22	00:01:47.989		0.83366			4
2024.10.22	00:02:00.986	0.83228				2
2024.10.22	00:02:05.597	0.83227				2
2024.10.22	00:02:43.032		0.83368			4
2024.10.22	00:02:46.555	0.83237	0.83358			6
2024.10.22	00:03:00.000	0.83237				2
2024.10.22	00:03:46.542		0.83357			4
2024.10.22	00:04:01.033	0.83237				2
2024.10.22	00:04:07.802	0.83227	0.83367			6
2024.10.22	00:05:00.277	0.83227				2
2024.10.22	00:05:00.983	0.83221	0.83370			6
2024.10.22	00:05:05.948		0.83356			4
2024.10.22	00:05:07.413	0.83211				2
2024.10.22	00:05:07.980		0.83375			4
2024.10.22	00:05:11.125		0.83376			4
2024.10.22	00:05:12.289		0.83367			4
2024.10.22	00:05:12.599		0.83372			4
2024.10.22	00:05:14.923		0.83370			4
2024.10.22	00:05:19.322		0.83365			4
2024.10.22	00:05:19.697		0.83367			4
2024.10.22	00:05:20.767		0.83369			4
2024.10.22	00:05:23.330		0.83363			4
2024.10.22	00:05:25.399		0.83361			4
2024.10.22	00:05:30.451		0.83364			4
2024.10.22	00:05:30.890		0.83366			4
2024.10.22	00:05:34.507		0.83367			4
2024.10.22	00:05:39.010		0.83365			4
2024.10.22	00:05:40.511		0.83364			4
2024.10.22	00:05:41.735		0.83365			4
2024.10.22	00:05:42.391		0.83366			4
2024.10.22	00:05:43.195		0.83365			4
2024.10.22	00:05:44.505		0.83367			4
2024.10.22	00:05:50.238		0.83368			4
2024.10.22	00:05:55.088		0.83369			4
2024.10.22	00:06:00.289	0.83211	0.83368			6
2024.10.22	00:06:05.054		0.83367			4
2024.10.22	00:06:06.154		0.83366			4
2024.10.22	00:06:07.348	0.83208				2
2024.10.22	00:06:20.962	0.83218	0.83373			6
2024.10.22	00:06:22.376	0.83217	0.83371			6
2024.10.22	00:06:23.278	0.83213				2
2024.10.22	00:06:32.368	0.83214	0.83370			6
2024.10.22	00:06:38.419	0.83213				2
2024.10.22	00:06:46.363	0.83214				2
2024.10.22	00:06:48.372	0.83211	0.83373			6
2024.10.22	00:06:56.362		0.83372			4
2024.10.22	00:06:58.363	0.83213	0.83370			6
2024.10.22	00:07:00.209	0.83214				2
2024.10.22	00:07:06.400		0.83369			4
2024.10.22	00:07:23.281	0.83215				2
2024.10.22	00:07:47.056	0.83216	0.83370			6
2024.10.22	00:07:52.569	0.83215	0.83369			6
2024.10.22	00:08:03.391	0.83215				2
2024.10.22	00:08:07.595	0.83216	0.83370			6
2024.10.22	00:08:12.123	0.83214	0.83368			6
2024.10.22	00:08:22.857	0.83216	0.83370			6
2024.10.22	00:08:27.409	0.83215	0.83369			6
2024.10.22	00:08:32.021	0.83216	0.83370			6
2024.10.22	00:08:42.022	0.83214	0.83368			6
2024.10.22	00:08:44.663		0.83371			4
2024.10.22	00:08:46.794	0.83215	0.83372			6
2024.10.22	00:08:58.368	0.83214				2
2024.10.22	00:09:13.324	0.83214				2
2024.10.22	00:09:34.378	0.83215				2
2024.10.22	00:09:48.434	0.83214	0.83372			6
2024.10.22	00:09:55.891	0.83210	0.83375			6
2024.10.22	00:09:58.985	0.83206				2
2024.10.22	00:10:00.359	0.83239	0.83337			6
2024.10.22	00:10:09.470	0.83240	0.83338			6
2024.10.22	00:10:10.736	0.83239	0.83337			6
2024.10.22	00:10:47.316	0.83237	0.83335			6
2024.10.22	00:10:48.694	0.83240	0.83338			6
2024.10.22	00:10:49.867	0.83239	0.83337			6
2024.10.22	00:10:52.147	0.83237	0.83335			6
2024.10.22	00:10:53.148	0.83239	0.83337			6
2024.10.22	00:10:53.994	0.83238	0.83336			6
2024.10.22	00:11:00.656	0.83238	0.83337			6
2024.10.22	00:11:03.712	0.83240	0.83338			6
2024.10.22	00:11:04.156	0.83238	0.83336			6
2024.10.22	00:11:05.147	0.83240	0.83338			6
2024.10.22	00:11:06.150	0.83238	0.83336			6
2024.10.22	00:11:07.148	0.83240	0.83338			6
2024.10.22	00:11:07.513	0.83239				2
2024.10.22	00:11:08.147	0.83237	0.83336			6
2024.10.22	00:11:09.060	0.83220	0.83340			6
2024.10.22	00:11:09.364	0.83236	0.83339			6
2024.10.22	00:11:09.687	0.83235	0.83338			6
2024.10.22	00:11:10.108	0.83236	0.83339			6
2024.10.22	00:11:12.705	0.83238	0.83341			6
2024.10.22	00:11:19.257	0.83236	0.83343			6
2024.10.22	00:11:20.090	0.83234	0.83345			6
2024.10.22	00:11:27.559		0.83346			4
2024.10.22	00:11:44.515	0.83235				2
2024.10.22	00:11:45.018	0.83234	0.83345			6
2024.10.22	00:11:45.517		0.83346			4
2024.10.22	00:11:47.455	0.83235				2
2024.10.22	00:11:50.761	0.83234				2
2024.10.22	00:12:00.807	0.83234				2
2024.10.22	00:12:12.733	0.83231	0.83342			6
2024.10.22	00:12:27.750	0.83233	0.83344			6
2024.10.22	00:12:29.352	0.83230	0.83347			6
2024.10.22	00:12:34.294	0.83232	0.83348			6
2024.10.22	00:12:47.703	0.83234	0.83350			6
2024.10.22	00:12:54.690	0.83232	0.83348			6
2024.10.22	00:12:56.155	0.83233	0.83349			6
2024.10.22	00:13:00.605	0.83233				2
2024.10.22	00:13:06.988	0.83222	0.83347			6
2024.10.22	00:13:37.550	0.83223				2
2024.10.22	00:14:00.428	0.83223				2
2024.10.22	00:14:07.517		0.83347			4
2024.10.22	00:14:13.967	0.83229	0.83352			6
2024.10.22	00:14:19.015	0.83228				2
2024.10.22	00:14:20.008	0.83227	0.83351			6
2024.10.22	00:14:22.012		0.83350			4
2024.10.22	00:14:29.699	0.83226				2
2024.10.22	00:14:34.512		0.83351			4
2024.10.22	00:14:43.965	0.83222	0.83348			6
2024.10.22	00:14:55.851	0.83221	0.83349			6
2024.10.22	00:15:00.413	0.83223	0.83351			6
2024.10.22	00:15:01.156	0.83225	0.83353			6
2024.10.22	00:15:02.392	0.83229	0.83356			6
2024.10.22	00:15:14.501	0.83236	0.83367			6
2024.10.22	00:15:28.061	0.83235				2
2024.10.22	00:15:30.615	0.83234	0.83366			6
2024.10.22	00:15:37.580	0.83237				2
2024.10.22	00:15:40.138	0.83234				2
2024.10.22	00:15:42.538	0.83232	0.83363			6
2024.10.22	00:15:49.884	0.83222	0.83353			6
2024.10.22	00:15:51.835		0.83352			4
2024.10.22	00:15:54.954		0.83351			4
2024.10.22	00:15:56.934	0.83221				2
2024.10.22	00:16:00.361	0.83221	0.83349			6
2024.10.22	00:16:07.574	0.83223	0.83350			6
2024.10.22	00:16:10.358		0.83351			4
2024.10.22	00:16:10.665		0.83350			4
2024.10.22	00:16:12.054		0.83351			4
2024.10.22	00:16:15.351	0.83224				2
2024.10.22	00:16:36.051	0.83223				2
2024.10.22	00:16:40.251	0.83217	0.83345			6
2024.10.22	00:16:42.328	0.83218	0.83346			6
2024.10.22	00:17:00.395	0.83218				2
2024.10.22	00:17:09.054		0.83347			4
2024.10.22	00:17:16.494	0.83217				2
2024.10.22	00:17:16.802	0.83218				2
2024.10.22	00:17:24.228	0.83219				2
2024.10.22	00:17:26.156	0.83218				2
2024.10.22	00:17:50.320	0.83219	0.83348			6
2024.10.22	00:17:50.832	0.83220	0.83349			6
2024.10.22	00:17:53.988	0.83219	0.83348			6
2024.10.22	00:17:55.849	0.83218	0.83347			6
2024.10.22	00:18:01.855	0.83218				2
2024.10.22	00:18:02.602	0.83217	0.83346			6
2024.10.22	00:18:03.365	0.83216	0.83344			6
2024.10.22	00:18:12.367	0.83215				2
2024.10.22	00:18:13.525	0.83237				2
2024.10.22	00:18:14.171	0.83215				2
2024.10.22	00:18:14.493	0.83237				2
2024.10.22	00:18:14.931	0.83216				2
2024.10.22	00:18:39.713		0.83345			4
2024.10.22	00:18:45.504		0.83344			4
2024.10.22	00:19:00.643	0.83216				2
2024.10.22	00:19:45.740		0.83344			4
2024.10.22	00:20:00.020	0.83217	0.83343			6
2024.10.22	00:20:00.322	0.83216	0.83346			6
2024.10.22	00:20:00.623		0.83344			4
2024.10.22	00:20:16.627		0.83343			4
2024.10.22	00:20:18.296		0.83344			4
2024.10.22	00:20:22.850		0.83343			4
2024.10.22	00:20:27.899		0.83344			4
2024.10.22	00:20:38.774	0.83218	0.83347			6
2024.10.22	00:20:39.082	0.83220	0.83349			6
2024.10.22	00:20:39.402	0.83219	0.83350			6
2024.10.22	00:20:39.706	0.83216	0.83346			6
2024.10.22	00:21:01.847	0.83216				2
2024.10.22	00:21:10.896		0.83345			4
2024.10.22	00:21:26.327		0.83344			4
2024.10.22	00:21:36.258		0.83346			4
2024.10.22	00:21:38.706		0.83347			4
2024.10.22	00:21:41.285		0.83346			4
2024.10.22	00:22:00.734	0.83216				2
2024.10.22	00:22:14.170		0.83345			4
2024.10.22	00:22:48.909		0.83346			4
2024.10.22	00:22:50.586		0.83345			4
2024.10.22	00:22:50.944		0.83346			4
2024.10.22	00:22:52.012		0.83345			4
2024.10.22	00:23:02.001	0.83216				2
2024.10.22	00:23:53.269		0.83346			4
2024.10.22	00:23:58.551		0.83345			4
2024.10.22	00:24:00.543	0.83216				2
2024.10.22	00:24:01.418		0.83344			4
2024.10.22	00:24:02.484	0.83218	0.83348			6
2024.10.22	00:24:09.657	0.83219	0.83349			6
2024.10.22	00:24:14.388		0.83350			4
2024.10.22	00:24:16.557		0.83349			4
2024.10.22	00:24:17.113	0.83217	0.83347			6
2024.10.22	00:24:18.238	0.83216	0.83346			6
2024.10.22	00:24:22.264		0.83347			4
2024.10.22	00:24:28.411	0.83218	0.83348			6
2024.10.22	00:24:30.001	0.83206	0.83361			6
2024.10.22	00:24:30.366		0.83359			4
2024.10.22	00:24:31.451		0.83358			4
2024.10.22	00:24:34.249		0.83344			4
2024.10.22	00:24:35.110		0.83341			4
2024.10.22	00:24:36.080	0.83207	0.83340			6
2024.10.22	00:24:43.558	0.83206	0.83341			6
2024.10.22	00:24:54.353		0.83342			4
2024.10.22	00:25:00.323	0.83206				2
2024.10.22	00:25:01.502		0.83345			4
2024.10.22	00:25:01.802		0.83343			4
2024.10.22	00:25:03.213		0.83342			4
2024.10.22	00:25:11.282		0.83343			4
2024.10.22	00:25:19.554		0.83344			4
2024.10.22	00:25:41.451		0.83345			4
2024.10.22	00:25:53.750		0.83344			4
2024.10.22	00:25:57.960		0.83345			4
2024.10.22	00:26:00.363	0.83206				2
2024.10.22	00:26:01.550		0.83347			4
2024.10.22	00:26:01.861		0.83349			4
2024.10.22	00:26:04.386		0.83350			4
2024.10.22	00:26:21.502		0.83349			4
2024.10.22	00:26:22.671		0.83350			4
2024.10.22	00:26:24.955		0.83349			4
2024.10.22	00:26:31.478		0.83352			4
2024.10.22	00:26:35.309		0.83351			4
2024.10.22	00:26:38.462		0.83352			4
2024.10.22	00:26:40.694		0.83351			4
2024.10.22	00:26:45.198		0.83350			4
2024.10.22	00:27:01.946	0.83206				2
2024.10.22	00:27:06.350		0.83351			4
2024.10.22	00:27:08.007		0.83355			4
2024.10.22	00:27:10.028		0.83353			4
2024.10.22	00:27:34.851		0.83352			4
2024.10.22	00:27:41.961		0.83353			4
2024.10.22	00:27:47.453		0.83352			4
2024.10.22	00:27:52.037		0.83351			4
2024.10.22	00:28:00.028	0.83206				2
2024.10.22	00:28:02.291		0.83352			4
2024.10.22	00:28:18.293		0.83351			4
2024.10.22	00:28:44.330		0.83352			4
2024.10.22	00:28:45.390		0.83350			4
2024.10.22	00:28:47.019		0.83346			4
2024.10.22	00:28:51.873	0.83224	0.83350			6
2024.10.22	00:29:00.360	0.83224				2
2024.10.22	00:29:02.412		0.83349			4
2024.10.22	00:29:16.550		0.83348			4
2024.10.22	00:29:25.850		0.83347			4
2024.10.22	00:29:43.735		0.83346			4
2024.10.22	00:29:45.778		0.83350			4
2024.10.22	00:29:47.388		0.83351			4
2024.10.22	00:29:48.356		0.83350			4
2024.10.22	00:30:00.305	0.83224	0.83351			6
2024.10.22	00:30:00.805		0.83349			4
2024.10.22	00:30:01.125		0.83347			4
2024.10.22	00:30:03.051		0.83346			4
2024.10.22	00:30:04.854		0.83345			4
2024.10.22	00:30:08.770		0.83346			4
2024.10.22	00:30:11.153		0.83345			4
2024.10.22	00:30:13.742		0.83349			4
2024.10.22	00:30:16.257		0.83348			4
2024.10.22	00:30:27.051	0.83225	0.83347			6
2024.10.22	00:30:28.680	0.83224				2
2024.10.22	00:30:30.658	0.83225	0.83346			6
2024.10.22	00:30:37.670	0.83226				2
2024.10.22	00:30:40.256		0.83345			4
2024.10.22	00:30:41.942	0.83227	0.83346			6
2024.10.22	00:30:44.450		0.83345			4
2024.10.22	00:30:49.552	0.83228				2
2024.10.22	00:30:51.882	0.83227	0.83344			6
2024.10.22	00:30:55.198	0.83228				2
2024.10.22	00:30:57.655	0.83229				2
2024.10.22	00:31:01.503	0.83229				2
2024.10.22	00:31:01.851	0.83230				2
2024.10.22	00:31:07.255		0.83343			4
2024.10.22	00:31:10.476	0.83229	0.83342			6
2024.10.22	00:31:11.154		0.83341			4
2024.10.22	00:31:14.151		0.83340			4
2024.10.22	00:31:20.451		0.83339			4
2024.10.22	00:31:22.854	0.83230				2
2024.10.22	00:31:31.849		0.83338			4
2024.10.22	00:31:33.650	0.83231				2
2024.10.22	00:31:40.855		0.83337			4
2024.10.22	00:31:42.902	0.83232	0.83338			6
2024.10.22	00:31:46.551		0.83337			4
2024.10.22	00:31:49.251	0.83233				2
2024.10.22	00:31:51.376	0.83232				2
2024.10.22	00:31:55.553	0.83233	0.83336			6
2024.10.22	00:32:01.845	0.83234				2
2024.10.22	00:32:06.350		0.83335			4
2024.10.22	00:32:16.550	0.83235	0.83334			6
2024.10.22	00:32:31.850	0.83236	0.83333			6
2024.10.22	00:32:46.435		0.83332			4
2024.10.22	00:32:47.454	0.83237	0.83333			6
2024.10.22	00:32:49.857		0.83332			4
2024.10.22	00:33:02.051	0.83238				2
2024.10.22	00:33:06.058		0.83331			4
2024.10.22	00:33:20.456	0.83239				2
2024.10.22	00:33:25.861		0.83330			4
2024.10.22	00:33:35.335	0.83240				2
2024.10.22	00:33:42.951		0.83329			4
2024.10.22	00:34:01.260	0.83241				2
2024.10.22	00:34:08.750		0.83328			4
2024.10.22	00:34:27.651	0.83242				2
2024.10.22	00:34:33.050		0.83327			4
2024.10.22	00:34:55.860	0.83243				2
2024.10.22	00:35:00.385	0.83243				2
2024.10.22	00:35:04.255	0.83244				2
2024.10.22	00:35:11.050		0.83328			4
2024.10.22	00:35:11.752		0.83327			4
2024.10.22	00:35:12.951	0.83243	0.83326			6
2024.10.22	00:35:25.854	0.83244				2
2024.10.22	00:35:41.146	0.83242	0.83324			6
2024.10.22	00:35:54.055		0.83323			4
2024.10.22	00:35:56.753	0.83243				2
2024.10.22	00:36:01.546	0.83243				2
2024.10.22	00:36:04.487		0.83324			4
2024.10.22	00:36:04.851	0.83244				2
2024.10.22	00:36:32.758		0.83323			4
2024.10.22	00:36:37.851	0.83245				2
2024.10.22	00:36:39.353		0.83322			4
2024.10.22	00:36:47.684	0.83246				2
2024.10.22	00:36:54.547	0.83247				2
2024.10.22	00:36:54.956	0.83248	0.83323			6
2024.10.22	00:37:02.154	0.83248				2
2024.10.22	00:37:03.284	0.83249	0.83324			6
2024.10.22	00:37:04.853	0.83247	0.83322			6
2024.10.22	00:37:05.163	0.83248	0.83323			6
2024.10.22	00:37:09.973	0.83249				2
2024.10.22	00:37:12.056	0.83248				2
2024.10.22	00:37:14.739		0.83322			4
2024.10.22	00:37:23.475	0.83249	0.83323			6
2024.10.22	00:37:27.157	0.83250	0.83324			6
2024.10.22	00:37:28.082	0.83251	0.83325			6
2024.10.22	00:37:29.791	0.83250	0.83324			6
2024.10.22	00:37:31.327	0.83251	0.83325			6
2024.10.22	00:37:32.691	0.83250	0.83323			6
2024.10.22	00:37:35.087	0.83251	0.83324			6
2024.10.22	00:37:40.133	0.83250	0.83323			6
2024.10.22	00:37:41.452	0.83248	0.83321			6
2024.10.22	00:37:46.447	0.83251	0.83324			6
2024.10.22	00:37:46.942	0.83252	0.83326			6
2024.10.22	00:37:47.247	0.83251	0.83324			6
2024.10.22	00:37:49.019	0.83252	0.83325			6
2024.10.22	00:37:51.318	0.83251	0.83324			6
2024.10.22	00:37:56.047	0.83252	0.83325			6
2024.10.22	00:37:57.318	0.83250	0.83323			6
2024.10.22	00:37:57.755		0.83324			4
2024.10.22	00:37:58.219	0.83252	0.83325			6
2024.10.22	00:38:00.435	0.83252				2
2024.10.22	00:38:01.502		0.83326			4
2024.10.22	00:38:18.055	0.83251	0.83325			6
2024.10.22	00:38:26.490	0.83252	0.83326			6
2024.10.22	00:38:29.754	0.83251	0.83325			6
2024.10.22	00:38:41.500	0.83252	0.83326			6
2024.10.22	00:38:44.925	0.83253	0.83327			6
2024.10.22	00:38:56.849	0.83252	0.83326			6
2024.10.22	00:39:01.878	0.83252				2
2024.10.22	00:39:32.157	0.83253	0.83327			6
2024.10.22	00:39:35.041	0.83252	0.83326			6
2024.10.22	00:39:35.390	0.83251	0.83325			6
2024.10.22	00:39:36.751	0.83253	0.83326			6
2024.10.22	00:39:38.458	0.83252				2
2024.10.22	00:39:46.649	0.83253	0.83327			6
2024.10.22	00:39:49.943	0.83254	0.83328			6
2024.10.22	00:40:00.367	0.83254				2
2024.10.22	00:40:01.652	0.83253	0.83326			6
2024.10.22	00:40:31.661	0.83256	0.83329			6
2024.10.22	00:40:38.153	0.83255	0.83328			6
2024.10.22	00:40:50.721	0.83256	0.83329			6
2024.10.22	00:40:52.079	0.83257	0.83330			6
2024.10.22	00:40:56.817		0.83331			4
2024.10.22	00:40:58.210	0.83256	0.83330			6
2024.10.22	00:40:58.555		0.83329			4
2024.10.22	00:41:00.629	0.83256	0.83330			6
2024.10.22	00:41:01.476	0.83257				2
2024.10.22	00:41:13.853		0.83331			4
2024.10.22	00:41:17.063	0.83256	0.83330			6
2024.10.22	00:41:33.496	0.83248	0.83321			6
2024.10.22	00:41:34.337	0.83243	0.83317			6
2024.10.22	00:41:34.640	0.83239	0.83315			6
2024.10.22	00:41:35.738	0.83242	0.83318			6
2024.10.22	00:41:36.141	0.83243	0.83319			6
2024.10.22	00:41:39.288	0.83239	0.83315			6
2024.10.22	00:41:39.749	0.83240	0.83316			6
2024.10.22	00:41:40.994		0.83317			4
2024.10.22	00:41:41.443	0.83238	0.83314			6
2024.10.22	00:41:41.809	0.83237				2
2024.10.22	00:41:43.848	0.83236	0.83313			6
2024.10.22	00:41:48.642	0.83237				2
2024.10.22	00:41:49.511	0.83235	0.83312			6
2024.10.22	00:41:50.605	0.83236				2
2024.10.22	00:41:54.354	0.83239	0.83315			6
2024.10.22	00:41:54.791	0.83240	0.83316			6
2024.10.22	00:41:57.234		0.83317			4
2024.10.22	00:42:00.375	0.83245	0.83321			6
2024.10.22	00:42:02.751		0.83322			4
2024.10.22	00:42:04.851		0.83321			4
2024.10.22	00:42:09.956	0.83244				2
2024.10.22	00:42:12.353	0.83245				2
2024.10.22	00:42:33.500	0.83249	0.83325			6
2024.10.22	00:42:34.118	0.83250	0.83326			6
2024.10.22	00:42:39.764	0.83251				2
2024.10.22	00:42:48.051	0.83250				2
2024.10.22	00:42:49.788	0.83249	0.83325			6
2024.10.22	00:42:50.158		0.83324			4
2024.10.22	00:43:01.500	0.83249				2
2024.10.22	00:43:11.233	0.83248	0.83323			6
2024.10.22	00:43:11.546	0.83249				2
2024.10.22	00:43:12.529	0.83250	0.83325			6
2024.10.22	00:43:15.517	0.83249	0.83324			6
2024.10.22	00:43:16.386		0.83323			4
2024.10.22	00:43:19.919	0.83250	0.83324			6
2024.10.22	00:43:20.437	0.83249	0.83323			6
2024.10.22	00:43:23.137	0.83250	0.83324			6
2024.10.22	00:43:27.113		0.83323			4
2024.10.22	00:43:27.650	0.83249				2
2024.10.22	00:43:29.621	0.83251	0.83324			6
2024.10.22	00:43:31.698	0.83249	0.83323			6
2024.10.22	00:43:32.718	0.83251	0.83324			6
2024.10.22	00:43:34.874	0.83252	0.83325			6
2024.10.22	00:43:43.502		0.83324			4
2024.10.22	00:43:46.798	0.83251				2
2024.10.22	00:43:47.524	0.83252	0.83325			6
2024.10.22	00:43:48.746		0.83324			4
2024.10.22	00:43:50.451	0.83251				2
2024.10.22	00:43:51.791	0.83250	0.83322			6
2024.10.22	00:43:54.654	0.83251	0.83323			6
2024.10.22	00:44:00.129	0.83251	0.83322			6
2024.10.22	00:44:00.981		0.83323			4
2024.10.22	00:44:01.405		0.83322			4
2024.10.22	00:44:03.979	0.83250				2
2024.10.22	00:44:04.525	0.83251				2
2024.10.22	00:44:06.827		0.83323			4
2024.10.22	00:44:07.485		0.83322			4
2024.10.22	00:44:10.609		0.83323			4
2024.10.22	00:44:12.301	0.83244	0.83315			6
2024.10.22	00:44:12.606	0.83241	0.83312			6
2024.10.22	00:44:21.461	0.83239	0.83310			6
2024.10.22	00:44:24.795	0.83237	0.83308			6
2024.10.22	00:44:26.227	0.83238	0.83309			6
2024.10.22	00:44:31.275		0.83308			4
2024.10.22	00:44:47.663	0.83241	0.83311			6
2024.10.22	00:44:47.984	0.83253	0.83324			6
2024.10.22	00:44:48.653	0.83254	0.83325			6
2024.10.22	00:44:49.173	0.83253	0.83324			6
2024.10.22	00:44:56.121	0.83252				2
2024.10.22	00:44:56.964	0.83257	0.83329			6
2024.10.22	00:44:58.191	0.83258				2
2024.10.22	00:45:00.363	0.83258				2
2024.10.22	00:45:02.122	0.83256	0.83327			6
2024.10.22	00:45:04.058	0.83258	0.83329			6
2024.10.22	00:45:04.483	0.83257				2
2024.10.22	00:45:07.581	0.83269	0.83317			6
2024.10.22	00:45:10.696		0.83316			4
2024.10.22	00:45:12.890	0.83268	0.83315			6
2024.10.22	00:45:15.652	0.83267				2
2024.10.22	00:45:19.826	0.83268				2
2024.10.22	00:45:21.479	0.83269	0.83317			6
2024.10.22	00:45:21.783		0.83316			4
2024.10.22	00:45:24.654	0.83268				2
2024.10.22	00:45:41.846	0.83267				2
2024.10.22	00:45:48.600	0.83268	0.83317			6
2024.10.22	00:45:52.250	0.83267				2
2024.10.22	00:46:00.215	0.83267				2
2024.10.22	00:46:00.613	0.83268				2
2024.10.22	00:46:02.703		0.83318			4
2024.10.22	00:46:09.932	0.83269	0.83319			6
2024.10.22	00:46:10.432	0.83268	0.83318			6
2024.10.22	00:46:11.060	0.83267	0.83317			6
2024.10.22	00:46:16.790	0.83266	0.83316			6
2024.10.22	00:46:18.870		0.83317			4
2024.10.22	00:46:19.373	0.83265	0.83316			6
2024.10.22	00:46:23.757	0.83266	0.83317			6
2024.10.22	00:46:25.324	0.83265	0.83316			6
2024.10.22	00:46:27.384	0.83255	0.83306			6
2024.10.22	00:46:30.409	0.83261	0.83309			6
2024.10.22	00:46:30.714	0.83264	0.83315			6
2024.10.22	00:46:33.921	0.83265	0.83316			6
2024.10.22	00:46:48.928	0.83264				2
2024.10.22	00:47:01.882	0.83265				2
2024.10.22	00:47:04.058		0.83317			4
2024.10.22	00:47:20.451	0.83264				2
2024.10.22	00:47:33.986	0.83263	0.83316			6
2024.10.22	00:48:03.951	0.83263				2
2024.10.22	00:48:10.439	0.83256	0.83308			6
2024.10.22	00:48:25.493	0.83259	0.83311			6
2024.10.22	00:48:42.591	0.83258	0.83309			6
2024.10.22	00:48:42.904	0.83259	0.83310			6
2024.10.22	00:48:44.451	0.83260	0.83311			6
2024.10.22	00:48:57.053	0.83261				2
2024.10.22	00:49:00.369	0.83261				2
2024.10.22	00:49:07.844	0.83260				2
2024.10.22	00:49:13.854	0.83261				2
2024.10.22	00:49:39.608	0.83260	0.83313			6
2024.10.22	00:49:39.923	0.83257	0.83310			6
2024.10.22	00:49:40.253	0.83258	0.83312			6
2024.10.22	00:49:43.185		0.83311			4
2024.10.22	00:49:46.811	0.83264				2
2024.10.22	00:49:47.682	0.83258				2
2024.10.22	00:49:49.688		0.83312			4
2024.10.22	00:49:50.751	0.83259	0.83313			6
2024.10.22	00:49:53.754		0.83312			4
2024.10.22	00:50:02.151	0.83258				2
2024.10.22	00:50:05.849		0.83311			4
2024.10.22	00:50:08.365		0.83312			4
2024.10.22	00:50:18.953		0.83311			4
2024.10.22	00:50:21.353		0.83312			4
2024.10.22	00:50:22.384	0.83255	0.83309			6
2024.10.22	00:50:24.353	0.83256				2
2024.10.22	00:50:31.472	0.83254	0.83308			6
2024.10.22	00:50:32.683		0.83307			4
2024.10.22	00:50:37.474	0.83255	0.83309			6
2024.10.22	00:50:45.951	0.83256				2
2024.10.22	00:50:49.859	0.83255				2
2024.10.22	00:51:00.317	0.83255				2
2024.10.22	00:51:01.843	0.83260	0.83314			6
2024.10.22	00:51:02.163	0.83261	0.83315			6
2024.10.22	00:51:05.386	0.83263	0.83316			6
2024.10.22	00:51:12.675		0.83317			4
2024.10.22	00:51:16.849	0.83264				2
2024.10.22	00:51:20.391		0.83318			4
2024.10.22	00:51:23.456	0.83265				2
2024.10.22	00:51:46.250	0.83263	0.83316			6
2024.10.22	00:51:50.479	0.83264	0.83317			6
2024.10.22	00:51:51.702	0.83263	0.83316			6
2024.10.22	00:52:01.844	0.83263				2
2024.10.22	00:52:05.479	0.83264	0.83317			6
2024.10.22	00:52:06.051	0.83263	0.83316			6
2024.10.22	00:52:15.238	0.83264				2
2024.10.22	00:52:16.250	0.83263				2
2024.10.22	00:52:29.756	0.83264				2
2024.10.22	00:52:33.654	0.83263				2
2024.10.22	00:52:40.742	0.83264	0.83317			6
2024.10.22	00:52:41.418	0.83256	0.83309			6
2024.10.22	00:52:42.050	0.83255	0.83308			6
2024.10.22	00:52:46.626	0.83254	0.83307			6
2024.10.22	00:52:48.352	0.83255				2
2024.10.22	00:52:51.649	0.83254				2
2024.10.22	00:52:53.111	0.83255				2
2024.10.22	00:52:58.568		0.83308			4
2024.10.22	00:53:00.488	0.83255				2
2024.10.22	00:53:06.656		0.83307			4
2024.10.22	00:53:09.477	0.83256	0.83309			6
2024.10.22	00:53:10.495	0.83257	0.83310			6
2024.10.22	00:53:17.476	0.83258	0.83311			6
2024.10.22	00:53:25.658	0.83257	0.83310			6
2024.10.22	00:53:26.968		0.83309			4
2024.10.22	00:53:28.550		0.83310			4
2024.10.22	00:53:33.349	0.83258	0.83311			6
2024.10.22	00:53:44.784	0.83261	0.83314			6
2024.10.22	00:53:48.064	0.83259	0.83313			6
2024.10.22	00:54:01.773	0.83259				2
2024.10.22	00:54:37.251	0.83258				2
2024.10.22	00:54:44.530	0.83256	0.83310			6
2024.10.22	00:54:45.470	0.83255				2
2024.10.22	00:54:50.086	0.83254	0.83309			6
2024.10.22	00:54:51.017	0.83252	0.83307			6
2024.10.22	00:54:53.290	0.83253				2
2024.10.22	00:54:53.793	0.83252				2
2024.10.22	00:54:54.296	0.83254	0.83308			6
2024.10.22	00:54:57.403	0.83257	0.83311			6
2024.10.22	00:54:57.914		0.83312			4
2024.10.22	00:54:58.325	0.83258				2
2024.10.22	00:54:59.660		0.83313			4
2024.10.22	00:55:00.901	0.83258				2
2024.10.22	00:55:03.051	0.83259	0.83312			6
2024.10.22	00:55:10.763	0.83258	0.83311			6
2024.10.22	00:55:11.100	0.83262	0.83315			6
2024.10.22	00:55:18.953	0.83263	0.83316			6
2024.10.22	00:55:19.497	0.83264				2
2024.10.22	00:55:48.283		0.83315			4
2024.10.22	00:56:00.089	0.83264				2
2024.10.22	00:56:04.089		0.83314			4
2024.10.22	00:56:27.951		0.83313			4
2024.10.22	00:56:40.949	0.83265	0.83314			6
2024.10.22	00:56:42.802	0.83264	0.83313			6
2024.10.22	00:56:45.659	0.83265				2
2024.10.22	00:56:48.361	0.83264				2
2024.10.22	00:56:50.355		0.83312			4
2024.10.22	00:56:50.754		0.83313			4
2024.10.22	00:56:59.085	0.83263	0.83312			6
2024.10.22	00:56:59.509		0.83311			4
2024.10.22	00:57:01.482	0.83263				2
2024.10.22	00:57:05.653	0.83262	0.83310			6
2024.10.22	00:57:32.454	0.83263	0.83309			6
2024.10.22	00:57:36.052	0.83262				2
2024.10.22	00:57:39.651	0.83263				2
2024.10.22	00:57:41.454	0.83261	0.83308			6
2024.10.22	00:57:42.959		0.83307			4
2024.10.22	00:57:51.843	0.83262	0.83308			6
2024.10.22	00:57:54.395	0.83261	0.83307			6
2024.10.22	00:57:58.789	0.83260				2
2024.10.22	00:57:59.794		0.83306			4
2024.10.22	00:58:00.656	0.83260				2
2024.10.22	00:58:02.152		0.83307			4
2024.10.22	00:58:04.683		0.83306			4
2024.10.22	00:58:07.849		0.83307			4
2024.10.22	00:58:11.322		0.83306			4
2024.10.22	00:58:15.957		0.83307			4
2024.10.22	00:58:18.996		0.83306			4
2024.10.22	00:58:21.958		0.83307			4
2024.10.22	00:58:24.353	0.83261				2
2024.10.22	00:58:26.551	0.83259	0.83305			6
2024.10.22	00:58:43.433		0.83304			4
2024.10.22	00:58:48.286	0.83258				2
2024.10.22	00:58:50.284	0.83259				2
2024.10.22	00:59:01.220	0.83259				2
2024.10.22	00:59:10.829	0.83258				2
2024.10.22	00:59:29.753	0.83259				2
2024.10.22	00:59:43.569		0.83304			4
2024.10.22	01:00:00.318	0.83272	0.83317			6
2024.10.22	01:00:00.625	0.83269	0.83312			6
2024.10.22	01:00:00.967	0.83268	0.83311			6
2024.10.22	01:00:01.289	0.83265	0.83308			6
2024.10.22	01:00:01.603	0.83266	0.83306			6
2024.10.22	01:00:01.994		0.83308			4
2024.10.22	01:00:02.370	0.83279				2
2024.10.22	01:00:04.527	0.83270	0.83312			6
2024.10.22	01:00:05.442	0.83269	0.83310			6
2024.10.22	01:00:09.050		0.83309			4
2024.10.22	01:00:10.068		0.83310			4
2024.10.22	01:00:10.371	0.83268	0.83309			6
2024.10.22	01:00:11.007		0.83307			4
2024.10.22	01:00:11.624		0.83308			4
2024.10.22	01:00:12.359	0.83266	0.83306			6
2024.10.22	01:00:14.037	0.83269	0.83301			6
2024.10.22	01:00:17.219	0.83268				2
2024.10.22	01:00:18.411	0.83279	0.83316			6
2024.10.22	01:00:18.716		0.83313			4
2024.10.22	01:00:19.097	0.83281				2
2024.10.22	01:00:20.982	0.83278				2
2024.10.22	01:00:22.005	0.83283				2
2024.10.22	01:00:22.362	0.83278				2
2024.10.22	01:00:23.342	0.83279				2
2024.10.22	01:00:24.051	0.83278				2
2024.10.22	01:00:24.353	0.83279				2
2024.10.22	01:00:25.022	0.83283				2
2024.10.22	01:00:25.406	0.83285				2
2024.10.22	01:00:26.804	0.83284				2
2024.10.22	01:00:27.123	0.83285				2
2024.10.22	01:00:27.475	0.83288				2
2024.10.22	01:00:28.235	0.83286				2
2024.10.22	01:00:29.479	0.83287				2
2024.10.22	01:00:29.796	0.83288				2
2024.10.22	01:00:30.273	0.83287				2
2024.10.22	01:00:31.453	0.83288				2
2024.10.22	01:00:32.453	0.83287				2
2024.10.22	01:00:33.414	0.83289				2
2024.10.22	01:00:34.194	0.83296	0.83307			6
2024.10.22	01:00:34.504	0.83289	0.83303			6
2024.10.22	01:00:35.451	0.83287				2
2024.10.22	01:00:37.261	0.83288				2
2024.10.22	01:00:37.644	0.83286				2
2024.10.22	01:00:41.035	0.83287				2
2024.10.22	01:00:41.411	0.83285				2
2024.10.22	01:00:42.689	0.83286				2
2024.10.22	01:00:43.597	0.83283	0.83300			6
2024.10.22	01:00:49.472	0.83285	0.83303			6
2024.10.22	01:00:52.852	0.83284				2
2024.10.22	01:00:53.280	0.83287				2
2024.10.22	01:00:55.489	0.83285	0.83300			6
2024.10.22	01:00:58.868	0.83283				2
2024.10.22	01:01:00.322	0.83284				2
2024.10.22	01:01:01.444	0.83286	0.83303			6
2024.10.22	01:01:02.390	0.83287				2
2024.10.22	01:01:03.033	0.83286	0.83300			6
2024.10.22	01:01:12.220		0.83301			4
2024.10.22	01:01:28.395	0.83287				2
2024.10.22	01:01:28.779	0.83289				2
2024.10.22	01:01:29.375	0.83288				2
2024.10.22	01:01:31.448	0.83289				2
2024.10.22	01:02:01.019	0.83289	0.83302			6
2024.10.22	01:02:09.612	0.83293	0.83305			6
2024.10.22	01:02:10.361	0.83292				2
2024.10.22	01:02:11.500	0.83293				2
2024.10.22	01:02:27.257	0.83292	0.83306			6
2024.10.22	01:02:30.453	0.83294	0.83305			6
2024.10.22	01:02:31.692	0.83293	0.83307			6
2024.10.22	01:02:34.016	0.83295	0.83309			6
2024.10.22	01:02:46.173	0.83296				2
2024.10.22	01:02:46.538	0.83297				2
2024.10.22	01:02:50.206		0.83310			4
2024.10.22	01:03:00.419	0.83297	0.83307			6
2024.10.22	01:03:01.108	0.83296				2
2024.10.22	01:03:07.185	0.83297				2
2024.10.22	01:03:10.720		0.83309			4
2024.10.22	01:03:17.840	0.83295				2
2024.10.22	01:03:24.316	0.83296	0.83308			6
2024.10.22	01:03:26.417	0.83295	0.83307			6
2024.10.22	01:03:27.376		0.83306			4
2024.10.22	01:03:27.684		0.83308			4
2024.10.22	01:03:42.460	0.83296	0.83309			6
2024.10.22	01:03:47.781	0.83295				2
2024.10.22	01:03:48.314	0.83296	0.83310			6
2024.10.22	01:03:57.436		0.83309			4
2024.10.22	01:04:01.444	0.83295	0.83305			6
2024.10.22	01:04:01.804	0.83296	0.83306			6
2024.10.22	01:04:02.347		0.83307			4
2024.10.22	01:04:08.172	0.83297				2
2024.10.22	01:04:11.376	0.83296				2
2024.10.22	01:04:21.702	0.83295	0.83306			6
2024.10.22	01:04:22.071		0.83307			4
2024.10.22	01:04:26.029	0.83294	0.83306			6
2024.10.22	01:04:30.960	0.83295				2
2024.10.22	01:04:34.442	0.83296				2
2024.10.22	01:04:36.495	0.83298	0.83308			6
2024.10.22	01:04:37.861		0.83309			4
2024.10.22	01:04:38.566		0.83308			4
2024.10.22	01:04:43.157		0.83309			4
2024.10.22	01:04:56.039	0.83297	0.83307			6
2024.10.22	01:04:56.370		0.83308			4
2024.10.22	01:05:00.468	0.83297				2
2024.10.22	01:05:06.595	0.83298				2
2024.10.22	01:05:12.430	0.83299	0.83309			6
2024.10.22	01:05:18.748	0.83298	0.83307			6
2024.10.22	01:05:24.381		0.83308			4
2024.10.22	01:05:28.022		0.83307			4
2024.10.22	01:05:36.982	0.83297	0.83308			6
2024.10.22	01:05:37.298	0.83298				2
2024.10.22	01:05:44.182		0.83307			4
2024.10.22	01:05:50.080	0.83297				2
2024.10.22	01:06:00.452	0.83297				2
2024.10.22	01:06:01.537	0.83298	0.83305			6
2024.10.22	01:06:01.844		0.83309			4
2024.10.22	01:06:02.214	0.83299				2
2024.10.22	01:06:08.508	0.83300				2
2024.10.22	01:06:09.348	0.83298				2
2024.10.22	01:06:10.947		0.83308			4
2024.10.22	01:06:13.918		0.83309			4
2024.10.22	01:06:15.953	0.83299				2
2024.10.22	01:06:17.007		0.83308			4
2024.10.22	01:06:18.057	0.83298				2
2024.10.22	01:06:19.390		0.83309			4
2024.10.22	01:06:32.151	0.83299				2
2024.10.22	01:06:38.881		0.83308			4
2024.10.22	01:06:46.324		0.83309			4
2024.10.22	01:06:48.094		0.83307			4
2024.10.22	01:06:51.818		0.83308			4
2024.10.22	01:06:52.936		0.83307			4
2024.10.22	01:07:00.657	0.83299				2
2024.10.22	01:07:03.288		0.83308			4
2024.10.22	01:07:06.524	0.83300	0.83309			6
2024.10.22	01:07:07.100		0.83310			4
2024.10.22	01:07:08.697	0.83301				2
2024.10.22	01:07:16.617		0.83311			4
2024.10.22	01:07:17.167		0.83310			4
2024.10.22	01:07:25.511		0.83311			4
2024.10.22	01:07:26.043		0.83310			4
2024.10.22	01:07:32.653		0.83309			4
2024.10.22	01:07:36.956	0.83300				2
2024.10.22	01:07:41.476		0.83310			4
2024.10.22	01:07:41.797		0.83309			4
2024.10.22	01:07:43.157		0.83310			4
2024.10.22	01:07:48.373		0.83309			4
2024.10.22	01:07:49.306		0.83310			4
2024.10.22	01:07:51.550	0.83301	0.83309			6
2024.10.22	01:07:57.010	0.83302				2
2024.10.22	01:08:01.464	0.83302	0.83311			6
2024.10.22	01:08:01.816		0.83310			4
2024.10.22	01:08:03.546		0.83311			4
2024.10.22	01:08:05.529		0.83310			4
2024.10.22	01:08:21.569		0.83311			4
2024.10.22	01:08:21.964	0.83303				2
2024.10.22	01:08:26.752	0.83302				2
2024.10.22	01:08:31.185		0.83310			4
2024.10.22	01:08:38.330	0.83303				2
2024.10.22	01:08:48.351	0.83302				2
2024.10.22	01:08:51.053	0.83303				2
2024.10.22	01:08:57.749	0.83302				2
2024.10.22	01:09:01.566	0.83303				2
2024.10.22	01:09:02.980	0.83302				2
2024.10.22	01:09:05.151	0.83303				2
2024.10.22	01:09:08.751	0.83302				2
2024.10.22	01:09:11.453	0.83303				2
2024.10.22	01:09:26.523	0.83304	0.83311			6
2024.10.22	01:09:31.882	0.83306				2
2024.10.22	01:09:34.613		0.83312			4
2024.10.22	01:09:35.062		0.83314			4
2024.10.22	01:09:36.540		0.83311			4
2024.10.22	01:09:36.954	0.83305				2
2024.10.22	01:09:37.601		0.83313			4
2024.10.22	01:09:38.396		0.83312			4
2024.10.22	01:09:45.361	0.83304				2
2024.10.22	01:09:45.732		0.83311			4
2024.10.22	01:09:46.852	0.83305				2
2024.10.22	01:09:48.950	0.83304				2
2024.10.22	01:09:55.247	0.83305				2
2024.10.22	01:09:56.389	0.83304				2
2024.10.22	01:10:00.456	0.83304				2
2024.10.22	01:10:03.496	0.83305				2
2024.10.22	01:10:06.566	0.83306	0.83312			6
2024.10.22	01:10:06.949		0.83311			4
2024.10.22	01:10:08.235		0.83312			4
2024.10.22	01:10:15.056		0.83311			4
2024.10.22	01:10:16.762	0.83307				2
2024.10.22	01:10:19.296	0.83306				2
2024.10.22	01:10:21.858	0.83307	0.83312			6
2024.10.22	01:10:25.252	0.83306	0.83314			6
2024.10.22	01:10:26.374	0.83307	0.83311			6
2024.10.22	01:10:26.729	0.83308	0.83312			6
2024.10.22	01:10:27.039	0.83307				2
2024.10.22	01:10:27.675		0.83314			4
2024.10.22	01:10:29.640	0.83306	0.83311			6
2024.10.22	01:10:32.389		0.83314			4
2024.10.22	01:10:35.875	0.83307				2
2024.10.22	01:10:37.575		0.83312			4
2024.10.22	01:10:38.711		0.83314			4
2024.10.22	01:10:39.337		0.83312			4
2024.10.22	01:10:39.817		0.83311			4
2024.10.22	01:10:45.761	0.83308				2
2024.10.22	01:10:54.494	0.83307				2
2024.10.22	01:10:57.390		0.83313			4
2024.10.22	01:11:00.678	0.83307	0.83311			6
2024.10.22	01:11:05.035		0.83313			4
2024.10.22	01:11:06.698		0.83311			4
2024.10.22	01:11:14.100	0.83306	0.83313			6
2024.10.22	01:11:18.192		0.83311			4
2024.10.22	01:11:19.641	0.83307	0.83313			6
2024.10.22	01:11:24.327		0.83311			4
2024.10.22	01:11:39.321	0.83308				2
2024.10.22	01:11:42.462	0.83307				2
2024.10.22	01:11:47.405	0.83306				2
2024.10.22	01:11:51.096	0.83307				2
2024.10.22	01:12:00.414	0.83307				2
2024.10.22	01:12:01.783	0.83306				2
2024.10.22	01:12:02.175	0.83307				2
2024.10.22	01:12:08.200	0.83308				2
2024.10.22	01:12:13.458	0.83307				2
2024.10.22	01:12:14.857	0.83306	0.83313			6
2024.10.22	01:12:16.348	0.83307	0.83311			6
2024.10.22	01:12:19.201	0.83306				2
2024.10.22	01:12:24.762	0.83307				2
2024.10.22	01:12:29.451	0.83306				2
2024.10.22	01:12:36.282	0.83307				2
2024.10.22	01:12:56.323	0.83306				2
2024.10.22	01:12:58.167		0.83313			4
2024.10.22	01:13:00.299	0.83306				2
2024.10.22	01:13:08.382	0.83307				2
2024.10.22	01:13:35.190	0.83308				2
2024.10.22	01:13:39.029	0.83306				2
2024.10.22	01:13:45.821	0.83308				2
2024.10.22	01:13:48.781		0.83311			4
2024.10.22	01:13:50.602	0.83306				2
2024.10.22	01:13:55.586	0.83307				2
2024.10.22	01:13:56.560	0.83308				2
2024.10.22	01:13:57.212	0.83307	0.83313			6
2024.10.22	01:14:00.019	0.83307	0.83311			6
2024.10.22	01:14:03.723	0.83306				2
2024.10.22	01:14:04.633	0.83307				2
2024.10.22	01:14:06.837	0.83302	0.83309			6
2024.10.22	01:14:33.354	0.83303				2
2024.10.22	01:14:48.901		0.83310			4
2024.10.22	01:14:50.290		0.83309			4
2024.10.22	01:15:00.378	0.83302				2
2024.10.22	01:15:04.460		0.83310			4
2024.10.22	01:15:09.951	0.83303				2
2024.10.22	01:15:33.218	0.83306	0.83312			6
2024.10.22	01:15:37.271	0.83307	0.83313			6
2024.10.22	01:15:42.353	0.83308	0.83312			6
2024.10.22	01:15:43.706		0.83313			4
2024.10.22	01:15:45.355	0.83307				2
2024.10.22	01:15:47.182	0.83308				2
2024.10.22	01:15:52.152	0.83310	0.83317			6
2024.10.22	01:15:55.251	0.83311				2
2024.10.22	01:16:00.348	0.83311				2
2024.10.22	01:16:02.173		0.83316			4
2024.10.22	01:16:11.885		0.83317			4
2024.10.22	01:16:12.923	0.83310	0.83315			6
2024.10.22	01:16:16.488	0.83311	0.83317			6
2024.10.22	01:16:47.311	0.83310	0.83316			6
2024.10.22	01:16:49.186	0.83311				2
2024.10.22	01:17:04.496	0.83311				2
2024.10.22	01:17:09.164		0.83317			4
2024.10.22	01:17:17.151		0.83315			4
2024.10.22	01:17:17.754	0.83310				2
2024.10.22	01:17:23.545	0.83309	0.83314			6
2024.10.22	01:17:30.953	0.83310				2
2024.10.22	01:18:00.971	0.83310				2
2024.10.22	01:18:24.414		0.83314			4
2024.10.22	01:18:50.280	0.83311				2
2024.10.22	01:18:53.455	0.83310				2
2024.10.22	01:19:00.052	0.83310	0.83315			6
2024.10.22	01:19:00.718	0.83311				2
2024.10.22	01:19:03.270		0.83317			4
2024.10.22	01:19:42.218		0.83315			4
2024.10.22	01:19:53.349		0.83316			4
2024.10.22	01:19:58.552	0.83310				2
2024.10.22	01:20:00.311	0.83310				2
2024.10.22	01:20:06.373	0.83311	0.83315			6
2024.10.22	01:20:09.950	0.83310				2
2024.10.22	01:20:21.651	0.83311				2
2024.10.22	01:20:24.950	0.83310				2
2024.10.22	01:20:46.466		0.83316			4
2024.10.22	01:20:52.259	0.83311				2
2024.10.22	01:21:00.654	0.83310				2
2024.10.22	01:21:21.407		0.83315			4
2024.10.22	01:21:50.841	0.83311				2
2024.10.22	01:21:53.451	0.83310				2
2024.10.22	01:22:00.491	0.83310				2
2024.10.22	01:22:09.915	0.83311				2
2024.10.22	01:22:21.050	0.83310				2
2024.10.22	01:22:22.367		0.83315			4
2024.10.22	01:22:23.560		0.83314			4
2024.10.22	01:22:41.962		0.83315			4
2024.10.22	01:23:03.952	0.83310				2
2024.10.22	01:23:42.374		0.83315			4
2024.10.22	01:24:03.431	0.83310				2
2024.10.22	01:24:04.154	0.83313	0.83317			6
2024.10.22	01:24:04.459	0.83310	0.83315			6
2024.10.22	01:24:06.021		0.83317			4
2024.10.22	01:24:11.196	0.83309	0.83315			6
2024.10.22	01:24:11.813	0.83308				2
2024.10.22	01:25:01.149	0.83308				2
2024.10.22	01:25:11.308		0.83315			4
2024.10.22	01:25:52.952	0.83309	0.83316			6
2024.10.22	01:25:55.473	0.83310	0.83317			6
2024.10.22	01:26:01.242	0.83310				2
2024.10.22	01:26:38.673	0.83312				2
2024.10.22	01:26:39.881	0.83310	0.83314			6
2024.10.22	01:26:40.235	0.83312	0.83317			6
2024.10.22	01:26:41.296	0.83310				2
2024.10.22	01:27:00.478	0.83310				2
2024.10.22	01:27:18.965	0.83309				2
2024.10.22	01:27:24.351	0.83310				2
2024.10.22	01:27:33.783	0.83309				2
2024.10.22	01:27:41.846		0.83317			4
2024.10.22	01:27:43.852	0.83310				2
2024.10.22	01:28:00.979	0.83309				2
2024.10.22	01:28:17.686	0.83310				2
2024.10.22	01:28:28.174		0.83318			4
2024.10.22	01:28:37.437		0.83317			4
2024.10.22	01:29:04.810	0.83310				2
2024.10.22	01:29:09.231	0.83311				2
2024.10.22	01:29:11.104	0.83310				2
2024.10.22	01:29:38.475		0.83317			4
2024.10.22	01:29:56.330	0.83308	0.83314			6
2024.10.22	01:30:00.312	0.83307	0.83313			6
2024.10.22	01:30:02.172	0.83306				2
2024.10.22	01:30:02.819		0.83312			4
2024.10.22	01:30:04.160	0.83307	0.83314			6
2024.10.22	01:30:07.421	0.83308				2
2024.10.22	01:30:26.957		0.83313			4
2024.10.22	01:30:37.046		0.83314			4
2024.10.22	01:30:53.870	0.83309	0.83315			6
2024.10.22	01:31:00.281	0.83309				2
2024.10.22	01:31:03.195		0.83314			4
2024.10.22	01:31:08.810		0.83315			4
2024.10.22	01:31:15.781	0.83310	0.83316			6
2024.10.22	01:31:16.183	0.83309				2
2024.10.22	01:31:17.402	0.83310				2
2024.10.22	01:31:17.960	0.83309				2
2024.10.22	01:31:18.351	0.83310				2
2024.10.22	01:31:18.673	0.83309	0.83315			6
2024.10.22	01:31:36.561	0.83310				2
2024.10.22	01:31:37.634	0.83309				2
2024.10.22	01:31:44.244		0.83314			4
2024.10.22	01:31:46.715		0.83315			4
2024.10.22	01:31:54.103	0.83310				2
2024.10.22	01:31:55.523	0.83309				2
2024.10.22	01:31:56.773	0.83310				2
2024.10.22	01:32:02.068	0.83309				2
2024.10.22	01:32:06.937	0.83310				2
2024.10.22	01:32:09.536		0.83316			4
2024.10.22	01:32:19.154	0.83311				2
2024.10.22	01:32:21.351		0.83317			4
2024.10.22	01:32:21.715		0.83316			4
2024.10.22	01:32:24.397	0.83310				2
2024.10.22	01:32:26.345	0.83311				2
2024.10.22	01:33:01.844	0.83310				2
2024.10.22	01:33:04.094	0.83311	0.83315			6
2024.10.22	01:33:04.404		0.83314			4
2024.10.22	01:33:13.165	0.83310				2
2024.10.22	01:33:14.164		0.83315			4
2024.10.22	01:33:28.241	0.83311	0.83316			6
2024.10.22	01:33:39.574	0.83310				2
2024.10.22	01:33:59.290	0.83311	0.83318			6
2024.10.22	01:33:59.615	0.83312				2
2024.10.22	01:34:00.363	0.83311				2
2024.10.22	01:34:03.050	0.83315	0.83320			6
2024.10.22	01:34:04.156	0.83314				2
2024.10.22	01:34:05.200	0.83315				2
2024.10.22	01:34:09.493	0.83314				2
2024.10.22	01:34:09.974	0.83315				2
2024.10.22	01:34:10.534	0.83314				2
2024.10.22	01:34:11.155	0.83315				2
2024.10.22	01:34:11.464	0.83314				2
2024.10.22	01:34:11.913	0.83313				2
2024.10.22	01:34:12.761	0.83314				2
2024.10.22	01:34:16.792	0.83313				2
2024.10.22	01:34:17.464	0.83314				2
2024.10.22	01:34:19.913	0.83313				2
2024.10.22	01:34:21.953		0.83319			4
2024.10.22	01:34:24.848	0.83312	0.83318			6
2024.10.22	01:34:31.585	0.83314	0.83320			6
2024.10.22	01:34:41.492	0.83313	0.83318			6
2024.10.22	01:34:41.806	0.83312				2
2024.10.22	01:34:42.135	0.83313				2
2024.10.22	01:34:42.972	0.83312				2
2024.10.22	01:34:44.071	0.83311				2
2024.10.22	01:34:46.197	0.83312				2
2024.10.22	01:34:46.552		0.83317			4
2024.10.22	01:34:52.357	0.83313				2
2024.10.22	01:34:58.008	0.83311				2
2024.10.22	01:35:01.007	0.83311				2
2024.10.22	01:35:02.757		0.83316			4
2024.10.22	01:35:09.784	0.83313	0.83317			6
2024.10.22	01:35:31.698	0.83312				2
2024.10.22	01:35:36.393	0.83313	0.83318			6
2024.10.22	01:35:43.477		0.83317			4
2024.10.22	01:35:46.504	0.83312				2
2024.10.22	01:35:47.108	0.83311				2
2024.10.22	01:35:47.423	0.83313	0.83318			6
2024.10.22	01:35:59.789	0.83312				2
2024.10.22	01:36:00.470	0.83312				2
2024.10.22	01:36:03.171	0.83311				2
2024.10.22	01:36:04.833	0.83312				2
2024.10.22	01:36:12.050	0.83311	0.83317			6
2024.10.22	01:36:12.364	0.83312				2
2024.10.22	01:36:13.368	0.83313				2
2024.10.22	01:36:24.352		0.83318			4
2024.10.22	01:36:31.728	0.83311				2
2024.10.22	01:36:42.380	0.83312				2
2024.10.22	01:37:00.932	0.83312				2
2024.10.22	01:37:26.452		0.83319			4
2024.10.22	01:37:34.304	0.83311	0.83318			6
2024.10.22	01:37:38.750	0.83312				2
2024.10.22	01:37:40.359		0.83319			4
2024.10.22	01:37:46.531		0.83318			4
2024.10.22	01:37:52.254	0.83311				2
2024.10.22	01:37:59.155	0.83312				2
2024.10.22	01:38:03.706	0.83312				2
2024.10.22	01:38:12.657		0.83319			4
2024.10.22	01:38:31.741	0.83313	0.83318			6
2024.10.22	01:38:32.045	0.83311	0.83317			6
2024.10.22	01:38:34.156		0.83318			4
2024.10.22	01:38:54.102	0.83312				2
2024.10.22	01:38:54.402		0.83319			4
2024.10.22	01:39:00.412	0.83312	0.83317			6
2024.10.22	01:39:00.722		0.83319			4
2024.10.22	01:39:01.023		0.83318			4
2024.10.22	01:39:06.203	0.83311				2
2024.10.22	01:39:24.953	0.83312				2
2024.10.22	01:39:25.617	0.83311	0.83317			6
2024.10.22	01:39:29.396	0.83312	0.83318			6
2024.10.22	01:39:39.488	0.83311	0.83317			6
2024.10.22	01:39:44.937	0.83312	0.83318			6
2024.10.22	01:39:48.380	0.83311				2
2024.10.22	01:39:55.292	0.83310	0.83317			6
2024.10.22	01:40:00.549	0.83312	0.83319			6
2024.10.22	01:40:02.313	0.83311	0.83317			6
2024.10.22	01:40:02.617	0.83310				2
2024.10.22	01:40:03.781	0.83311				2
2024.10.22	01:40:06.853	0.83310				2
2024.10.22	01:40:11.338	0.83311				2
2024.10.22	01:40:19.573	0.83310				2
2024.10.22	01:40:21.058	0.83311				2
2024.10.22	01:40:22.947		0.83318			4
2024.10.22	01:40:29.948	0.83312				2
2024.10.22	01:40:52.096		0.83319			4
2024.10.22	01:40:58.958		0.83314			4
2024.10.22	01:41:00.279	0.83312	0.83315			6
2024.10.22	01:41:10.851	0.83313				2
2024.10.22	01:41:24.651	0.83312	0.83314			6
2024.10.22	01:41:28.172		0.83315			4
2024.10.22	01:41:30.238		0.83314			4
2024.10.22	01:41:30.952	0.83313				2
2024.10.22	01:41:31.577		0.83315			4
2024.10.22	01:41:34.751		0.83314			4
2024.10.22	01:41:36.765		0.83315			4
2024.10.22	01:41:37.633		0.83314			4
2024.10.22	01:41:42.372		0.83315			4
2024.10.22	01:41:43.899		0.83314			4
2024.10.22	01:41:45.301	0.83311	0.83315			6
2024.10.22	01:41:45.603	0.83313				2
2024.10.22	01:41:48.114		0.83319			4
2024.10.22	01:41:50.422		0.83320			4
2024.10.22	01:41:54.296	0.83314				2
2024.10.22	01:42:00.370	0.83314				2
2024.10.22	01:42:04.746	0.83315				2
2024.10.22	01:42:07.874		0.83321			4
2024.10.22	01:42:13.908		0.83320			4
2024.10.22	01:42:14.995		0.83321			4
2024.10.22	01:42:16.476	0.83314	0.83320			6
2024.10.22	01:42:21.416	0.83315				2
2024.10.22	01:42:23.165		0.83321			4
2024.10.22	01:42:31.430	0.83316				2
2024.10.22	01:42:34.251		0.83322			4
2024.10.22	01:42:37.916	0.83315				2
2024.10.22	01:42:39.694	0.83316				2
2024.10.22	01:43:00.689	0.83316				2
2024.10.22	01:43:10.850	0.83315				2
2024.10.22	01:43:16.850	0.83316				2
2024.10.22	01:43:24.962	0.83315				2
2024.10.22	01:43:30.723	0.83316				2
2024.10.22	01:43:31.604	0.83318	0.83324			6
2024.10.22	01:43:43.927	0.83317				2
2024.10.22	01:43:44.639	0.83318				2
2024.10.22	01:44:00.622	0.83318				2
2024.10.22	01:44:04.182	0.83317	0.83323			6
2024.10.22	01:44:09.652	0.83316				2
2024.10.22	01:44:22.022	0.83317				2
2024.10.22	01:44:32.812	0.83318				2
2024.10.22	01:44:33.312	0.83317				2
2024.10.22	01:44:33.874	0.83318				2
2024.10.22	01:44:35.511	0.83317				2
2024.10.22	01:44:56.038	0.83316	0.83322			6
2024.10.22	01:45:00.478	0.83316				2
2024.10.22	01:45:02.818		0.83323			4
2024.10.22	01:45:18.954		0.83322			4
2024.10.22	01:45:30.381		0.83323			4
2024.10.22	01:45:34.247	0.83317				2
2024.10.22	01:45:39.406		0.83324			4
2024.10.22	01:45:42.268		0.83323			4
2024.10.22	01:45:43.749		0.83324			4
2024.10.22	01:46:00.145	0.83317				2
2024.10.22	01:46:08.559	0.83318	0.83325			6
2024.10.22	01:46:15.351	0.83319				2
2024.10.22	01:46:17.598	0.83315	0.83321			6
2024.10.22	01:46:25.853		0.83322			4
2024.10.22	01:46:36.622		0.83321			4
2024.10.22	01:47:07.273	0.83316	0.83322			6
2024.10.22	01:47:08.357	0.83317	0.83323			6
2024.10.22	01:47:08.672	0.83316				2
2024.10.22	01:47:15.350		0.83322			4
2024.10.22	01:47:20.984	0.83317	0.83323			6
2024.10.22	01:47:58.665	0.83315	0.83321			6
2024.10.22	01:48:01.470	0.83315				2
2024.10.22	01:48:04.161		0.83322			4
2024.10.22	01:48:15.782	0.83316				2
2024.10.22	01:48:30.651		0.83321			4
2024.10.22	01:48:36.184		0.83322			4
2024.10.22	01:49:02.744	0.83316				2
2024.10.22	01:49:36.336		0.83322			4
2024.10.22	01:49:49.344	0.83315	0.83321			6
2024.10.22	01:49:51.307	0.83314	0.83320			6
2024.10.22	01:49:59.855	0.83313	0.83319			6
2024.10.22	01:50:00.176	0.83313				2
2024.10.22	01:50:05.682	0.83312				2
2024.10.22	01:50:11.850	0.83313				2
2024.10.22	01:50:16.220	0.83314	0.83320			6
2024.10.22	01:50:19.956	0.83315				2
2024.10.22	01:50:22.773	0.83314				2
2024.10.22	01:50:23.373	0.83316				2
2024.10.22	01:50:23.844	0.83315				2
2024.10.22	01:50:25.038	0.83317	0.83323			6
2024.10.22	01:50:29.902	0.83315	0.83322			6
2024.10.22	01:50:30.972	0.83317	0.83323			6
2024.10.22	01:50:31.291	0.83316				2
2024.10.22	01:50:41.371	0.83318	0.83324			6
2024.10.22	01:50:41.799	0.83317	0.83323			6
2024.10.22	01:50:46.302	0.83316				2
2024.10.22	01:50:54.688	0.83317				2
2024.10.22	01:50:57.082	0.83315	0.83322			6
2024.10.22	01:51:00.196	0.83315				2
2024.10.22	01:51:00.952	0.83316				2
2024.10.22	01:51:17.697	0.83318	0.83323			6
2024.10.22	01:51:28.829		0.83324			4
2024.10.22	01:51:43.254	0.83317				2
2024.10.22	01:51:50.340	0.83318				2
2024.10.22	01:52:00.155	0.83318				2
2024.10.22	01:52:25.750		0.83322			4
2024.10.22	01:52:26.140		0.83323			4
2024.10.22	01:52:30.372	0.83317	0.83322			6
2024.10.22	01:52:32.244		0.83321			4
2024.10.22	01:52:37.652	0.83316				2
2024.10.22	01:52:46.089		0.83322			4
2024.10.22	01:52:48.183	0.83315				2
2024.10.22	01:52:49.762	0.83316				2
2024.10.22	01:52:51.921	0.83315				2
2024.10.22	01:52:52.253	0.83316				2
2024.10.22	01:52:56.430	0.83315	0.83321			6
2024.10.22	01:52:59.274	0.83316	0.83322			6
2024.10.22	01:53:01.827	0.83316				2
2024.10.22	01:53:22.274	0.83315	0.83319			6
2024.10.22	01:53:28.783		0.83320			4
2024.10.22	01:53:36.176	0.83316				2
2024.10.22	01:53:38.305		0.83322			4
2024.10.22	01:53:41.154		0.83323			4
2024.10.22	01:53:43.224		0.83322			4
2024.10.22	01:53:43.532	0.83315				2
2024.10.22	01:53:49.682	0.83316				2
2024.10.22	01:53:54.380	0.83315				2
2024.10.22	01:54:00.445	0.83315				2
2024.10.22	01:54:02.151	0.83316				2
2024.10.22	01:54:06.395	0.83315	0.83321			6
2024.10.22	01:54:19.856		0.83322			4
2024.10.22	01:54:24.130	0.83316				2
2024.10.22	01:54:25.076	0.83315				2
2024.10.22	01:54:27.761		0.83321			4
2024.10.22	01:54:30.635	0.83316	0.83322			6
2024.10.22	01:54:37.855		0.83321			4
2024.10.22	01:54:38.413		0.83322			4
2024.10.22	01:55:01.016	0.83316				2
2024.10.22	01:55:03.266	0.83317				2
2024.10.22	01:55:03.740	0.83316	0.83323			6
2024.10.22	01:55:06.749	0.83317				2
2024.10.22	01:55:08.650	0.83316				2
2024.10.22	01:55:14.153		0.83322			4
2024.10.22	01:55:24.148	0.83315				2
2024.10.22	01:55:25.660	0.83316				2
2024.10.22	01:55:39.788	0.83317				2
2024.10.22	01:55:41.375		0.83323			4
2024.10.22	01:55:44.901	0.83316				2
2024.10.22	01:55:49.917	0.83317				2
2024.10.22	01:55:59.735	0.83316	0.83322			6
2024.10.22	01:56:00.088	0.83316	0.83323			6
2024.10.22	01:56:01.264	0.83317				2
2024.10.22	01:56:16.518	0.83316				2
2024.10.22	01:56:19.853	0.83317				2
2024.10.22	01:56:39.675	0.83316	0.83322			6
2024.10.22	01:56:40.922	0.83317	0.83324			6
2024.10.22	01:56:48.193	0.83316	0.83322			6
2024.10.22	01:57:01.019	0.83316				2
2024.10.22	01:57:03.147		0.83323			4
2024.10.22	01:57:06.599	0.83317				2
2024.10.22	01:57:10.103	0.83316				2
2024.10.22	01:57:11.456		0.83322			4
2024.10.22	01:57:16.387		0.83323			4
2024.10.22	01:57:20.093	0.83317				2
2024.10.22	01:57:29.912		0.83322			4
2024.10.22	01:57:34.856		0.83321			4
2024.10.22	01:57:40.480		0.83320			4
2024.10.22	01:57:42.410		0.83321			4
2024.10.22	01:57:43.556	0.83315	0.83319			6
2024.10.22	01:57:43.870	0.83313				2
2024.10.22	01:57:44.633	0.83314				2
2024.10.22	01:57:45.368	0.83315	0.83320			6
2024.10.22	01:57:57.352	0.83313	0.83319			6
2024.10.22	01:58:00.381	0.83314				2
2024.10.22	01:58:00.682	0.83313				2
2024.10.22	01:58:01.318		0.83318			4
2024.10.22	01:58:01.696		0.83319			4
2024.10.22	01:58:27.355		0.83317			4
2024.10.22	01:58:28.634		0.83318			4
2024.10.22	01:58:34.929		0.83317			4
2024.10.22	01:58:35.583	0.83316	0.83318			6
2024.10.22	01:58:36.732	0.83313	0.83317			6
2024.10.22	01:58:37.036		0.83319			4
2024.10.22	01:58:48.443	0.83314				2
2024.10.22	01:58:48.822	0.83313				2
2024.10.22	01:58:52.850	0.83312	0.83318			6
2024.10.22	01:59:00.873	0.83312				2
2024.10.22	01:59:10.919		0.83317			4
2024.10.22	01:59:11.822		0.83318			4
2024.10.22	01:59:18.440	0.83311				2
2024.10.22	01:59:19.854	0.83312				2
2024.10.22	01:59:28.496	0.83313				2
2024.10.22	01:59:29.203		0.83317			4
2024.10.22	01:59:30.659	0.83312				2
2024.10.22	01:59:31.058	0.83310	0.83315			6
2024.10.22	01:59:31.763	0.83311				2
2024.10.22	01:59:36.245		0.83316			4
2024.10.22	01:59:43.029		0.83315			4
2024.10.22	01:59:48.950		0.83316			4
2024.10.22	01:59:52.391		0.83315			4
2024.10.22	01:59:57.177		0.83316			4
2024.10.22	02:00:00.356	0.83311				2
2024.10.22	02:00:00.948		0.83315			4
2024.10.22	02:00:02.963		0.83314			4
2024.10.22	02:00:03.440	0.83310	0.83313			6
2024.10.22	02:00:03.759		0.83314			4
2024.10.22	02:00:06.367	0.83311	0.83315			6
2024.10.22	02:00:07.781		0.83316			4
2024.10.22	02:00:09.100	0.83313				2
2024.10.22	02:00:12.081		0.83315			4
2024.10.22	02:00:18.512	0.83312				2
2024.10.22	02:00:19.853		0.83316			4
2024.10.22	02:00:26.196		0.83315			4
2024.10.22	02:00:42.596	0.83311				2
2024.10.22	02:00:46.159	0.83312				2
2024.10.22	02:00:49.558	0.83313	0.83316			6
2024.10.22	02:00:50.619	0.83312	0.83314			6
2024.10.22	02:00:51.235		0.83315			4
2024.10.22	02:00:59.669		0.83316			4
2024.10.22	02:01:00.892	0.83312				2
2024.10.22	02:01:04.552		0.83315			4
2024.10.22	02:01:15.473		0.83316			4
2024.10.22	02:01:15.890	0.83313	0.83317			6
2024.10.22	02:01:16.668	0.83312				2
2024.10.22	02:01:17.531		0.83316			4
2024.10.22	02:01:18.452		0.83315			4
2024.10.22	02:01:18.961		0.83316			4
2024.10.22	02:01:21.889		0.83315			4
2024.10.22	02:01:25.993	0.83310	0.83314			6
2024.10.22	02:01:26.339	0.83311				2
2024.10.22	02:01:45.250		0.83313			4
2024.10.22	02:01:51.483	0.83308				2
2024.10.22	02:01:54.966		0.83312			4
2024.10.22	02:01:55.521		0.83313			4
2024.10.22	02:01:55.850		0.83312			4
2024.10.22	02:01:57.556		0.83313			4
2024.10.22	02:02:00.066	0.83308				2
2024.10.22	02:02:07.848	0.83307	0.83311			6
2024.10.22	02:02:13.394		0.83310			4
2024.10.22	02:02:16.761		0.83311			4
2024.10.22	02:02:18.443		0.83310			4
2024.10.22	02:02:19.677		0.83311			4
2024.10.22	02:02:20.615		0.83310			4
2024.10.22	02:02:27.645	0.83306				2
2024.10.22	02:02:28.930	0.83305				2
2024.10.22	02:02:30.371	0.83304				2
2024.10.22	02:02:32.828	0.83305	0.83309			6
2024.10.22	02:02:36.709		0.83310			4
2024.10.22	02:02:38.695		0.83309			4
2024.10.22	02:02:39.051	0.83304				2
2024.10.22	02:02:40.977		0.83308			4
2024.10.22	02:02:41.285	0.83306	0.83310			6
2024.10.22	02:02:43.233	0.83304				2
2024.10.22	02:02:43.889		0.83309			4
2024.10.22	02:02:45.349		0.83310			4
2024.10.22	02:02:46.125	0.83305				2
2024.10.22	02:02:47.373		0.83309			4
2024.10.22	02:02:49.356	0.83306	0.83311			6
2024.10.22	02:02:51.045	0.83305	0.83310			6
2024.10.22	02:03:00.545	0.83305				2
2024.10.22	02:03:14.304	0.83306				2
2024.10.22	02:03:16.221		0.83311			4
2024.10.22	02:03:24.952		0.83312			4
2024.10.22	02:03:26.254	0.83307				2
2024.10.22	02:03:30.582		0.83311			4
2024.10.22	02:03:39.599		0.83312			4
2024.10.22	02:03:48.223		0.83313			4
2024.10.22	02:03:48.893	0.83308	0.83314			6
2024.10.22	02:03:57.835	0.83309				2
2024.10.22	02:04:00.766	0.83309				2
2024.10.22	02:04:01.197		0.83313			4
2024.10.22	02:04:02.473	0.83310	0.83314			6
2024.10.22	02:04:03.063		0.83313			4
2024.10.22	02:04:07.852	0.83309				2
2024.10.22	02:04:19.757	0.83308				2
2024.10.22	02:04:22.898		0.83314			4
2024.10.22	02:04:23.328		0.83313			4
2024.10.22	02:04:23.736		0.83314			4
2024.10.22	02:04:25.982		0.83313			4
2024.10.22	02:04:28.362		0.83314			4
2024.10.22	02:04:36.377	0.83309				2
2024.10.22	02:04:38.475		0.83313			4
2024.10.22	02:04:41.863		0.83314			4
2024.10.22	02:04:43.901		0.83313			4
2024.10.22	02:04:44.265		0.83314			4
2024.10.22	02:04:46.924	0.83308	0.83313			6
2024.10.22	02:04:47.509		0.83310			4
2024.10.22	02:04:48.891		0.83313			4
2024.10.22	02:04:49.757	0.83309				2
2024.10.22	02:04:55.471	0.83308				2
2024.10.22	02:04:57.510	0.83309	0.83314			6
2024.10.22	02:04:59.116		0.83313			4
2024.10.22	02:05:00.073	0.83309				2
2024.10.22	02:05:12.998		0.83314			4
2024.10.22	02:05:15.337		0.83312			4
2024.10.22	02:05:15.728		0.83313			4
2024.10.22	02:05:17.479		0.83314			4
2024.10.22	02:05:17.865		0.83313			4
2024.10.22	02:05:52.300	0.83310				2
2024.10.22	02:05:54.011		0.83312			4
2024.10.22	02:05:55.848		0.83313			4
2024.10.22	02:06:03.372	0.83310				2
2024.10.22	02:06:32.512		0.83314			4
2024.10.22	02:06:33.726		0.83313			4
2024.10.22	02:06:40.115	0.83309	0.83314			6
2024.10.22	02:06:42.294	0.83310	0.83313			6
2024.10.22	02:06:47.302	0.83309				2
2024.10.22	02:06:54.882	0.83310				2
2024.10.22	02:06:58.053	0.83309	0.83314			6
2024.10.22	02:07:01.896	0.83309				2
2024.10.22	02:07:04.007	0.83308				2
2024.10.22	02:07:06.054	0.83309				2
2024.10.22	02:07:12.182	0.83310				2
2024.10.22	02:07:13.650	0.83311	0.83316			6
2024.10.22	02:07:25.318		0.83315			4
2024.10.22	02:07:25.661		0.83316			4
2024.10.22	02:07:29.039		0.83315			4
2024.10.22	02:07:29.726		0.83316			4
2024.10.22	02:07:37.003	0.83310	0.83314			6
2024.10.22	02:07:37.324		0.83315			4
2024.10.22	02:07:52.041	0.83311				2
2024.10.22	02:08:01.379	0.83311				2
2024.10.22	02:08:05.918		0.83316			4
2024.10.22	02:08:08.393		0.83314			4
2024.10.22	02:08:20.559		0.83315			4
2024.10.22	02:08:30.720		0.83314			4
2024.10.22	02:08:33.982	0.83310				2
2024.10.22	02:08:36.328		0.83313			4
2024.10.22	02:08:46.900	0.83311				2
2024.10.22	02:09:00.808	0.83311	0.83315			6
2024.10.22	02:09:09.186	0.83312	0.83316			6
2024.10.22	02:09:29.746	0.83311	0.83315			6
2024.10.22	02:09:35.493		0.83314			4
2024.10.22	02:09:36.825	0.83312				2
2024.10.22	02:09:40.857	0.83311				2
2024.10.22	02:09:47.725	0.83312	0.83316			6
2024.10.22	02:09:52.148		0.83317			4
2024.10.22	02:10:00.108	0.83312	0.83316			6
2024.10.22	02:10:00.452		0.83314			4
2024.10.22	02:10:00.768		0.83315			4
2024.10.22	02:10:02.125	0.83313	0.83317			6
2024.10.22	02:10:03.539		0.83318			4
2024.10.22	02:10:07.853	0.83314				2
2024.10.22	02:10:15.419		0.83317			4
2024.10.22	02:10:18.324	0.83315	0.83319			6
2024.10.22	02:10:29.570	0.83314	0.83316			6
2024.10.22	02:10:32.883	0.83313				2
2024.10.22	02:10:49.422		0.83317			4
2024.10.22	02:11:00.826	0.83313				2
2024.10.22	02:11:09.587	0.83314	0.83318			6
2024.10.22	02:11:13.338	0.83313	0.83317			6
2024.10.22	02:11:19.705	0.83312	0.83315			6
2024.10.22	02:11:20.113		0.83316			4
2024.10.22	02:11:21.519		0.83315			4
2024.10.22	02:11:30.407	0.83307	0.83311			6
2024.10.22	02:11:31.740	0.83309				2
2024.10.22	02:11:48.382		0.83312			4
2024.10.22	02:11:50.309	0.83310				2
2024.10.22	02:11:51.468		0.83313			4
2024.10.22	02:11:52.134		0.83312			4
2024.10.22	02:11:52.888		0.83314			4
2024.10.22	02:11:54.653	0.83311	0.83315			6
2024.10.22	02:11:56.581	0.83310				2
2024.10.22	02:12:00.491	0.83310				2
2024.10.22	02:12:01.019	0.83311				2
2024.10.22	02:12:26.594		0.83314			4
2024.10.22	02:12:28.721	0.83309				2
2024.10.22	02:12:29.025	0.83310				2
2024.10.22	02:12:44.912	0.83311				2
2024.10.22	02:13:00.384	0.83311				2
2024.10.22	02:13:15.690		0.83315			4
2024.10.22	02:13:25.827	0.83310	0.83314			6
2024.10.22	02:13:35.359		0.83313			4
2024.10.22	02:13:54.225	0.83307	0.83311			6
2024.10.22	02:13:57.279	0.83308				2
2024.10.22	02:13:58.193	0.83307	0.83312			6
2024.10.22	02:14:01.381	0.83307				2
2024.10.22	02:14:02.580		0.83311			4
2024.10.22	02:14:04.805	0.83308				2
2024.10.22	02:14:05.115	0.83307				2
2024.10.22	02:14:05.444	0.83308	0.83313			6
2024.10.22	02:14:05.749	0.83309	0.83312			6
2024.10.22	02:14:06.716		0.83311			4
2024.10.22	02:14:07.875		0.83313			4
2024.10.22	02:14:11.927	0.83308	0.83312			6
2024.10.22	02:14:16.324	0.83309				2
2024.10.22	02:14:21.432	0.83308				2
2024.10.22	02:14:31.435	0.83309				2
2024.10.22	02:15:01.647	0.83309				2
2024.10.22	02:15:10.682		0.83313			4
2024.10.22	02:15:17.782	0.83310				2
2024.10.22	02:15:23.261		0.83314			4
2024.10.22	02:15:26.674		0.83312			4
2024.10.22	02:15:32.175		0.83314			4
2024.10.22	02:15:32.588		0.83312			4
2024.10.22	02:15:37.376		0.83314			4
2024.10.22	02:15:38.847		0.83312			4
2024.10.22	02:15:41.630		0.83314			4
2024.10.22	02:15:42.687		0.83313			4
2024.10.22	02:15:45.042	0.83311				2
2024.10.22	02:15:47.655	0.83310				2
2024.10.22	02:15:48.526		0.83314			4
2024.10.22	02:15:55.404		0.83313			4
2024.10.22	02:16:00.381	0.83310				2
2024.10.22	02:16:13.475		0.83314			4
2024.10.22	02:16:19.815	0.83309				2
2024.10.22	02:16:29.502		0.83313			4
2024.10.22	02:16:32.674		0.83314			4
2024.10.22	02:16:41.015	0.83308	0.83312			6
2024.10.22	02:16:52.851	0.83309				2
2024.10.22	02:16:54.346	0.83308				2
2024.10.22	02:17:03.734	0.83309	0.83313			6
2024.10.22	02:17:08.424		0.83312			4
2024.10.22	02:17:40.482	0.83308				2
2024.10.22	02:17:41.810	0.83309				2
2024.10.22	02:17:47.400	0.83308				2
2024.10.22	02:18:00.365	0.83308				2
2024.10.22	02:18:00.737	0.83309				2
2024.10.22	02:18:08.981		0.83312			4
2024.10.22	02:18:39.351	0.83310				2
2024.10.22	02:18:46.270	0.83309				2
2024.10.22	02:18:47.406		0.83313			4
2024.10.22	02:18:53.545	0.83310				2
2024.10.22	02:18:55.290		0.83312			4
2024.10.22	02:19:00.365	0.83310				2
2024.10.22	02:19:02.388	0.83309				2
2024.10.22	02:19:23.247		0.83313			4
2024.10.22	02:19:25.349		0.83314			4
2024.10.22	02:19:30.707		0.83312			4
2024.10.22	02:19:31.046		0.83313			4
2024.10.22	02:19:37.440		0.83312			4
2024.10.22	02:19:37.853		0.83313			4
2024.10.22	02:19:38.180		0.83312			4
2024.10.22	02:20:00.018	0.83309				2
2024.10.22	02:20:17.817		0.83311			4
2024.10.22	02:20:26.442		0.83312			4
2024.10.22	02:20:31.640		0.83310			4
2024.10.22	02:21:00.118	0.83309				2
2024.10.22	02:21:16.286		0.83311			4
2024.10.22	02:21:29.405	0.83310				2
2024.10.22	02:22:00.424	0.83310				2
2024.10.22	02:22:18.619	0.83309	0.83311			6
2024.10.22	02:22:35.906		0.83310			4
2024.10.22	02:23:00.108	0.83309				2
2024.10.22	02:23:13.629	0.83308				2
2024.10.22	02:23:32.161	0.83306	0.83308			6
2024.10.22	02:23:34.620	0.83307				2
2024.10.22	02:23:37.905		0.83309			4
2024.10.22	02:24:00.651	0.83307				2
2024.10.22	02:24:01.385		0.83308			4
2024.10.22	02:24:01.895		0.83309			4
2024.10.22	02:24:09.325		0.83308			4
2024.10.22	02:24:41.843	0.83308	0.83309			6
2024.10.22	02:24:42.568	0.83307	0.83308			6
2024.10.22	02:24:48.215	0.83306				2
2024.10.22	02:25:01.940	0.83306				2
2024.10.22	02:25:19.570		0.83307			4
2024.10.22	02:25:22.374	0.83305				2
2024.10.22	02:25:38.775		0.83308			4
2024.10.22	02:25:39.423	0.83306				2
2024.10.22	02:25:44.436		0.83307			4
2024.10.22	02:26:00.078	0.83306				2
2024.10.22	02:26:09.479	0.83307	0.83308			6
2024.10.22	02:26:23.146	0.83306				2
2024.10.22	02:26:27.315	0.83305	0.83306			6
2024.10.22	02:26:34.073		0.83307			4
2024.10.22	02:26:51.377	0.83306	0.83308			6
2024.10.22	02:27:00.402	0.83306				2
2024.10.22	02:27:03.863	0.83305	0.83307			6
2024.10.22	02:27:13.633	0.83306	0.83308			6
2024.10.22	02:27:33.712	0.83305				2
2024.10.22	02:27:52.949		0.83307			4
2024.10.22	02:28:00.719	0.83305				2
2024.10.22	02:28:08.375	0.83304	0.83305			6
2024.10.22	02:28:27.698		0.83306			4
2024.10.22	02:29:00.860	0.83304				2
2024.10.22	02:29:05.741		0.83305			4
2024.10.22	02:29:06.119	0.83303				2
2024.10.22	02:29:16.370	0.83302				2
2024.10.22	02:29:28.188	0.83301	0.83304			6
2024.10.22	02:29:28.504		0.83303			4
2024.10.22	02:29:35.288	0.83300	0.83302			6
2024.10.22	02:29:37.902	0.83299				2
2024.10.22	02:29:38.344		0.83301			4
2024.10.22	02:29:43.852	0.83297	0.83299			6
2024.10.22	02:29:44.163		0.83298			4
2024.10.22	02:29:55.930	0.83296				2
2024.10.22	02:30:01.131	0.83296				2
2024.10.22	02:30:06.124	0.83297	0.83299			6
2024.10.22	02:30:45.380		0.83298			4
2024.10.22	02:30:53.412	0.83296				2
2024.10.22	02:30:54.406	0.83297	0.83299			6
2024.10.22	02:31:00.736	0.83296				2
2024.10.22	02:31:11.502	0.83297				2
2024.10.22	02:31:13.649	0.83296				2
2024.10.22	02:31:16.634		0.83298			4
2024.10.22	02:31:23.449	0.83297				2
2024.10.22	02:31:33.745	0.83296				2
2024.10.22	02:31:37.537		0.83299			4
2024.10.22	02:31:48.479		0.83298			4
2024.10.22	02:31:55.602		0.83297			4
2024.10.22	02:32:01.181	0.83296				2
2024.10.22	02:32:08.163	0.83298	0.83299			6
2024.10.22	02:32:08.465		0.83300			4
2024.10.22	02:32:17.727	0.83299				2
2024.10.22	02:32:18.064	0.83298				2
2024.10.22	02:32:18.421	0.83299				2
2024.10.22	02:32:20.059	0.83298				2
2024.10.22	02:32:55.702	0.83297				2
2024.10.22	02:32:57.588	0.83298				2
2024.10.22	02:33:00.265	0.83298				2
2024.10.22	02:33:06.785	0.83299				2
2024.10.22	02:33:10.177		0.83300			4
2024.10.22	02:33:13.683	0.83301	0.83302			6
2024.10.22	02:33:15.064	0.83299	0.83301			6
2024.10.22	02:33:22.489	0.83300	0.83302			6
2024.10.22	02:33:24.976	0.83301	0.83303			6
2024.10.22	02:33:25.411	0.83302	0.83304			6
2024.10.22	02:33:34.508	0.83303	0.83305			6
2024.10.22	02:33:42.114	0.83302	0.83304			6
2024.10.22	02:34:01.500	0.83302				2
2024.10.22	02:34:07.472	0.83303				2
2024.10.22	02:34:19.046		0.83305			4
2024.10.22	02:34:25.094		0.83304			4
2024.10.22	02:34:48.691	0.83302				2
2024.10.22	02:35:02.279	0.83302				2
2024.10.22	02:35:23.235	0.83303	0.83305			6
2024.10.22	02:35:36.277	0.83302	0.83304			6
2024.10.22	02:35:38.053	0.83301	0.83303			6
2024.10.22	02:36:00.705	0.83301				2
2024.10.22	02:36:01.874		0.83302			4
2024.10.22	02:36:20.716		0.83303			4
2024.10.22	02:36:22.937		0.83304			4
2024.10.22	02:36:26.355		0.83303			4
2024.10.22	02:36:40.370		0.83302			4
2024.10.22	02:36:43.227	0.83300				2
2024.10.22	02:37:01.523	0.83300				2
2024.10.22	02:37:26.606	0.83301	0.83303			6
2024.10.22	02:37:28.174		0.83302			4
2024.10.22	02:38:00.533	0.83301				2
2024.10.22	02:38:18.349		0.83303			4
2024.10.22	02:39:00.682	0.83301				2
2024.10.22	02:39:18.353		0.83303			4
2024.10.22	02:39:23.286	0.83302	0.83304			6
2024.10.22	02:40:01.501	0.83302				2
2024.10.22	02:40:04.449	0.83303	0.83305			6
2024.10.22	02:40:05.677		0.83304			4
2024.10.22	02:41:03.252	0.83303				2
2024.10.22	02:41:06.373		0.83304			4
2024.10.22	02:41:54.072	0.83305	0.83306			6
2024.10.22	02:41:54.375		0.83307			4
2024.10.22	02:42:00.680	0.83305				2
2024.10.22	02:42:22.234	0.83302	0.83306			6
2024.10.22	02:42:30.350	0.83303	0.83304			6
2024.10.22	02:42:33.890	0.83302				2
2024.10.22	02:42:35.691	0.83303				2
2024.10.22	02:42:36.780		0.83305			4
2024.10.22	02:43:02.614	0.83303				2
2024.10.22	02:43:37.139	0.83302	0.83304			6
2024.10.22	02:43:51.014	0.83303				2
2024.10.22	02:44:00.375	0.83303	0.83305			6
2024.10.22	02:44:08.114		0.83304			4
2024.10.22	02:44:16.377	0.83302	0.83305			6
2024.10.22	02:44:16.704	0.83303				2
2024.10.22	02:44:28.383	0.83304	0.83306			6
2024.10.22	02:44:33.299	0.83305				2
2024.10.22	02:44:36.684		0.83307			4
2024.10.22	02:45:00.458	0.83306				2
2024.10.22	02:45:00.897	0.83305				2
2024.10.22	02:45:04.265	0.83304	0.83306			6
2024.10.22	02:45:05.660		0.83307			4
2024.10.22	02:45:06.514		0.83306			4
2024.10.22	02:45:21.918		0.83305			4
2024.10.22	02:45:27.189	0.83303				2
2024.10.22	02:45:40.494	0.83304				2
2024.10.22	02:45:44.796	0.83303				2
2024.10.22	02:46:00.503	0.83303				2
2024.10.22	02:46:10.422	0.83304				2
2024.10.22	02:46:22.100		0.83305			4
2024.10.22	02:46:33.719	0.83303	0.83304			6
2024.10.22	02:46:38.458	0.83302				2
2024.10.22	02:46:42.191		0.83303			4
2024.10.22	02:46:48.781		0.83304			4
2024.10.22	02:47:00.153	0.83303				2
2024.10.22	02:47:00.473	0.83304	0.83305			6
2024.10.22	02:47:18.268	0.83303				2
2024.10.22	02:47:31.632	0.83304				2
2024.10.22	02:47:31.969	0.83303				2
2024.10.22	02:47:34.623	0.83304				2
2024.10.22	02:47:36.046	0.83303				2
2024.10.22	02:47:45.758	0.83304				2
2024.10.22	02:47:46.190	0.83303				2
2024.10.22	02:47:53.623	0.83304				2
2024.10.22	02:47:56.967	0.83303				2
2024.10.22	02:47:58.093	0.83305	0.83306			6
2024.10.22	02:48:00.054	0.83305	0.83307			6
2024.10.22	02:48:04.344	0.83306				2
2024.10.22	02:48:21.310	0.83305	0.83306			6
2024.10.22	02:49:00.441	0.83305				2
2024.10.22	02:49:26.410		0.83306			4
2024.10.22	02:49:40.071	0.83306	0.83307			6
2024.10.22	02:49:41.731		0.83308			4
2024.10.22	02:49:48.261	0.83305				2
2024.10.22	02:49:51.151	0.83306	0.83307			6
2024.10.22	02:49:52.581	0.83307	0.83308			6
2024.10.22	02:49:52.986		0.83309			4
2024.10.22	02:50:00.390	0.83307				2
2024.10.22	02:50:05.735	0.83308				2
2024.10.22	02:50:24.990	0.83307				2
2024.10.22	02:50:35.729	0.83308				2
2024.10.22	02:50:43.429	0.83307				2
2024.10.22	02:50:44.791		0.83308			4
2024.10.22	02:50:55.123	0.83306	0.83307			6
2024.10.22	02:51:00.039	0.83306				2
2024.10.22	02:51:13.799		0.83308			4
2024.10.22	02:51:14.801	0.83307				2
2024.10.22	02:51:16.886	0.83306				2
2024.10.22	02:51:36.694		0.83307			4
2024.10.22	02:52:02.147	0.83306				2
2024.10.22	02:52:20.454	0.83305				2
2024.10.22	02:52:34.831	0.83306				2
2024.10.22	02:52:37.743		0.83307			4
2024.10.22	02:53:00.760	0.83306				2
2024.10.22	02:53:19.685	0.83307	0.83308			6
2024.10.22	02:54:00.372	0.83307				2
2024.10.22	02:54:02.403	0.83306				2
2024.10.22	02:54:07.623	0.83307				2
2024.10.22	02:54:16.263	0.83306	0.83307			6
2024.10.22	02:54:20.798		0.83308			4
2024.10.22	02:54:21.105		0.83307			4
2024.10.22	02:54:29.538	0.83307	0.83309			6
2024.10.22	02:54:30.580		0.83308			4
2024.10.22	02:54:41.014	0.83306				2
2024.10.22	02:55:00.821	0.83306				2
2024.10.22	02:55:02.948	0.83307				2
2024.10.22	02:55:16.357	0.83306	0.83307			6
2024.10.22	02:55:32.062		0.83308			4
2024.10.22	02:56:00.507	0.83306				2
2024.10.22	02:56:01.614	0.83307				2
2024.10.22	02:56:04.314	0.83309	0.83310			6
2024.10.22	02:56:05.848	0.83308	0.83311			6
2024.10.22	02:56:20.866	0.83309	0.83310			6
2024.10.22	02:56:27.229	0.83307	0.83312			6
2024.10.22	02:56:31.281	0.83309				2
2024.10.22	02:56:32.313		0.83313			4
2024.10.22	02:56:37.960	0.83308	0.83312			6
2024.10.22	02:56:41.649	0.83310	0.83311			6
2024.10.22	02:56:42.326	0.83311	0.83312			6
2024.10.22	02:56:43.337	0.83310	0.83314			6
2024.10.22	02:56:43.779		0.83313			4
2024.10.22	02:57:00.359	0.83310				2
2024.10.22	02:57:01.569	0.83311	0.83312			6
2024.10.22	02:57:11.423	0.83310	0.83311			6
2024.10.22	02:57:17.493	0.83309	0.83310			6
2024.10.22	02:57:54.283	0.83308				2
2024.10.22	02:57:57.599		0.83309			4
2024.10.22	02:58:00.077	0.83308				2
2024.10.22	02:58:10.356		0.83311			4
2024.10.22	02:58:11.479		0.83310			4
2024.10.22	02:58:17.416		0.83311			4
2024.10.22	02:58:21.823	0.83305	0.83306			6
2024.10.22	02:58:40.735	0.83302	0.83304			6
2024.10.22	02:58:45.380		0.83303			4
2024.10.22	02:58:50.466	0.83301	0.83302			6
2024.10.22	02:58:53.418	0.83300				2
2024.10.22	02:58:53.841	0.83301				2
2024.10.22	02:59:00.411	0.83301				2
2024.10.22	02:59:05.449	0.83302	0.83303			6
2024.10.22	02:59:07.287		0.83305			4
2024.10.22	02:59:10.861	0.83303				2
2024.10.22	02:59:20.416	0.83302	0.83303			6
2024.10.22	02:59:20.773	0.83303	0.83304			6
2024.10.22	02:59:38.415	0.83302				2
2024.10.22	02:59:39.623	0.83303	0.83305			6
2024.10.22	02:59:39.949	0.83304	0.83307			6
2024.10.22	02:59:45.029	0.83305				2
2024.10.22	02:59:48.391	0.83304				2
2024.10.22	02:59:51.288		0.83306			4
2024.10.22	02:59:52.065	0.83303				2
2024.10.22	02:59:53.198		0.83307			4
2024.10.22	02:59:53.780	0.83304				2
2024.10.22	02:59:55.824		0.83305			4
2024.10.22	02:59:59.382	0.83303				2
2024.10.22	02:59:59.704	0.83305	0.83306			6
2024.10.22	03:00:00.359	0.83304	0.83305			6
2024.10.22	03:00:00.684	0.83303	0.83306			6
2024.10.22	03:00:01.088	0.83305				2
2024.10.22	03:00:01.466	0.83304	0.83307			6
2024.10.22	03:00:01.778	0.83305	0.83308			6
2024.10.22	03:00:02.929	0.83307				2
2024.10.22	03:00:03.876	0.83308	0.83309			6
2024.10.22	03:00:04.261	0.83307	0.83308			6
2024.10.22	03:00:05.258	0.83309	0.83310			6
2024.10.22	03:00:06.744	0.83308	0.83309			6
2024.10.22	03:00:08.243	0.83309	0.83310			6
2024.10.22	03:00:08.550	0.83308	0.83309			6
2024.10.22	03:00:09.034		0.83310			4
2024.10.22	03:00:09.503	0.83309				2
2024.10.22	03:00:10.483		0.83311			4
2024.10.22	03:00:11.157	0.83308				2
2024.10.22	03:00:11.463	0.83310				2
2024.10.22	03:00:13.124	0.83311	0.83312			6
2024.10.22	03:00:14.115	0.83312	0.83313			6
2024.10.22	03:00:14.473	0.83314	0.83315			6
2024.10.22	03:00:15.448	0.83313	0.83314			6
2024.10.22	03:00:16.143	0.83314	0.83315			6
2024.10.22	03:00:19.261	0.83312	0.83313			6
2024.10.22	03:00:19.586	0.83313	0.83314			6
2024.10.22	03:00:20.478	0.83312	0.83313			6
2024.10.22	03:00:21.618	0.83313	0.83314			6
2024.10.22	03:00:21.991	0.83312	0.83313			6
2024.10.22	03:00:22.688	0.83311	0.83312			6
2024.10.22	03:00:24.920	0.83312	0.83313			6
2024.10.22	03:00:25.395	0.83311	0.83312			6
2024.10.22	03:00:32.627		0.83313			4
2024.10.22	03:00:33.698	0.83312				2
2024.10.22	03:00:34.354	0.83311				2
2024.10.22	03:00:36.055		0.83312			4
2024.10.22	03:00:38.592	0.83310	0.83311			6
2024.10.22	03:00:38.900	0.83311	0.83312			6
2024.10.22	03:00:39.203	0.83310				2
2024.10.22	03:00:40.327	0.83311				2
2024.10.22	03:00:41.007	0.83310	0.83311			6
2024.10.22	03:00:41.626	0.83306	0.83307			6
2024.10.22	03:00:42.077	0.83299	0.83300			6
2024.10.22	03:00:42.387	0.83301	0.83302			6
2024.10.22	03:00:44.081	0.83302	0.83303			6
2024.10.22	03:00:44.386	0.83300	0.83301			6
2024.10.22	03:00:44.929	0.83299	0.83300			6
2024.10.22	03:00:45.656	0.83300	0.83301			6
2024.10.22	03:00:48.528	0.83301	0.83302			6
2024.10.22	03:00:53.340	0.83302	0.83303			6
2024.10.22	03:00:55.258	0.83301	0.83302			6
2024.10.22	03:00:58.096	0.83302	0.83303			6
2024.10.22	03:01:00.325	0.83302				2
2024.10.22	03:01:00.636	0.83300	0.83301			6
2024.10.22	03:01:00.945	0.83299	0.83300			6
2024.10.22	03:01:07.794	0.83302	0.83303			6
2024.10.22	03:01:10.370	0.83301	0.83302			6
2024.10.22	03:01:12.349	0.83302	0.83303			6
2024.10.22	03:01:20.561	0.83301	0.83302			6
2024.10.22	03:01:23.636	0.83302	0.83303			6
2024.10.22	03:01:30.422	0.83301	0.83302			6
2024.10.22	03:01:33.042	0.83302	0.83303			6
2024.10.22	03:01:35.673	0.83301	0.83302			6
2024.10.22	03:01:38.347	0.83300	0.83301			6
2024.10.22	03:01:40.901	0.83301	0.83302			6
2024.10.22	03:01:54.765	0.83300	0.83301			6
2024.10.22	03:01:55.082	0.83301	0.83302			6
2024.10.22	03:01:57.364	0.83298	0.83299			6
2024.10.22	03:02:00.491	0.83298				2
2024.10.22	03:02:00.812	0.83299	0.83300			6
2024.10.22	03:02:18.732	0.83300	0.83301			6
2024.10.22	03:02:19.038	0.83303	0.83304			6
2024.10.22	03:02:22.378	0.83304	0.83305			6
2024.10.22	03:02:26.196	0.83303	0.83304			6
2024.10.22	03:02:31.146	0.83304	0.83305			6
2024.10.22	03:02:33.687	0.83303	0.83304			6
2024.10.22	03:02:34.021	0.83302	0.83303			6
2024.10.22	03:02:38.023	0.83301	0.83302			6
2024.10.22	03:02:38.834	0.83302	0.83303			6
2024.10.22	03:02:45.806	0.83301	0.83302			6
2024.10.22	03:02:46.373	0.83302	0.83303			6
2024.10.22	03:02:49.895	0.83301	0.83302			6
2024.10.22	03:02:51.249	0.83300	0.83301			6
2024.10.22	03:02:53.406	0.83299	0.83300			6
2024.10.22	03:02:53.712	0.83298	0.83299			6
2024.10.22	03:02:54.357	0.83299	0.83300			6
2024.10.22	03:02:55.481	0.83298	0.83299			6
2024.10.22	03:02:55.914	0.83299	0.83300			6
2024.10.22	03:02:56.244	0.83298	0.83299			6
2024.10.22	03:02:56.694	0.83299	0.83300			6
2024.10.22	03:02:58.329	0.83298	0.83299			6
2024.10.22	03:03:00.064	0.83298				2
2024.10.22	03:03:01.046	0.83299	0.83300			6
2024.10.22	03:03:14.961	0.83300	0.83301			6
2024.10.22	03:03:15.463	0.83301	0.83302			6
2024.10.22	03:03:23.797	0.83302	0.83303			6
2024.10.22	03:03:25.577	0.83301	0.83302			6
2024.10.22	03:04:00.559	0.83301				2
2024.10.22	03:04:10.797	0.83302	0.83303			6
2024.10.22	03:04:22.178	0.83301	0.83302			6
2024.10.22	03:04:23.289	0.83302	0.83303			6
2024.10.22	03:04:24.176	0.83301	0.83302			6
2024.10.22	03:04:25.709	0.83302	0.83303			6
2024.10.22	03:04:32.875	0.83301	0.83302			6
2024.10.22	03:04:36.366	0.83303	0.83304			6
2024.10.22	03:04:37.784	0.83301	0.83302			6
2024.10.22	03:04:38.768	0.83302	0.83303			6
2024.10.22	03:04:40.765	0.83303	0.83304			6
2024.10.22	03:04:44.213	0.83302	0.83303			6
2024.10.22	03:04:45.410	0.83303	0.83304			6
2024.10.22	03:04:50.093	0.83302	0.83303			6
2024.10.22	03:04:51.267	0.83303	0.83304			6
2024.10.22	03:04:55.915	0.83304	0.83305			6
2024.10.22	03:04:56.252	0.83302	0.83303			6
2024.10.22	03:05:00.221	0.83302				2
2024.10.22	03:05:06.267	0.83301	0.83302			6
2024.10.22	03:05:12.817	0.83300	0.83301			6
2024.10.22	03:05:13.766	0.83301	0.83302			6
2024.10.22	03:05:18.007	0.83300	0.83301			6
2024.10.22	03:05:20.388	0.83299	0.83300			6
2024.10.22	03:05:24.097	0.83301	0.83302			6
2024.10.22	03:05:31.371	0.83302	0.83303			6
2024.10.22	03:05:42.335	0.83301	0.83302			6
2024.10.22	03:05:46.772	0.83302	0.83303			6
2024.10.22	03:06:00.050	0.83302				2
2024.10.22	03:06:01.010	0.83301	0.83302			6
2024.10.22	03:06:01.325	0.83302	0.83303			6
2024.10.22	03:06:10.093	0.83301	0.83302			6
2024.10.22	03:06:14.767	0.83299	0.83300			6
2024.10.22	03:06:23.929	0.83298	0.83299			6
2024.10.22	03:06:31.867	0.83297	0.83298			6
2024.10.22	03:06:33.046	0.83298	0.83299			6
2024.10.22	03:06:33.745	0.83297	0.83298			6
2024.10.22	03:06:34.870	0.83298	0.83299			6
2024.10.22	03:06:35.668	0.83297	0.83298			6
2024.10.22	03:06:45.700	0.83298	0.83299			6
2024.10.22	03:06:46.074	0.83297	0.83298			6
2024.10.22	03:06:52.318	0.83296	0.83297			6
2024.10.22	03:07:00.379	0.83296				2
2024.10.22	03:07:22.909	0.83297	0.83298			6
2024.10.22	03:07:25.044	0.83298	0.83299			6
2024.10.22	03:07:25.363	0.83297	0.83298			6
2024.10.22	03:07:29.426	0.83298	0.83299			6
2024.10.22	03:07:59.853	0.83297	0.83298			6
2024.10.22	03:08:00.620	0.83296	0.83297			6
2024.10.22	03:08:00.956	0.83297	0.83298			6
2024.10.22	03:08:07.420	0.83298	0.83299			6
2024.10.22	03:08:10.358	0.83297	0.83298			6
2024.10.22	03:08:12.086	0.83298	0.83299			6
2024.10.22	03:08:20.164	0.83299	0.83300			6
2024.10.22	03:08:23.211	0.83300	0.83301			6
2024.10.22	03:08:27.179	0.83299	0.83300			6
2024.10.22	03:08:30.209	0.83298	0.83299			6
2024.10.22	03:08:33.580	0.83299	0.83300			6
2024.10.22	03:08:38.761	0.83298	0.83299			6
2024.10.22	03:08:41.367	0.83297	0.83298			6
2024.10.22	03:08:44.502	0.83298	0.83299			6
2024.10.22	03:08:52.891	0.83297	0.83298			6
2024.10.22	03:08:56.886	0.83295	0.83296			6
2024.10.22	03:08:57.207	0.83294	0.83295			6
2024.10.22	03:09:00.062	0.83294				2
2024.10.22	03:09:04.966	0.83295	0.83296			6
2024.10.22	03:09:07.480	0.83294	0.83295			6
2024.10.22	03:09:09.726	0.83295	0.83296			6
2024.10.22	03:09:12.405	0.83292	0.83293			6
2024.10.22	03:09:15.129	0.83291	0.83292			6
2024.10.22	03:09:15.626	0.83292	0.83293			6
2024.10.22	03:09:17.120	0.83291	0.83292			6
2024.10.22	03:09:39.623	0.83290	0.83291			6
2024.10.22	03:09:41.543	0.83291	0.83292			6
2024.10.22	03:09:52.734	0.83292	0.83293			6
2024.10.22	03:09:53.049	0.83291	0.83292			6
2024.10.22	03:10:00.422	0.83291				2
2024.10.22	03:10:00.791	0.83292	0.83293			6
2024.10.22	03:10:11.242	0.83291	0.83292			6
2024.10.22	03:10:17.231	0.83292	0.83293			6
2024.10.22	03:10:17.573	0.83291	0.83292			6
2024.10.22	03:10:19.518	0.83292	0.83293			6
2024.10.22	03:10:33.205	0.83293	0.83294			6
2024.10.22	03:10:33.619	0.83292	0.83293			6
2024.10.22	03:10:35.546	0.83293	0.83294			6
2024.10.22	03:10:45.352	0.83292	0.83293			6
2024.10.22	03:10:56.163	0.83293	0.83294			6
2024.10.22	03:10:56.488	0.83292	0.83293			6
2024.10.22	03:10:56.845	0.83293	0.83294			6
2024.10.22	03:10:57.578	0.83292	0.83293			6
2024.10.22	03:11:00.388	0.83292				2
2024.10.22	03:11:00.905	0.83293	0.83294			6
2024.10.22	03:11:03.975	0.83292	0.83293			6
2024.10.22	03:11:04.294	0.83293	0.83294			6
2024.10.22	03:11:05.091	0.83292	0.83293			6
2024.10.22	03:11:05.403	0.83293	0.83294			6
2024.10.22	03:11:10.689	0.83292	0.83293			6
2024.10.22	03:11:12.030	0.83294	0.83295			6
2024.10.22	03:11:22.779	0.83295	0.83296			6
2024.10.22	03:11:23.132	0.83294	0.83295			6
2024.10.22	03:11:24.281	0.83295	0.83296			6
2024.10.22	03:11:25.256	0.83294	0.83295			6
2024.10.22	03:11:25.764	0.83295	0.83296			6
2024.10.22	03:11:26.982	0.83294	0.83295			6
2024.10.22	03:11:28.757	0.83293	0.83294			6
2024.10.22	03:11:46.730	0.83294	0.83295			6
2024.10.22	03:11:57.107	0.83295	0.83296			6
2024.10.22	03:12:00.118	0.83295				2
2024.10.22	03:12:02.233	0.83296	0.83297			6
2024.10.22	03:12:27.173	0.83297	0.83298			6
2024.10.22	03:12:50.015	0.83296	0.83297			6
2024.10.22	03:12:50.442	0.83297	0.83298			6
2024.10.22	03:12:54.817	0.83298	0.83299			6
2024.10.22	03:13:00.427	0.83298				2
2024.10.22	03:13:06.612	0.83297	0.83298			6
2024.10.22	03:13:23.276	0.83298	0.83299			6
2024.10.22	03:13:50.186	0.83300	0.83301			6
2024.10.22	03:14:00.456	0.83300				2
2024.10.22	03:14:02.457	0.83299	0.83300			6
2024.10.22	03:14:02.777	0.83298	0.83299			6
2024.10.22	03:14:05.608	0.83300	0.83301			6
2024.10.22	03:14:06.330	0.83299	0.83300			6
2024.10.22	03:14:08.991	0.83298	0.83299			6
2024.10.22	03:15:00.397	0.83298				2
2024.10.22	03:15:01.363	0.83297	0.83298			6
2024.10.22	03:15:01.680	0.83296	0.83297			6
2024.10.22	03:15:07.369	0.83297	0.83298			6
2024.10.22	03:15:11.830	0.83298	0.83299			6
2024.10.22	03:15:15.485	0.83297	0.83298			6
2024.10.22	03:15:30.147	0.83296	0.83297			6
2024.10.22	03:15:30.810	0.83295	0.83296			6
2024.10.22	03:15:31.176	0.83293	0.83294			6
2024.10.22	03:15:37.148	0.83294	0.83295			6
2024.10.22	03:15:39.481	0.83293	0.83294			6
2024.10.22	03:15:58.135	0.83294	0.83295			6
2024.10.22	03:16:00.320	0.83294				2
2024.10.22	03:16:05.062	0.83292	0.83293			6
2024.10.22	03:16:09.098	0.83290	0.83291			6
2024.10.22	03:16:18.259	0.83292	0.83293			6
2024.10.22	03:16:19.297	0.83291	0.83292			6
2024.10.22	03:16:26.752	0.83292	0.83293			6
2024.10.22	03:16:27.102	0.83291	0.83292			6
2024.10.22	03:16:30.379	0.83293	0.83294			6
2024.10.22	03:16:40.614	0.83294	0.83295			6
2024.10.22	03:16:48.201	0.83293	0.83294			6
2024.10.22	03:16:50.759	0.83292	0.83293			6
2024.10.22	03:16:55.956	0.83291	0.83292			6
2024.10.22	03:16:56.828	0.83292	0.83293			6
2024.10.22	03:17:00.088	0.83292				2
2024.10.22	03:17:18.981	0.83291	0.83292			6
2024.10.22	03:17:38.358	0.83292	0.83293			6
2024.10.22	03:17:43.947	0.83293	0.83294			6
2024.10.22	03:17:44.620	0.83294	0.83295			6
2024.10.22	03:17:47.889	0.83293	0.83294			6
2024.10.22	03:17:50.417	0.83292	0.83293			6
2024.10.22	03:17:51.597	0.83291	0.83292			6
2024.10.22	03:18:00.679	0.83291				2
2024.10.22	03:18:01.079	0.83292	0.83293			6
2024.10.22	03:18:15.898	0.83293	0.83294			6
2024.10.22	03:18:24.512	0.83295	0.83296			6
2024.10.22	03:18:27.972	0.83294	0.83295			6
2024.10.22	03:18:28.676	0.83295	0.83296			6
2024.10.22	03:18:33.471	0.83294	0.83295			6
2024.10.22	03:18:44.555	0.83297	0.83298			6
2024.10.22	03:18:45.863	0.83298	0.83299			6
2024.10.22	03:18:55.999	0.83299	0.83300			6
2024.10.22	03:18:58.477	0.83298	0.83299			6
2024.10.22	03:19:00.103	0.83298				2
2024.10.22	03:19:09.910	0.83299	0.83300			6
2024.10.22	03:19:32.130	0.83298	0.83299			6
2024.10.22	03:19:33.565	0.83299	0.83300			6
2024.10.22	03:19:35.823	0.83298	0.83299			6
2024.10.22	03:19:52.266	0.83297	0.83298			6
2024.10.22	03:19:53.076	0.83298	0.83299			6
2024.10.22	03:19:54.405	0.83297	0.83298			6
2024.10.22	03:20:00.368	0.83297				2
2024.10.22	03:20:18.121	0.83298	0.83299			6
2024.10.22	03:20:46.366	0.83297	0.83298			6
2024.10.22	03:21:00.518	0.83297				2
2024.10.22	03:21:04.042	0.83298	0.83299			6
2024.10.22	03:21:04.344	0.83297	0.83298			6
2024.10.22	03:21:08.769	0.83296	0.83297			6
2024.10.22	03:21:14.258	0.83297	0.83298			6
2024.10.22	03:21:19.732	0.83296	0.83297			6
2024.10.22	03:21:24.097	0.83297	0.83298			6
2024.10.22	03:21:30.361	0.83296	0.83297			6
2024.10.22	03:21:32.424	0.83297	0.83298			6
2024.10.22	03:21:36.041	0.83296	0.83297			6
2024.10.22	03:21:39.689	0.83297	0.83298			6
2024.10.22	03:21:44.170	0.83296	0.83297			6
2024.10.22	03:21:44.515	0.83295	0.83296			6
2024.10.22	03:21:48.294	0.83296	0.83297			6
2024.10.22	03:21:48.623	0.83295	0.83296			6
2024.10.22	03:21:59.575	0.83297	0.83298			6
2024.10.22	03:22:00.403	0.83294	0.83295			6
2024.10.22	03:22:02.355	0.83293	0.83294			6
2024.10.22	03:22:05.582	0.83294	0.83295			6
2024.10.22	03:22:15.643	0.83295	0.83296			6
2024.10.22	03:22:17.368	0.83294	0.83295			6
2024.10.22	03:22:20.613	0.83295	0.83296			6
2024.10.22	03:22:34.354	0.83294	0.83295			6
2024.10.22	03:22:38.930		0.83296			4
2024.10.22	03:22:39.676	0.83295				2
2024.10.22	03:22:40.001	0.83294	0.83295			6
2024.10.22	03:22:41.066	0.83297	0.83298			6
2024.10.22	03:22:51.852	0.83296	0.83297			6
2024.10.22	03:22:52.163	0.83297	0.83298			6
2024.10.22	03:22:52.542	0.83296	0.83297			6
2024.10.22	03:22:53.032	0.83297	0.83298			6
2024.10.22	03:23:00.435	0.83297				2
2024.10.22	03:23:04.488	0.83299	0.83300			6
2024.10.22	03:23:04.790	0.83298	0.83299			6
2024.10.22	03:23:05.182	0.83297	0.83298			6
2024.10.22	03:23:06.400	0.83298	0.83299			6
2024.10.22	03:23:07.381	0.83299	0.83300			6
2024.10.22	03:23:08.344	0.83298	0.83299			6
2024.10.22	03:23:08.701	0.83299	0.83300			6
2024.10.22	03:23:09.239	0.83298	0.83301			6
2024.10.22	03:23:09.545	0.83299				2
2024.10.22	03:23:11.668	0.83298	0.83299			6
2024.10.22	03:23:12.002	0.83299	0.83300			6
2024.10.22	03:23:12.746	0.83298	0.83299			6
2024.10.22	03:23:13.079	0.83299	0.83300			6
2024.10.22	03:23:13.381	0.83298	0.83299			6
2024.10.22	03:23:13.715	0.83299	0.83300			6
2024.10.22	03:23:14.505	0.83298	0.83299			6
2024.10.22	03:23:14.808	0.83299	0.83300			6
2024.10.22	03:23:15.322	0.83298	0.83299			6
2024.10.22	03:23:16.144	0.83299	0.83300			6
2024.10.22	03:23:16.501	0.83298	0.83299			6
2024.10.22	03:23:16.917	0.83299	0.83300			6
2024.10.22	03:23:17.899	0.83298	0.83299			6
2024.10.22	03:23:18.699	0.83299	0.83300			6
2024.10.22	03:23:19.008	0.83298	0.83299			6
2024.10.22	03:23:19.325	0.83299	0.83300			6
2024.10.22	03:23:19.865	0.83298	0.83299			6
2024.10.22	03:23:30.862	0.83297	0.83298			6
2024.10.22	03:23:31.518	0.83298	0.83299			6
2024.10.22	03:23:40.665	0.83297	0.83298			6
2024.10.22	03:23:43.404	0.83298	0.83299			6
2024.10.22	03:23:46.000	0.83297	0.83298			6
2024.10.22	03:23:46.640	0.83298	0.83299			6
2024.10.22	03:23:46.972	0.83297	0.83298			6
2024.10.22	03:24:00.177	0.83297				2
2024.10.22	03:24:01.179	0.83298	0.83299			6
2024.10.22	03:24:01.654	0.83297	0.83298			6
2024.10.22	03:24:02.669	0.83298	0.83299			6
2024.10.22	03:24:03.089	0.83297	0.83298			6
2024.10.22	03:24:03.804	0.83298	0.83299			6
2024.10.22	03:24:16.955	0.83297	0.83298			6
2024.10.22	03:24:18.222	0.83298	0.83299			6
2024.10.22	03:24:27.962	0.83297	0.83298			6
2024.10.22	03:24:28.299	0.83298	0.83299			6
2024.10.22	03:24:40.046	0.83299	0.83300			6
2024.10.22	03:24:50.914	0.83298	0.83299			6
2024.10.22	03:24:57.083	0.83299	0.83300			6
2024.10.22	03:24:57.842	0.83300	0.83301			6
2024.10.22	03:24:58.146	0.83299	0.83300			6
2024.10.22	03:25:00.553	0.83299				2
2024.10.22	03:25:46.430	0.83298	0.83299			6
2024.10.22	03:25:54.661	0.83299	0.83300			6
2024.10.22	03:25:59.741	0.83298	0.83299			6
2024.10.22	03:26:00.319	0.83298				2
2024.10.22	03:26:05.394	0.83297	0.83298			6
2024.10.22	03:26:06.292	0.83298	0.83299			6
2024.10.22	03:26:10.510	0.83297	0.83298			6
2024.10.22	03:26:28.984	0.83295	0.83296			6
2024.10.22	03:26:40.293	0.83296	0.83297			6
2024.10.22	03:26:57.588	0.83295	0.83296			6
2024.10.22	03:27:01.792	0.83295				2
2024.10.22	03:27:03.112	0.83296	0.83297			6
2024.10.22	03:27:17.770	0.83297	0.83298			6
2024.10.22	03:27:22.817	0.83298	0.83299			6
2024.10.22	03:27:23.602	0.83297	0.83298			6
2024.10.22	03:27:25.305	0.83298	0.83299			6
2024.10.22	03:27:26.302	0.83297	0.83298			6
2024.10.22	03:27:26.705	0.83298	0.83299			6
2024.10.22	03:27:31.715	0.83299	0.83300			6
2024.10.22	03:27:40.060	0.83298	0.83299			6
2024.10.22	03:27:43.773	0.83299	0.83300			6
2024.10.22	03:27:45.013	0.83298	0.83299			6
2024.10.22	03:27:54.900	0.83299	0.83300			6
2024.10.22	03:27:57.759	0.83303	0.83304			6
2024.10.22	03:28:00.225	0.83303				2
2024.10.22	03:28:08.828	0.83302	0.83303			6
2024.10.22	03:28:10.775	0.83303	0.83304			6
2024.10.22	03:28:20.062	0.83304	0.83305			6
2024.10.22	03:28:20.940	0.83303	0.83304			6
2024.10.22	03:28:26.865	0.83302	0.83303			6
2024.10.22	03:28:40.298	0.83303	0.83304			6
2024.10.22	03:28:44.850	0.83304	0.83305			6
2024.10.22	03:28:46.781	0.83303	0.83304			6
2024.10.22	03:28:47.929	0.83304	0.83305			6
2024.10.22	03:29:00.343	0.83304				2
2024.10.22	03:29:15.171	0.83303	0.83304			6
2024.10.22	03:29:20.655	0.83304	0.83305			6
2024.10.22	03:29:52.742	0.83303	0.83304			6
2024.10.22	03:29:53.660	0.83304	0.83305			6
2024.10.22	03:29:54.155	0.83303	0.83304			6
2024.10.22	03:29:55.648	0.83304	0.83305			6
2024.10.22	03:29:56.621	0.83303	0.83304			6
2024.10.22	03:30:00.120	0.83303				2
2024.10.22	03:30:41.601	0.83304	0.83305			6
2024.10.22	03:30:49.416	0.83303	0.83304			6
2024.10.22	03:30:51.235	0.83304	0.83305			6
2024.10.22	03:30:52.892	0.83303	0.83304			6
2024.10.22	03:31:00.353	0.83303				2
2024.10.22	03:31:00.715	0.83304	0.83305			6
2024.10.22	03:31:03.691	0.83303	0.83304			6
2024.10.22	03:31:21.618	0.83301	0.83302			6
2024.10.22	03:31:22.756	0.83299	0.83300			6
2024.10.22	03:31:31.961	0.83300	0.83301			6
2024.10.22	03:31:37.341	0.83301	0.83302			6
2024.10.22	03:31:39.727	0.83300	0.83301			6
2024.10.22	03:31:40.324	0.83301	0.83302			6
2024.10.22	03:31:41.861	0.83300	0.83301			6
2024.10.22	03:31:42.980	0.83301	0.83302			6
2024.10.22	03:31:44.377	0.83300	0.83301			6
2024.10.22	03:31:44.686	0.83301	0.83302			6
2024.10.22	03:31:53.731	0.83300	0.83301			6
2024.10.22	03:32:00.436	0.83300				2
2024.10.22	03:32:02.328	0.83301	0.83302			6
2024.10.22	03:32:02.643	0.83300	0.83301			6
2024.10.22	03:32:04.429	0.83301	0.83302			6
2024.10.22	03:32:09.260	0.83300	0.83301			6
2024.10.22	03:32:10.135	0.83299	0.83300			6
2024.10.22	03:32:10.490	0.83300	0.83301			6
2024.10.22	03:32:16.197	0.83301	0.83302			6
2024.10.22	03:32:16.620	0.83300	0.83301			6
2024.10.22	03:32:20.312	0.83301	0.83302			6
2024.10.22	03:32:29.175	0.83300	0.83301			6
2024.10.22	03:32:30.496	0.83301	0.83302			6
2024.10.22	03:32:32.359	0.83300	0.83301			6
2024.10.22	03:32:36.441	0.83301	0.83302			6
2024.10.22	03:32:36.905	0.83300	0.83301			6
2024.10.22	03:32:38.077	0.83301	0.83302			6
2024.10.22	03:32:38.402	0.83300	0.83301			6
2024.10.22	03:32:38.941	0.83301	0.83302			6
2024.10.22	03:32:43.241	0.83302	0.83303			6
2024.10.22	03:32:43.612	0.83301	0.83302			6
2024.10.22	03:32:45.824	0.83300	0.83301			6
2024.10.22	03:32:46.690	0.83301	0.83302			6
2024.10.22	03:32:47.114	0.83300	0.83301			6
2024.10.22	03:32:48.914	0.83301	0.83302			6
2024.10.22	03:32:49.378	0.83300	0.83301			6
2024.10.22	03:32:53.361	0.83301	0.83302			6
2024.10.22	03:32:54.851	0.83300	0.83301			6
2024.10.22	03:33:00.737	0.83300				2
2024.10.22	03:33:06.688	0.83299	0.83300			6
2024.10.22	03:33:15.296	0.83300	0.83301			6
2024.10.22	03:33:19.021	0.83301	0.83302			6
2024.10.22	03:33:19.793	0.83300	0.83301			6
2024.10.22	03:33:35.548	0.83301	0.83302			6
2024.10.22	03:33:35.850	0.83300	0.83301			6
2024.10.22	03:33:40.317	0.83299	0.83300			6
2024.10.22	03:33:40.901	0.83300	0.83301			6
2024.10.22	03:33:41.982	0.83301	0.83302			6
2024.10.22	03:33:42.584	0.83300	0.83301			6
2024.10.22	03:33:45.940	0.83299	0.83300			6
2024.10.22	03:33:46.265	0.83298	0.83299			6
2024.10.22	03:33:47.406		0.83300			4
2024.10.22	03:33:50.665	0.83299	0.83301			6
2024.10.22	03:33:54.349	0.83300				2
2024.10.22	03:33:55.371	0.83299				2
2024.10.22	03:33:56.075		0.83300			4
2024.10.22	03:33:56.840	0.83300	0.83301			6
2024.10.22	03:33:58.741	0.83299	0.83300			6
2024.10.22	03:34:02.633	0.83300	0.83301			6
2024.10.22	03:34:04.042	0.83299	0.83300			6
2024.10.22	03:34:04.371	0.83300	0.83301			6
2024.10.22	03:34:04.692	0.83299	0.83300			6
2024.10.22	03:34:07.498	0.83300	0.83301			6
2024.10.22	03:34:07.822	0.83299	0.83300			6
2024.10.22	03:34:11.127	0.83300	0.83301			6
2024.10.22	03:34:12.610	0.83299	0.83300			6
2024.10.22	03:34:12.913	0.83298	0.83299			6
2024.10.22	03:34:13.881	0.83299	0.83300			6
2024.10.22	03:34:15.004	0.83297	0.83298			6
2024.10.22	03:34:22.343	0.83298	0.83299			6
2024.10.22	03:34:23.741	0.83297	0.83298			6
2024.10.22	03:34:24.406	0.83298	0.83299			6
2024.10.22	03:34:24.719	0.83297	0.83298			6
2024.10.22	03:34:25.646	0.83298	0.83299			6
2024.10.22	03:34:26.446	0.83297	0.83298			6
2024.10.22	03:34:26.749	0.83298	0.83299			6
2024.10.22	03:34:28.745	0.83297	0.83298			6
2024.10.22	03:34:29.047	0.83298	0.83299			6
2024.10.22	03:34:31.509	0.83297	0.83298			6
2024.10.22	03:34:32.288	0.83296	0.83297			6
2024.10.22	03:34:40.355	0.83297	0.83298			6
2024.10.22	03:34:57.344	0.83298	0.83299			6
2024.10.22	03:34:59.174	0.83297	0.83298			6
2024.10.22	03:34:59.541	0.83298	0.83299			6
2024.10.22	03:35:00.981	0.83298				2
2024.10.22	03:35:02.345	0.83297	0.83298			6
2024.10.22	03:35:02.999	0.83298	0.83299			6
2024.10.22	03:35:03.313	0.83297	0.83298			6
2024.10.22	03:35:06.574	0.83298	0.83299			6
2024.10.22	03:35:07.052	0.83297	0.83298			6
2024.10.22	03:35:07.366	0.83298	0.83299			6
2024.10.22	03:35:12.316	0.83299	0.83300			6
2024.10.22	03:35:13.099	0.83298	0.83299			6
2024.10.22	03:35:13.419	0.83300	0.83301			6
2024.10.22	03:35:13.939	0.83299	0.83300			6
2024.10.22	03:35:16.910	0.83298	0.83299			6
2024.10.22	03:35:18.867	0.83299	0.83300			6
2024.10.22	03:35:19.382	0.83298	0.83299			6
2024.10.22	03:35:20.384	0.83299	0.83300			6
2024.10.22	03:35:22.060	0.83301	0.83302			6
2024.10.22	03:35:24.702	0.83300	0.83301			6
2024.10.22	03:35:27.771	0.83299	0.83300			6
2024.10.22	03:35:35.578	0.83300	0.83301			6
2024.10.22	03:35:35.953	0.83299	0.83300			6
2024.10.22	03:35:36.293	0.83300	0.83301			6
2024.10.22	03:35:36.784	0.83299	0.83300			6
2024.10.22	03:35:38.038	0.83298	0.83299			6
2024.10.22	03:35:39.516	0.83299	0.83300			6
2024.10.22	03:35:40.322	0.83298	0.83299			6
2024.10.22	03:35:40.650	0.83300	0.83301			6
2024.10.22	03:35:44.796	0.83299	0.83300			6
2024.10.22	03:35:46.663	0.83300	0.83301			6
2024.10.22	03:35:53.907	0.83301	0.83302			6
2024.10.22	03:35:54.530	0.83300	0.83301			6
2024.10.22	03:35:55.938	0.83301	0.83302			6
2024.10.22	03:35:56.282	0.83300	0.83301			6
2024.10.22	03:35:58.926	0.83299	0.83300			6
2024.10.22	03:36:00.349	0.83300	0.83301			6
2024.10.22	03:36:12.031	0.83301	0.83302			6
2024.10.22	03:36:12.799	0.83300	0.83301			6
2024.10.22	03:36:15.314	0.83301	0.83302			6
2024.10.22	03:36:15.869	0.83300	0.83301			6
2024.10.22	03:36:18.453	0.83299	0.83300			6
2024.10.22	03:36:19.096	0.83300	0.83301			6
2024.10.22	03:36:20.252	0.83299	0.83300			6
2024.10.22	03:36:44.797	0.83298	0.83299			6
2024.10.22	03:36:48.124	0.83299	0.83300			6
2024.10.22	03:36:49.533	0.83298	0.83299			6
2024.10.22	03:36:50.332	0.83299	0.83300			6
2024.10.22	03:36:51.602	0.83298	0.83299			6
2024.10.22	03:36:52.044	0.83299	0.83300			6
2024.10.22	03:36:52.374	0.83298	0.83299			6
2024.10.22	03:36:56.957	0.83299	0.83300			6
2024.10.22	03:36:57.318	0.83298	0.83299			6
2024.10.22	03:36:57.817	0.83299	0.83300			6
2024.10.22	03:37:00.318	0.83299				2
2024.10.22	03:37:02.447	0.83298	0.83299			6
2024.10.22	03:37:03.439	0.83299	0.83300			6
2024.10.22	03:37:05.425	0.83298	0.83299			6
2024.10.22	03:37:10.663	0.83297	0.83298			6
2024.10.22	03:37:12.374	0.83298	0.83299			6
2024.10.22	03:37:16.573	0.83297	0.83298			6
2024.10.22	03:37:16.967	0.83298	0.83299			6
2024.10.22	03:37:31.757	0.83299	0.83300			6
2024.10.22	03:37:32.117	0.83298	0.83299			6
2024.10.22	03:38:00.562	0.83298				2
2024.10.22	03:38:22.642	0.83297	0.83298			6
2024.10.22	03:38:24.343	0.83298	0.83299			6
2024.10.22	03:38:27.687	0.83299	0.83300			6
2024.10.22	03:38:28.376	0.83298	0.83299			6
2024.10.22	03:38:29.180	0.83299	0.83300			6
2024.10.22	03:38:29.577	0.83298	0.83299			6
2024.10.22	03:38:30.747	0.83299	0.83300			6
2024.10.22	03:38:31.614	0.83298	0.83299			6
2024.10.22	03:38:33.658	0.83297	0.83298			6
2024.10.22	03:38:34.853	0.83298	0.83299			6
2024.10.22	03:38:35.442	0.83299	0.83300			6
2024.10.22	03:38:35.791	0.83298	0.83299			6
2024.10.22	03:38:36.442	0.83299	0.83300			6
2024.10.22	03:38:38.276	0.83298	0.83299			6
2024.10.22	03:38:38.589	0.83299	0.83300			6
2024.10.22	03:38:43.868	0.83298	0.83299			6
2024.10.22	03:38:44.467	0.83299	0.83300			6
2024.10.22	03:38:45.710	0.83298	0.83299			6
2024.10.22	03:38:46.120	0.83299	0.83300			6
2024.10.22	03:38:47.151	0.83298	0.83299			6
2024.10.22	03:38:48.094	0.83299	0.83300			6
2024.10.22	03:38:50.751	0.83298	0.83299			6
2024.10.22	03:38:52.105	0.83299	0.83300			6
2024.10.22	03:38:53.383	0.83300	0.83301			6
2024.10.22	03:39:00.409	0.83300				2
2024.10.22	03:39:03.022	0.83299	0.83300			6
2024.10.22	03:39:04.343	0.83300	0.83301			6
2024.10.22	03:39:05.824	0.83304	0.83305			6
2024.10.22	03:39:11.118	0.83303	0.83304			6
2024.10.22	03:39:26.104	0.83304	0.83305			6
2024.10.22	03:39:26.421	0.83303	0.83304			6
2024.10.22	03:39:44.438	0.83304	0.83305			6
2024.10.22	03:39:51.521	0.83305	0.83306			6
2024.10.22	03:39:57.413		0.83307			4
2024.10.22	03:39:57.844	0.83306				2
2024.10.22	03:40:00.454	0.83306				2
2024.10.22	03:40:02.006	0.83305	0.83306			6
2024.10.22	03:40:15.702	0.83304	0.83305			6
2024.10.22	03:40:18.254	0.83303	0.83304			6
2024.10.22	03:40:38.191	0.83304	0.83305			6
2024.10.22	03:40:38.839	0.83305	0.83306			6
2024.10.22	03:40:39.647	0.83304	0.83305			6
2024.10.22	03:40:53.683	0.83305	0.83306			6
2024.10.22	03:40:54.096	0.83304	0.83305			6
2024.10.22	03:41:00.202	0.83305	0.83306			6
2024.10.22	03:41:01.806	0.83304	0.83305			6
2024.10.22	03:41:08.263	0.83308	0.83309			6
2024.10.22	03:41:08.584	0.83309	0.83310			6
2024.10.22	03:41:09.258	0.83312	0.83313			6
2024.10.22	03:41:09.572	0.83311	0.83312			6
2024.10.22	03:41:09.991	0.83312	0.83313			6
2024.10.22	03:41:12.517	0.83311	0.83312			6
2024.10.22	03:41:15.652	0.83312	0.83313			6
2024.10.22	03:41:17.728	0.83310	0.83311			6
2024.10.22	03:41:18.120	0.83312	0.83313			6
2024.10.22	03:41:18.445	0.83311	0.83312			6
2024.10.22	03:41:19.377	0.83312	0.83313			6
2024.10.22	03:41:21.220	0.83313	0.83315			6
2024.10.22	03:41:21.523	0.83314				2
2024.10.22	03:41:24.346	0.83313	0.83314			6
2024.10.22	03:41:27.296	0.83314	0.83315			6
2024.10.22	03:41:28.501	0.83313	0.83314			6
2024.10.22	03:41:31.498	0.83314	0.83315			6
2024.10.22	03:41:56.590	0.83313	0.83314			6
2024.10.22	03:41:59.480	0.83312	0.83313			6
2024.10.22	03:42:00.125	0.83312				2
2024.10.22	03:42:00.876	0.83313	0.83314			6
2024.10.22	03:42:01.320	0.83312	0.83313			6
2024.10.22	03:42:02.327	0.83313	0.83314			6
2024.10.22	03:42:02.915	0.83312	0.83313			6
2024.10.22	03:42:04.911	0.83313	0.83314			6
2024.10.22	03:42:05.820	0.83312	0.83313			6
2024.10.22	03:42:06.787	0.83311	0.83312			6
2024.10.22	03:42:07.253	0.83312	0.83313			6
2024.10.22	03:42:11.453	0.83313	0.83314			6
2024.10.22	03:42:11.816	0.83312	0.83313			6
2024.10.22	03:42:12.239	0.83313	0.83314			6
2024.10.22	03:42:13.278	0.83312	0.83313			6
2024.10.22	03:42:18.308	0.83311	0.83312			6
2024.10.22	03:42:35.166	0.83310	0.83311			6
2024.10.22	03:42:36.078	0.83311	0.83312			6
2024.10.22	03:42:36.384	0.83309	0.83310			6
2024.10.22	03:42:36.831	0.83308	0.83309			6
2024.10.22	03:42:38.227	0.83307	0.83308			6
2024.10.22	03:42:43.403	0.83308	0.83309			6
2024.10.22	03:43:00.317	0.83308				2
2024.10.22	03:43:07.909	0.83309	0.83310			6
2024.10.22	03:43:09.906	0.83308	0.83309			6
2024.10.22	03:43:10.380	0.83309	0.83310			6
2024.10.22	03:43:12.955	0.83310	0.83311			6
2024.10.22	03:43:13.257	0.83311	0.83312			6
2024.10.22	03:43:21.766	0.83310	0.83311			6
2024.10.22	03:43:22.081	0.83311	0.83312			6
2024.10.22	03:43:26.397	0.83310	0.83311			6
2024.10.22	03:43:29.392	0.83311	0.83312			6
2024.10.22	03:43:29.979	0.83312	0.83313			6
2024.10.22	03:43:30.283	0.83311	0.83312			6
2024.10.22	03:43:32.600	0.83312	0.83313			6
2024.10.22	03:43:32.914	0.83311	0.83312			6
2024.10.22	03:43:33.885	0.83312	0.83313			6
2024.10.22	03:43:34.905	0.83311				2
2024.10.22	03:43:35.209	0.83312				2
2024.10.22	03:43:44.232		0.83314			4
2024.10.22	03:43:45.231	0.83313				2
2024.10.22	03:43:46.655	0.83314	0.83315			6
2024.10.22	03:43:47.681	0.83313	0.83314			6
2024.10.22	03:43:48.110	0.83314	0.83315			6
2024.10.22	03:43:49.373	0.83313	0.83314			6
2024.10.22	03:43:52.251	0.83314	0.83315			6
2024.10.22	03:43:52.637	0.83313	0.83314			6
2024.10.22	03:43:53.998	0.83314	0.83315			6
2024.10.22	03:43:55.721	0.83313	0.83314			6
2024.10.22	03:44:00.517	0.83313				2
2024.10.22	03:44:03.844	0.83314	0.83315			6
2024.10.22	03:44:04.170	0.83313	0.83314			6
2024.10.22	03:44:04.478	0.83314	0.83315			6
2024.10.22	03:44:07.529	0.83313	0.83314			6
2024.10.22	03:44:07.891	0.83314	0.83315			6
2024.10.22	03:44:11.444	0.83313	0.83314			6
2024.10.22	03:44:18.625	0.83314	0.83315			6
2024.10.22	03:44:19.016	0.83313	0.83314			6
2024.10.22	03:44:20.230	0.83312	0.83313			6
2024.10.22	03:44:20.543	0.83314	0.83315			6
2024.10.22	03:44:20.909	0.83313	0.83314			6
2024.10.22	03:44:21.656	0.83314	0.83315			6
2024.10.22	03:44:22.031	0.83313	0.83314			6
2024.10.22	03:44:23.119	0.83314	0.83315			6
2024.10.22	03:44:23.494	0.83313	0.83314			6
2024.10.22	03:44:24.297	0.83314	0.83315			6
