<DATE>	<TIME>	<BID>	<ASK>	<LAST>	<VOLUME>	<FLAGS>
2024.09.20	00:00:00.506	0.83955	0.84099			6
2024.09.20	00:00:00.727	0.83914	0.84105			6
2024.09.20	00:00:01.106	0.83904	0.84106			6
2024.09.20	00:00:31.245	0.83957	0.84104			6
2024.09.20	00:01:00.813	0.83957	0.84102			6
2024.09.20	00:01:29.940	0.83960	0.84099			6
2024.09.20	00:01:33.361		0.84094			4
2024.09.20	00:01:50.285		0.84068			4
2024.09.20	00:02:03.835	0.83960				2
2024.09.20	00:02:25.105	0.83966				2
2024.09.20	00:02:50.694	0.83992	0.84068			6
2024.09.20	00:03:18.049	0.83992				2
2024.09.20	00:04:01.825	0.83992	0.84068			6
2024.09.20	00:04:10.262	0.83966				2
2024.09.20	00:05:01.100	0.83966	0.84063			6
2024.09.20	00:05:05.282	0.83961				2
2024.09.20	00:05:05.970	0.83963				2
2024.09.20	00:05:10.536	0.83964				2
2024.09.20	00:05:11.199	0.83965				2
2024.09.20	00:05:12.442	0.83968				2
2024.09.20	00:05:15.223	0.83969				2
2024.09.20	00:05:15.848	0.83968				2
2024.09.20	00:05:19.964	0.83966				2
2024.09.20	00:05:20.366	0.83967				2
2024.09.20	00:05:24.381	0.83966				2
2024.09.20	00:05:25.792	0.83964				2
2024.09.20	00:05:27.499	0.83968				2
2024.09.20	00:05:29.071	0.83970				2
2024.09.20	00:05:30.407	0.83973				2
2024.09.20	00:05:44.267	0.83972				2
2024.09.20	00:05:45.354	0.83970				2
2024.09.20	00:05:49.761	0.83969				2
2024.09.20	00:05:50.474	0.83971				2
2024.09.20	00:05:55.719	0.83970				2
2024.09.20	00:06:00.311	0.83967				2
2024.09.20	00:06:01.808		0.84063			4
2024.09.20	00:06:02.419	0.83963				2
2024.09.20	00:06:04.356	0.83961				2
2024.09.20	00:06:14.358	0.83968				2
2024.09.20	00:06:16.290	0.83970				2
2024.09.20	00:06:20.318	0.83971				2
2024.09.20	00:06:32.802	0.83961				2
2024.09.20	00:06:37.302	0.83963				2
2024.09.20	00:06:43.030	0.83961				2
2024.09.20	00:06:55.272	0.83966				2
2024.09.20	00:07:00.322	0.83966				2
2024.09.20	00:07:06.253		0.84063			4
2024.09.20	00:08:01.259	0.83966				2
2024.09.20	00:08:10.417		0.84063			4
2024.09.20	00:08:34.535	0.83967				2
2024.09.20	00:08:39.503	0.83968				2
2024.09.20	00:08:44.799	0.83970				2
2024.09.20	00:08:59.452	0.83966				2
2024.09.20	00:09:00.206	0.83966				2
2024.09.20	00:09:04.849	0.83968				2
2024.09.20	00:09:09.338	0.83967				2
2024.09.20	00:09:11.295		0.84063			4
2024.09.20	00:09:12.943	0.83973				2
2024.09.20	00:09:14.339	0.83974				2
2024.09.20	00:09:19.832	0.83973				2
2024.09.20	00:09:20.343	0.83974				2
2024.09.20	00:09:24.502	0.83973				2
2024.09.20	00:09:29.483	0.83972				2
2024.09.20	00:09:30.350	0.83974				2
2024.09.20	00:09:34.902	0.83977				2
2024.09.20	00:09:38.574	0.83976				2
2024.09.20	00:09:39.819	0.83974				2
2024.09.20	00:09:40.262	0.83975				2
2024.09.20	00:09:44.435	0.83977				2
2024.09.20	00:09:48.824	0.83976				2
2024.09.20	00:09:49.455	0.83975				2
2024.09.20	00:09:54.265	0.83977				2
2024.09.20	00:09:57.231	0.83971				2
2024.09.20	00:09:57.583	0.83970				2
2024.09.20	00:09:58.362	0.83969				2
2024.09.20	00:10:00.361	0.83995				2
2024.09.20	00:10:11.454		0.84063			4
2024.09.20	00:10:15.994	0.83996				2
2024.09.20	00:11:01.121	0.83996	0.84061			6
2024.09.20	00:11:05.198	0.83997				2
2024.09.20	00:11:06.911	0.83992	0.84054			6
2024.09.20	00:11:08.072		0.84052			4
2024.09.20	00:11:10.523		0.84049			4
2024.09.20	00:11:28.032	0.83997	0.84061			6
2024.09.20	00:11:31.124	0.83998				2
2024.09.20	00:11:32.095	0.84002				2
2024.09.20	00:11:34.596	0.84003				2
2024.09.20	00:11:39.673	0.84004				2
2024.09.20	00:11:49.998	0.84002				2
2024.09.20	00:11:51.163	0.84005				2
2024.09.20	00:11:52.205	0.84004				2
2024.09.20	00:12:01.125	0.84004				2
2024.09.20	00:12:23.260	0.84001				2
2024.09.20	00:12:28.208		0.84061			4
2024.09.20	00:12:56.193	0.84002				2
2024.09.20	00:13:04.305	0.84002				2
2024.09.20	00:13:28.530	0.83997	0.84061			6
2024.09.20	00:13:29.427	0.83998				2
2024.09.20	00:14:00.365	0.83998				2
2024.09.20	00:14:28.892		0.84061			4
2024.09.20	00:15:00.444	0.83998				2
2024.09.20	00:15:30.407		0.84061			4
2024.09.20	00:15:54.115	0.83999				2
2024.09.20	00:15:57.696	0.84000				2
2024.09.20	00:16:01.125	0.84000	0.84060			6
2024.09.20	00:16:01.501		0.84057			4
2024.09.20	00:16:58.483	0.84001				2
2024.09.20	00:17:00.693	0.84001				2
2024.09.20	00:17:02.588		0.84057			4
2024.09.20	00:17:22.689	0.84002				2
2024.09.20	00:17:48.092	0.84003				2
2024.09.20	00:18:00.478	0.84003				2
2024.09.20	00:18:02.590		0.84057			4
2024.09.20	00:19:00.022	0.84003				2
2024.09.20	00:19:03.319		0.84057			4
2024.09.20	00:19:27.084	0.83998	0.84042			6
2024.09.20	00:19:44.551	0.83997				2
2024.09.20	00:19:51.783	0.83996				2
2024.09.20	00:19:53.037	0.83995				2
2024.09.20	00:20:00.768	0.83989	0.84045			6
2024.09.20	00:20:23.835	0.83987	0.84040			6
2024.09.20	00:21:00.416	0.83987				2
2024.09.20	00:21:05.300	0.83988				2
2024.09.20	00:21:24.002		0.84040			4
2024.09.20	00:21:45.683		0.84039			4
2024.09.20	00:21:51.693	0.83989				2
2024.09.20	00:21:57.440		0.84038			4
2024.09.20	00:22:00.488	0.83989	0.84039			6
2024.09.20	00:22:00.799		0.84038			4
2024.09.20	00:22:06.511		0.84039			4
2024.09.20	00:22:12.994	0.83990				2
2024.09.20	00:22:33.656		0.84038			4
2024.09.20	00:22:38.245		0.84039			4
2024.09.20	00:22:39.653		0.84040			4
2024.09.20	00:22:44.538		0.84039			4
2024.09.20	00:22:52.612		0.84038			4
2024.09.20	00:22:53.215	0.83991				2
2024.09.20	00:23:00.425	0.83991				2
2024.09.20	00:23:02.671	0.83993	0.84039			6
2024.09.20	00:23:04.270		0.84038			4
2024.09.20	00:23:08.119		0.84039			4
2024.09.20	00:23:08.969	0.83995	0.84040			6
2024.09.20	00:23:09.296		0.84041			4
2024.09.20	00:23:28.332		0.84039			4
2024.09.20	00:23:29.718		0.84041			4
2024.09.20	00:23:43.389	0.83994				2
2024.09.20	00:24:00.086	0.83994				2
2024.09.20	00:24:01.755	0.83995				2
2024.09.20	00:24:07.875	0.83996				2
2024.09.20	00:24:09.548	0.83998				2
2024.09.20	00:24:10.356	0.83999	0.84052			6
2024.09.20	00:24:56.110	0.84001	0.84053			6
2024.09.20	00:24:59.423	0.84006				2
2024.09.20	00:25:00.307	0.84006				2
2024.09.20	00:25:01.783	0.84000				2
2024.09.20	00:25:06.707	0.84006				2
2024.09.20	00:25:11.466	0.84007				2
2024.09.20	00:25:17.824	0.84008				2
2024.09.20	00:25:24.347	0.84009				2
2024.09.20	00:25:48.548		0.84058			4
2024.09.20	00:25:55.328	0.84008				2
2024.09.20	00:26:00.171	0.84008				2
2024.09.20	00:26:09.404	0.84011				2
2024.09.20	00:26:46.595	0.84010				2
2024.09.20	00:26:50.899		0.84058			4
2024.09.20	00:27:00.423	0.84010				2
2024.09.20	00:27:20.200	0.84009				2
2024.09.20	00:27:28.275	0.84010				2
2024.09.20	00:27:46.594	0.84009				2
2024.09.20	00:27:49.246	0.84010				2
2024.09.20	00:27:51.287	0.84011	0.84058			6
2024.09.20	00:28:00.384	0.84012				2
2024.09.20	00:28:06.712	0.84010				2
2024.09.20	00:28:39.560	0.84012				2
2024.09.20	00:28:40.611	0.84009				2
2024.09.20	00:28:52.204		0.84058			4
2024.09.20	00:29:00.420	0.84009				2
2024.09.20	00:29:13.788	0.84010				2
2024.09.20	00:29:20.490	0.84009				2
2024.09.20	00:29:33.995	0.84008				2
2024.09.20	00:29:46.608	0.84012				2
2024.09.20	00:29:46.996	0.84010				2
2024.09.20	00:29:52.969	0.84009	0.84058			6
2024.09.20	00:30:00.382	0.84009				2
2024.09.20	00:30:00.844	0.84007				2
2024.09.20	00:30:22.384	0.84008				2
2024.09.20	00:30:31.105	0.84007				2
2024.09.20	00:30:41.195	0.84008				2
2024.09.20	00:30:56.350		0.84058			4
2024.09.20	00:31:00.413	0.84008				2
2024.09.20	00:31:40.159	0.84010				2
2024.09.20	00:31:53.063	0.84009				2
2024.09.20	00:32:06.503	0.84009	0.84058			6
2024.09.20	00:32:42.215	0.84010				2
2024.09.20	00:32:49.820	0.84011				2
2024.09.20	00:32:50.197	0.84009				2
2024.09.20	00:33:00.041	0.84009				2
2024.09.20	00:33:00.392	0.84010				2
2024.09.20	00:33:10.344		0.84058			4
2024.09.20	00:33:22.228	0.84009				2
2024.09.20	00:33:27.308	0.84010				2
2024.09.20	00:34:00.580	0.84010				2
2024.09.20	00:34:11.978		0.84058			4
2024.09.20	00:34:12.392	0.84011				2
2024.09.20	00:35:00.618	0.84011				2
2024.09.20	00:35:14.657		0.84058			4
2024.09.20	00:35:35.605		0.84052			4
2024.09.20	00:35:36.881	0.84010				2
2024.09.20	00:35:41.700	0.84008				2
2024.09.20	00:35:49.305	0.84010				2
2024.09.20	00:36:00.067	0.84010				2
2024.09.20	00:36:25.015	0.84009				2
2024.09.20	00:36:35.974		0.84052			4
2024.09.20	00:37:00.415	0.84009				2
2024.09.20	00:37:36.996	0.84010	0.84052			6
2024.09.20	00:38:00.752	0.84009				2
2024.09.20	00:38:01.064	0.84010				2
2024.09.20	00:38:40.942		0.84052			4
2024.09.20	00:38:41.772		0.84055			4
2024.09.20	00:38:50.531	0.84011				2
2024.09.20	00:38:55.895	0.84010				2
2024.09.20	00:39:03.839	0.84010				2
2024.09.20	00:39:47.011		0.84054			4
2024.09.20	00:39:48.984		0.84052			4
2024.09.20	00:39:49.644	0.84011				2
2024.09.20	00:39:59.657	0.84010	0.84057			6
2024.09.20	00:40:00.169	0.84009				2
2024.09.20	00:40:26.301	0.84007				2
2024.09.20	00:40:45.891	0.84009				2
2024.09.20	00:40:59.862		0.84058			4
2024.09.20	00:41:00.349	0.84010				2
2024.09.20	00:41:27.097	0.84011				2
2024.09.20	00:41:31.205	0.84010				2
2024.09.20	00:41:36.048	0.84009	0.84053			6
2024.09.20	00:41:37.903	0.84008				2
2024.09.20	00:41:39.893	0.84009				2
2024.09.20	00:41:41.794	0.84008				2
2024.09.20	00:41:45.611	0.84009				2
2024.09.20	00:41:58.002	0.84008				2
2024.09.20	00:42:00.420	0.84008				2
2024.09.20	00:42:03.074	0.84009				2
2024.09.20	00:42:12.565	0.84010				2
2024.09.20	00:42:36.363		0.84053			4
2024.09.20	00:42:38.489		0.84058			4
2024.09.20	00:42:41.192		0.84057			4
2024.09.20	00:42:50.842	0.84009	0.84056			6
2024.09.20	00:42:52.898	0.84010	0.84057			6
2024.09.20	00:43:00.415	0.84010				2
2024.09.20	00:43:20.194	0.84009	0.84056			6
2024.09.20	00:43:38.200		0.84055			4
2024.09.20	00:44:00.279	0.84009				2
2024.09.20	00:44:40.488		0.84055			4
2024.09.20	00:45:02.118	0.84010	0.84048			6
2024.09.20	00:45:04.037	0.84009	0.84055			6
2024.09.20	00:45:06.642	0.84021	0.84043			6
2024.09.20	00:46:02.189	0.84021				2
2024.09.20	00:46:07.917		0.84043			4
2024.09.20	00:47:00.374	0.84021				2
2024.09.20	00:47:02.119	0.84024	0.84034			6
2024.09.20	00:47:04.049	0.84010	0.84058			6
2024.09.20	00:47:05.468		0.84059			4
2024.09.20	00:47:14.403		0.84058			4
2024.09.20	00:47:19.077	0.84022	0.84043			6
2024.09.20	00:48:11.760	0.84022				2
2024.09.20	00:48:19.228		0.84043			4
2024.09.20	00:49:01.687	0.84022				2
2024.09.20	00:49:10.413		0.84044			4
2024.09.20	00:49:14.366		0.84043			4
2024.09.20	00:49:14.686	0.84018	0.84040			6
2024.09.20	00:49:20.421	0.84016	0.84039			6
2024.09.20	00:49:20.731		0.84038			4
2024.09.20	00:50:01.542	0.84016				2
2024.09.20	00:50:14.506	0.84015				2
2024.09.20	00:50:21.757		0.84038			4
2024.09.20	00:50:27.102		0.84039			4
2024.09.20	00:50:42.697		0.84038			4
2024.09.20	00:50:56.493		0.84039			4
2024.09.20	00:51:00.382	0.84015				2
2024.09.20	00:51:09.394	0.84013	0.84041			6
2024.09.20	00:51:30.829	0.84014	0.84040			6
2024.09.20	00:51:50.389	0.84012	0.84041			6
2024.09.20	00:51:56.492	0.84013	0.84040			6
2024.09.20	00:52:00.416	0.84013				2
2024.09.20	00:52:03.075	0.84014	0.84039			6
2024.09.20	00:52:12.394	0.84013	0.84040			6
2024.09.20	00:52:21.099	0.84014	0.84039			6
2024.09.20	00:52:28.891	0.84013	0.84040			6
2024.09.20	00:52:29.382	0.84016	0.84038			6
2024.09.20	00:52:44.566	0.84017	0.84039			6
2024.09.20	00:53:00.318	0.84017				2
2024.09.20	00:53:35.379		0.84040			4
2024.09.20	00:53:37.280	0.84016				2
2024.09.20	00:53:46.892	0.84015	0.84041			6
2024.09.20	00:54:02.359	0.84015	0.84042			6
2024.09.20	00:54:11.756		0.84041			4
2024.09.20	00:54:15.068	0.84016				2
2024.09.20	00:54:43.369		0.84040			4
2024.09.20	00:55:00.427	0.84016				2
2024.09.20	00:55:15.222	0.84018	0.84039			6
2024.09.20	00:55:36.128	0.84017				2
2024.09.20	00:55:41.192	0.84016	0.84040			6
2024.09.20	00:56:01.874	0.84017				2
2024.09.20	00:56:36.128	0.84016				2
2024.09.20	00:56:49.008	0.84015	0.84040			6
2024.09.20	00:56:50.664	0.84014	0.84039			6
2024.09.20	00:57:01.756	0.84014				2
2024.09.20	00:57:15.391	0.84016	0.84038			6
2024.09.20	00:58:02.707	0.84016				2
2024.09.20	00:58:17.364		0.84038			4
2024.09.20	00:58:30.094	0.84015	0.84039			6
2024.09.20	00:59:01.076	0.84015				2
2024.09.20	00:59:02.979	0.84011	0.84035			6
2024.09.20	00:59:16.743	0.84009	0.84034			6
2024.09.20	00:59:19.706		0.84032			4
2024.09.20	00:59:24.513	0.84006	0.84030			6
2024.09.20	00:59:30.315	0.84007				2
2024.09.20	00:59:34.060	0.84003	0.84028			6
2024.09.20	00:59:41.163	0.84001	0.84027			6
2024.09.20	00:59:43.593		0.84026			4
2024.09.20	00:59:47.185	0.84012	0.84033			6
2024.09.20	00:59:47.501	0.84013	0.84034			6
2024.09.20	00:59:47.857	0.84015	0.84036			6
2024.09.20	00:59:48.274	0.84017	0.84038			6
2024.09.20	00:59:51.440	0.84015	0.84037			6
2024.09.20	00:59:56.023	0.84014	0.84038			6
2024.09.20	01:00:00.321	0.84015	0.84039			6
2024.09.20	01:00:00.641	0.84013	0.84041			6
2024.09.20	01:00:01.483	0.84010	0.84044			6
2024.09.20	01:00:02.290	0.84021	0.84046			6
2024.09.20	01:00:03.961	0.84023	0.84048			6
2024.09.20	01:00:04.366	0.84018	0.84049			6
2024.09.20	01:00:04.686	0.84011				2
2024.09.20	01:00:05.448	0.84014	0.84050			6
2024.09.20	01:00:08.128	0.84012	0.84049			6
2024.09.20	01:00:08.446	0.84019				2
2024.09.20	01:00:09.008	0.84016				2
2024.09.20	01:00:10.338	0.84018	0.84043			6
2024.09.20	01:00:10.927	0.84020	0.84041			6
2024.09.20	01:00:11.825	0.84021	0.84042			6
2024.09.20	01:00:13.627		0.84043			4
2024.09.20	01:00:17.191		0.84042			4
2024.09.20	01:00:18.287	0.84018	0.84041			6
2024.09.20	01:00:18.824		0.84037			4
2024.09.20	01:00:19.143	0.84012	0.84033			6
2024.09.20	01:00:20.834	0.84010	0.84032			6
2024.09.20	01:00:21.638		0.84034			4
2024.09.20	01:00:24.575	0.84011				2
2024.09.20	01:00:26.071	0.84008				2
2024.09.20	01:00:26.383	0.84010	0.84033			6
2024.09.20	01:00:27.480	0.84005	0.84031			6
2024.09.20	01:00:27.790		0.84034			4
2024.09.20	01:00:28.377		0.84031			4
2024.09.20	01:00:28.940	0.84007	0.84035			6
2024.09.20	01:00:29.417		0.84033			4
2024.09.20	01:00:29.722	0.84010	0.84035			6
2024.09.20	01:00:30.172	0.84012	0.84038			6
2024.09.20	01:00:30.526	0.84014				2
2024.09.20	01:00:30.857	0.84016	0.84039			6
2024.09.20	01:00:32.451	0.84012	0.84038			6
2024.09.20	01:00:32.803	0.84011				2
2024.09.20	01:00:33.261		0.84037			4
2024.09.20	01:00:33.736		0.84038			4
2024.09.20	01:00:34.835		0.84036			4
2024.09.20	01:00:35.730	0.84014	0.84038			6
2024.09.20	01:00:36.692	0.84015				2
2024.09.20	01:00:37.323	0.84014	0.84039			6
2024.09.20	01:00:38.279	0.84013				2
2024.09.20	01:00:40.892		0.84038			4
2024.09.20	01:00:41.230		0.84039			4
2024.09.20	01:00:44.444	0.84014	0.84040			6
2024.09.20	01:00:45.934	0.84015				2
2024.09.20	01:00:46.300	0.84013	0.84039			6
2024.09.20	01:00:46.602	0.84015				2
2024.09.20	01:00:47.933	0.84016	0.84040			6
2024.09.20	01:00:48.350	0.84019				2
2024.09.20	01:00:48.662		0.84039			4
2024.09.20	01:00:48.974	0.84021	0.84038			6
2024.09.20	01:00:49.337	0.84022	0.84041			6
2024.09.20	01:00:50.842	0.84023	0.84040			6
2024.09.20	01:00:51.784	0.84022				2
2024.09.20	01:00:52.921		0.84039			4
2024.09.20	01:00:53.223	0.84017	0.84041			6
2024.09.20	01:00:55.301	0.84016	0.84040			6
2024.09.20	01:00:55.747	0.84015				2
2024.09.20	01:00:56.583	0.84017				2
2024.09.20	01:00:59.721	0.84013				2
2024.09.20	01:01:00.311	0.84017				2
2024.09.20	01:01:08.244	0.84018				2
2024.09.20	01:01:20.413	0.84017				2
2024.09.20	01:01:22.907	0.84018				2
2024.09.20	01:01:27.395	0.84017				2
2024.09.20	01:01:29.792	0.84018				2
2024.09.20	01:01:31.420		0.84043			4
2024.09.20	01:01:31.725	0.84024	0.84045			6
2024.09.20	01:01:32.028	0.84021				2
2024.09.20	01:01:32.986		0.84046			4
2024.09.20	01:01:33.296	0.84016				2
2024.09.20	01:01:33.712	0.84024				2
2024.09.20	01:01:34.790	0.84017				2
2024.09.20	01:01:35.413	0.84024				2
2024.09.20	01:01:35.741	0.84018				2
2024.09.20	01:01:36.216	0.84022				2
2024.09.20	01:01:36.521	0.84029	0.84045			6
2024.09.20	01:01:36.850	0.84021	0.84046			6
2024.09.20	01:01:37.192	0.84019				2
2024.09.20	01:01:37.537	0.84029				2
2024.09.20	01:01:37.844	0.84019				2
2024.09.20	01:01:38.478	0.84022				2
2024.09.20	01:01:38.863	0.84019	0.84047			6
2024.09.20	01:01:41.361	0.84020	0.84046			6
2024.09.20	01:01:41.673	0.84028				2
2024.09.20	01:01:41.982	0.84027				2
2024.09.20	01:01:43.857	0.84029				2
2024.09.20	01:01:46.375	0.84028				2
2024.09.20	01:01:47.927	0.84029				2
2024.09.20	01:01:49.747	0.84028				2
2024.09.20	01:01:51.420	0.84029				2
2024.09.20	01:01:51.807	0.84028				2
2024.09.20	01:01:53.223		0.84047			4
2024.09.20	01:01:54.465	0.84029				2
2024.09.20	01:01:57.238	0.84028				2
2024.09.20	01:01:58.067		0.84046			4
2024.09.20	01:01:58.372	0.84029				2
2024.09.20	01:01:58.681	0.84028	0.84047			6
2024.09.20	01:01:59.012	0.84029	0.84046			6
2024.09.20	01:02:00.269	0.84029				2
2024.09.20	01:02:01.451	0.84028	0.84047			6
2024.09.20	01:02:02.331	0.84029				2
2024.09.20	01:02:03.025		0.84046			4
2024.09.20	01:02:03.401	0.84030				2
2024.09.20	01:02:05.375	0.84025				2
2024.09.20	01:02:05.678	0.84024	0.84045			6
2024.09.20	01:02:09.094	0.84025	0.84046			6
2024.09.20	01:02:10.384	0.84027	0.84045			6
2024.09.20	01:02:11.061	0.84026				2
2024.09.20	01:02:12.356	0.84024				2
2024.09.20	01:02:19.819	0.84023	0.84044			6
2024.09.20	01:02:26.454	0.84024				2
2024.09.20	01:02:27.694		0.84045			4
2024.09.20	01:02:43.404		0.84044			4
2024.09.20	01:02:51.667	0.84029				2
2024.09.20	01:02:53.965	0.84023				2
2024.09.20	01:03:00.426	0.84024				2
2024.09.20	01:03:03.538	0.84026	0.84043			6
2024.09.20	01:03:07.674	0.84027	0.84044			6
2024.09.20	01:03:09.087		0.84043			4
2024.09.20	01:03:09.459	0.84029				2
2024.09.20	01:03:11.300	0.84026				2
2024.09.20	01:03:11.814	0.84029				2
2024.09.20	01:03:23.019	0.84026				2
2024.09.20	01:03:28.171	0.84029	0.84044			6
2024.09.20	01:03:31.687	0.84026				2
2024.09.20	01:03:33.829	0.84025	0.84043			6
2024.09.20	01:03:36.493	0.84026				2
2024.09.20	01:03:50.249	0.84025	0.84044			6
2024.09.20	01:03:53.795	0.84026				2
2024.09.20	01:03:55.793	0.84025				2
2024.09.20	01:03:58.380	0.84026				2
2024.09.20	01:04:00.475	0.84026				2
2024.09.20	01:04:01.592		0.84043			4
2024.09.20	01:04:04.595		0.84044			4
2024.09.20	01:04:08.505	0.84025	0.84043			6
2024.09.20	01:05:00.477	0.84025				2
2024.09.20	01:05:02.139	0.84024				2
2024.09.20	01:05:02.497	0.84020	0.84044			6
2024.09.20	01:05:02.820	0.84025				2
2024.09.20	01:05:03.229	0.84026	0.84045			6
2024.09.20	01:05:04.941	0.84023				2
2024.09.20	01:05:14.201	0.84025				2
2024.09.20	01:05:14.755	0.84024				2
2024.09.20	01:05:15.846	0.84025				2
2024.09.20	01:05:17.333		0.84044			4
2024.09.20	01:05:22.292	0.84026				2
2024.09.20	01:05:28.386	0.84025	0.84045			6
2024.09.20	01:05:30.992	0.84026				2
2024.09.20	01:05:32.939	0.84025				2
2024.09.20	01:05:33.377	0.84026				2
2024.09.20	01:05:34.301	0.84025				2
2024.09.20	01:05:36.403	0.84026				2
2024.09.20	01:05:37.886	0.84027	0.84043			6
2024.09.20	01:05:38.447	0.84026	0.84044			6
2024.09.20	01:05:43.316	0.84032	0.84045			6
2024.09.20	01:05:45.431		0.84046			4
2024.09.20	01:05:48.103	0.84031	0.84045			6
2024.09.20	01:05:58.267	0.84037	0.84046			6
2024.09.20	01:05:58.584		0.84047			4
2024.09.20	01:05:59.397	0.84036				2
2024.09.20	01:06:00.415	0.84036	0.84048			6
2024.09.20	01:06:03.440		0.84046			4
2024.09.20	01:06:03.760	0.84037				2
2024.09.20	01:06:12.530	0.84036				2
2024.09.20	01:06:16.702	0.84037	0.84044			6
2024.09.20	01:06:17.769		0.84043			4
2024.09.20	01:06:20.414	0.84036	0.84044			6
2024.09.20	01:06:23.937		0.84042			4
2024.09.20	01:06:35.766	0.84029	0.84041			6
2024.09.20	01:06:41.192	0.84028	0.84040			6
2024.09.20	01:06:55.638	0.84029	0.84041			6
2024.09.20	01:07:00.460	0.84029				2
2024.09.20	01:07:04.297	0.84030	0.84042			6
2024.09.20	01:07:10.292		0.84041			4
2024.09.20	01:07:21.992		0.84042			4
2024.09.20	01:07:26.192		0.84041			4
2024.09.20	01:07:31.744	0.84035	0.84044			6
2024.09.20	01:07:35.588	0.84034	0.84043			6
2024.09.20	01:07:39.759	0.84035				2
2024.09.20	01:07:44.720	0.84034				2
2024.09.20	01:08:00.421	0.84034				2
2024.09.20	01:08:01.830		0.84042			4
2024.09.20	01:08:05.884	0.84033				2
2024.09.20	01:08:07.615	0.84034				2
2024.09.20	01:08:08.230	0.84035				2
2024.09.20	01:08:11.742	0.84033	0.84043			6
2024.09.20	01:08:12.043	0.84032	0.84042			6
2024.09.20	01:08:12.355	0.84035	0.84043			6
2024.09.20	01:08:12.997		0.84044			4
2024.09.20	01:08:13.430	0.84033				2
2024.09.20	01:08:16.294	0.84034				2
2024.09.20	01:08:17.079	0.84035				2
2024.09.20	01:08:17.796	0.84034				2
2024.09.20	01:08:18.125	0.84035				2
2024.09.20	01:08:26.550	0.84034				2
2024.09.20	01:08:51.750	0.84037	0.84045			6
2024.09.20	01:08:57.569	0.84035				2
2024.09.20	01:09:01.001	0.84035				2
2024.09.20	01:09:05.145	0.84037				2
2024.09.20	01:09:07.138	0.84036	0.84044			6
2024.09.20	01:09:08.192		0.84045			4
2024.09.20	01:09:08.931		0.84044			4
2024.09.20	01:09:29.868	0.84035				2
2024.09.20	01:09:30.372		0.84045			4
2024.09.20	01:09:33.992	0.84036				2
2024.09.20	01:09:59.191		0.84044			4
2024.09.20	01:10:00.283	0.84036	0.84043			6
2024.09.20	01:10:01.759	0.84035	0.84042			6
2024.09.20	01:10:02.168	0.84034	0.84043			6
2024.09.20	01:10:06.393		0.84042			4
2024.09.20	01:10:07.818	0.84037				2
2024.09.20	01:10:13.996	0.84040	0.84045			6
2024.09.20	01:10:14.448		0.84046			4
2024.09.20	01:10:16.296		0.84047			4
2024.09.20	01:10:17.068	0.84041	0.84046			6
2024.09.20	01:10:17.996	0.84040				2
2024.09.20	01:10:34.458	0.84038				2
2024.09.20	01:10:43.298		0.84047			4
2024.09.20	01:10:47.001		0.84046			4
2024.09.20	01:10:51.582	0.84037	0.84045			6
2024.09.20	01:10:55.090	0.84038	0.84046			6
2024.09.20	01:10:58.169	0.84040	0.84048			6
2024.09.20	01:11:03.307	0.84040				2
2024.09.20	01:11:04.890		0.84044			4
2024.09.20	01:11:05.380	0.84041				2
2024.09.20	01:11:06.112	0.84040				2
2024.09.20	01:11:23.221	0.84041	0.84045			6
2024.09.20	01:11:27.587		0.84044			4
2024.09.20	01:11:31.634	0.84035	0.84039			6
2024.09.20	01:11:35.490	0.84034				2
2024.09.20	01:11:45.697	0.84033				2
2024.09.20	01:11:56.191	0.84034				2
2024.09.20	01:11:56.988		0.84040			4
2024.09.20	01:11:59.214		0.84039			4
2024.09.20	01:11:59.582		0.84040			4
2024.09.20	01:12:00.402	0.84034				2
2024.09.20	01:12:00.767		0.84039			4
2024.09.20	01:12:06.236		0.84038			4
2024.09.20	01:12:09.994	0.84033				2
2024.09.20	01:12:16.802	0.84036	0.84039			6
2024.09.20	01:12:21.232	0.84035				2
2024.09.20	01:12:22.198		0.84040			4
2024.09.20	01:12:22.699	0.84036	0.84042			6
2024.09.20	01:12:23.008	0.84037				2
2024.09.20	01:12:50.024		0.84043			4
2024.09.20	01:13:00.752	0.84037				2
2024.09.20	01:13:08.370		0.84044			4
2024.09.20	01:13:08.791	0.84038				2
2024.09.20	01:13:16.666		0.84043			4
2024.09.20	01:13:18.998	0.84037				2
2024.09.20	01:13:21.628		0.84044			4
2024.09.20	01:13:25.473	0.84038				2
2024.09.20	01:13:28.547	0.84037				2
2024.09.20	01:13:31.590	0.84041	0.84045			6
2024.09.20	01:13:31.894	0.84042				2
2024.09.20	01:13:33.827	0.84039				2
2024.09.20	01:13:36.904	0.84037	0.84044			6
2024.09.20	01:13:37.357		0.84043			4
2024.09.20	01:13:55.942	0.84036	0.84042			6
2024.09.20	01:13:56.852	0.84035	0.84040			6
2024.09.20	01:13:58.896	0.84034				2
2024.09.20	01:14:01.739	0.84034				2
2024.09.20	01:14:05.495	0.84035	0.84041			6
2024.09.20	01:14:05.804	0.84036	0.84040			6
2024.09.20	01:14:06.827	0.84035				2
2024.09.20	01:14:07.509	0.84036				2
2024.09.20	01:14:12.757		0.84041			4
2024.09.20	01:14:17.749		0.84040			4
2024.09.20	01:14:19.628		0.84041			4
2024.09.20	01:14:21.750	0.84035	0.84040			6
2024.09.20	01:14:23.031		0.84041			4
2024.09.20	01:14:25.481		0.84040			4
2024.09.20	01:14:28.150	0.84036				2
2024.09.20	01:14:39.675		0.84042			4
2024.09.20	01:14:44.330	0.84037				2
2024.09.20	01:14:55.497	0.84036				2
2024.09.20	01:15:00.321	0.84040	0.84045			6
2024.09.20	01:15:00.622	0.84041	0.84046			6
2024.09.20	01:15:01.840	0.84042				2
2024.09.20	01:15:02.774	0.84041				2
2024.09.20	01:15:06.828	0.84042				2
2024.09.20	01:15:16.893		0.84047			4
2024.09.20	01:15:33.406	0.84041				2
2024.09.20	01:15:33.712		0.84046			4
2024.09.20	01:15:47.892		0.84047			4
2024.09.20	01:15:49.621		0.84046			4
2024.09.20	01:15:49.960		0.84047			4
2024.09.20	01:15:50.930		0.84046			4
2024.09.20	01:15:51.581		0.84047			4
2024.09.20	01:15:53.088		0.84046			4
2024.09.20	01:15:58.649		0.84047			4
2024.09.20	01:16:00.192	0.84041				2
2024.09.20	01:16:19.595		0.84046			4
2024.09.20	01:16:23.426		0.84047			4
2024.09.20	01:16:36.123	0.84044	0.84048			6
2024.09.20	01:16:38.602	0.84046	0.84050			6
2024.09.20	01:16:43.746	0.84045				2
2024.09.20	01:16:47.402	0.84046				2
2024.09.20	01:16:47.725		0.84052			4
2024.09.20	01:16:51.992		0.84051			4
2024.09.20	01:16:56.421		0.84052			4
2024.09.20	01:17:00.008	0.84046	0.84051			6
2024.09.20	01:17:27.729	0.84048				2
2024.09.20	01:17:28.978	0.84049				2
2024.09.20	01:17:29.284	0.84046				2
2024.09.20	01:17:41.319		0.84050			4
2024.09.20	01:17:41.693	0.84045				2
2024.09.20	01:17:46.023	0.84046	0.84051			6
2024.09.20	01:17:47.126	0.84044	0.84048			6
2024.09.20	01:17:47.522	0.84043				2
2024.09.20	01:17:52.310	0.84042	0.84047			6
2024.09.20	01:18:00.851	0.84042				2
2024.09.20	01:18:52.984		0.84047			4
2024.09.20	01:18:56.635	0.84043				2
2024.09.20	01:19:00.698	0.84043				2
2024.09.20	01:19:21.937	0.84044				2
2024.09.20	01:19:22.861	0.84045				2
2024.09.20	01:19:34.235		0.84046			4
2024.09.20	01:19:38.131	0.84044				2
2024.09.20	01:19:43.641	0.84043	0.84047			6
2024.09.20	01:19:54.393		0.84046			4
2024.09.20	01:19:59.643	0.84044				2
2024.09.20	01:20:00.169	0.84044				2
2024.09.20	01:20:10.341		0.84047			4
2024.09.20	01:20:19.817	0.84042				2
2024.09.20	01:20:20.135	0.84044	0.84046			6
2024.09.20	01:20:31.129	0.84045				2
2024.09.20	01:21:00.129	0.84045				2
2024.09.20	01:21:22.293		0.84046			4
2024.09.20	01:22:00.502	0.84045				2
2024.09.20	01:22:22.798		0.84046			4
2024.09.20	01:22:54.639	0.84046	0.84048			6
2024.09.20	01:22:54.942	0.84044				2
2024.09.20	01:22:56.717	0.84045				2
2024.09.20	01:23:00.387	0.84045				2
2024.09.20	01:23:26.696	0.84046				2
2024.09.20	01:23:27.381	0.84045				2
2024.09.20	01:23:28.900		0.84047			4
2024.09.20	01:23:40.033	0.84046				2
2024.09.20	01:23:40.342	0.84043	0.84046			6
2024.09.20	01:23:40.676		0.84045			4
2024.09.20	01:23:45.439	0.84044				2
2024.09.20	01:23:48.994		0.84046			4
2024.09.20	01:24:02.127	0.84045				2
2024.09.20	01:24:03.907	0.84046	0.84047			6
2024.09.20	01:24:12.958	0.84043	0.84045			6
2024.09.20	01:24:15.265		0.84044			4
2024.09.20	01:24:15.583	0.84042	0.84043			6
2024.09.20	01:24:27.388		0.84044			4
2024.09.20	01:24:40.942	0.84039				2
2024.09.20	01:24:41.245		0.84043			4
2024.09.20	01:24:46.104		0.84042			4
2024.09.20	01:24:46.647	0.84038				2
2024.09.20	01:24:57.597	0.84039	0.84041			6
2024.09.20	01:24:58.141	0.84040				2
2024.09.20	01:24:59.618	0.84039	0.84042			6
2024.09.20	01:25:00.411	0.84040	0.84041			6
2024.09.20	01:25:09.898		0.84042			4
2024.09.20	01:25:10.205	0.84043	0.84044			6
2024.09.20	01:25:30.750	0.84039	0.84043			6
2024.09.20	01:25:31.466		0.84042			4
2024.09.20	01:25:33.622		0.84043			4
2024.09.20	01:25:37.815		0.84042			4
2024.09.20	01:26:00.177	0.84039				2
2024.09.20	01:26:02.173	0.84040				2
2024.09.20	01:26:02.488	0.84038				2
2024.09.20	01:26:05.266	0.84039				2
2024.09.20	01:26:07.296		0.84041			4
2024.09.20	01:26:13.970	0.84041	0.84043			6
2024.09.20	01:26:14.286	0.84042				2
2024.09.20	01:26:29.791	0.84041				2
2024.09.20	01:26:30.672	0.84038	0.84041			6
2024.09.20	01:26:30.984		0.84042			4
2024.09.20	01:26:33.449		0.84041			4
2024.09.20	01:26:33.999		0.84042			4
2024.09.20	01:26:35.556	0.84039				2
2024.09.20	01:26:35.871	0.84037				2
2024.09.20	01:26:36.818	0.84038	0.84039			6
2024.09.20	01:26:37.483	0.84039	0.84040			6
2024.09.20	01:26:51.499	0.84040	0.84041			6
2024.09.20	01:27:00.394	0.84040				2
2024.09.20	01:27:02.348	0.84038				2
2024.09.20	01:27:08.450		0.84040			4
2024.09.20	01:27:36.215	0.84039	0.84041			6
2024.09.20	01:27:37.394	0.84038				2
2024.09.20	01:27:55.338		0.84040			4
2024.09.20	01:27:55.688		0.84041			4
2024.09.20	01:27:58.596		0.84040			4
2024.09.20	01:28:00.249	0.84038				2
2024.09.20	01:28:03.867		0.84041			4
2024.09.20	01:28:16.706	0.84039				2
2024.09.20	01:28:25.665	0.84040				2
2024.09.20	01:28:29.241	0.84041	0.84042			6
2024.09.20	01:29:00.172	0.84041				2
2024.09.20	01:29:15.612	0.84040	0.84041			6
2024.09.20	01:29:29.756	0.84041	0.84042			6
2024.09.20	01:29:32.452	0.84040				2
2024.09.20	01:29:54.665	0.84042	0.84043			6
2024.09.20	01:30:00.305	0.84042				2
2024.09.20	01:30:02.126	0.84041	0.84045			6
2024.09.20	01:30:04.101	0.84042	0.84043			6
2024.09.20	01:30:05.687	0.84043	0.84044			6
2024.09.20	01:30:12.755	0.84037	0.84042			6
2024.09.20	01:30:13.082		0.84041			4
2024.09.20	01:30:41.462	0.84038				2
2024.09.20	01:30:42.441	0.84037				2
2024.09.20	01:31:00.653	0.84037				2
2024.09.20	01:31:03.252		0.84040			4
2024.09.20	01:31:07.907		0.84041			4
2024.09.20	01:31:36.942	0.84038				2
2024.09.20	01:31:39.187	0.84037	0.84040			6
2024.09.20	01:31:55.060		0.84041			4
2024.09.20	01:32:00.176	0.84037				2
2024.09.20	01:32:12.691		0.84040			4
2024.09.20	01:32:22.594		0.84041			4
2024.09.20	01:32:32.791		0.84040			4
2024.09.20	01:32:41.667		0.84041			4
2024.09.20	01:32:58.592		0.84040			4
2024.09.20	01:33:00.414	0.84037				2
2024.09.20	01:33:07.853		0.84041			4
2024.09.20	01:33:34.423	0.84041	0.84042			6
2024.09.20	01:33:41.515	0.84038				2
2024.09.20	01:33:53.981	0.84040				2
2024.09.20	01:33:54.282		0.84043			4
2024.09.20	01:33:54.589		0.84042			4
2024.09.20	01:33:58.774		0.84043			4
2024.09.20	01:34:00.132	0.84040				2
2024.09.20	01:34:19.348	0.84039	0.84042			6
2024.09.20	01:34:22.316	0.84042	0.84043			6
2024.09.20	01:34:26.602	0.84041				2
2024.09.20	01:34:29.717	0.84044	0.84045			6
2024.09.20	01:34:55.844	0.84043	0.84044			6
2024.09.20	01:34:58.412	0.84044	0.84045			6
2024.09.20	01:35:00.258	0.84044				2
2024.09.20	01:35:48.429	0.84045	0.84046			6
2024.09.20	01:35:49.730	0.84046	0.84047			6
2024.09.20	01:35:52.396	0.84048	0.84049			6
2024.09.20	01:35:52.959	0.84046	0.84047			6
2024.09.20	01:36:00.393	0.84046				2
2024.09.20	01:36:01.313	0.84047	0.84048			6
2024.09.20	01:36:06.994	0.84046	0.84047			6
2024.09.20	01:36:10.883	0.84045	0.84048			6
2024.09.20	01:36:20.506	0.84046	0.84049			6
2024.09.20	01:36:20.887	0.84048				2
2024.09.20	01:36:21.468	0.84049	0.84050			6
2024.09.20	01:36:21.785		0.84051			4
2024.09.20	01:36:22.236	0.84050				2
2024.09.20	01:36:23.780	0.84051	0.84052			6
2024.09.20	01:36:25.650	0.84049	0.84050			6
2024.09.20	01:36:45.104	0.84050	0.84051			6
2024.09.20	01:36:45.424	0.84051	0.84052			6
2024.09.20	01:36:46.667	0.84050	0.84051			6
2024.09.20	01:36:47.216	0.84049	0.84050			6
2024.09.20	01:36:47.533	0.84050	0.84051			6
2024.09.20	01:36:48.383	0.84051	0.84052			6
2024.09.20	01:37:00.516	0.84051				2
2024.09.20	01:37:22.449	0.84049	0.84050			6
2024.09.20	01:37:23.520	0.84050	0.84051			6
2024.09.20	01:37:24.560	0.84051	0.84052			6
2024.09.20	01:37:36.711	0.84052	0.84053			6
2024.09.20	01:37:49.628	0.84053	0.84054			6
2024.09.20	01:38:00.176	0.84053				2
2024.09.20	01:38:04.991	0.84051	0.84052			6
2024.09.20	01:38:12.501	0.84052	0.84053			6
2024.09.20	01:38:16.374	0.84051	0.84052			6
2024.09.20	01:38:20.315	0.84052	0.84053			6
2024.09.20	01:38:27.154	0.84055	0.84056			6
2024.09.20	01:38:30.384		0.84057			4
2024.09.20	01:38:37.080	0.84056				2
2024.09.20	01:38:38.602	0.84055				2
2024.09.20	01:38:40.976	0.84054	0.84056			6
2024.09.20	01:38:51.635	0.84055	0.84057			6
2024.09.20	01:38:54.339		0.84056			4
2024.09.20	01:39:00.928	0.84055				2
2024.09.20	01:39:05.706	0.84054				2
2024.09.20	01:39:07.441	0.84050	0.84052			6
2024.09.20	01:39:25.515	0.84048	0.84053			6
2024.09.20	01:39:26.142	0.84047				2
2024.09.20	01:39:36.139		0.84052			4
2024.09.20	01:39:56.749		0.84051			4
2024.09.20	01:40:00.430	0.84047				2
2024.09.20	01:40:05.531		0.84050			4
2024.09.20	01:40:31.755	0.84046	0.84048			6
2024.09.20	01:40:32.063	0.84043	0.84046			6
2024.09.20	01:40:33.394	0.84045				2
2024.09.20	01:40:38.539	0.84044				2
2024.09.20	01:40:47.310	0.84045				2
2024.09.20	01:40:50.810	0.84044				2
2024.09.20	01:41:00.178	0.84044				2
2024.09.20	01:41:04.547	0.84043				2
2024.09.20	01:41:04.962	0.84045				2
2024.09.20	01:41:22.238	0.84044				2
2024.09.20	01:41:31.692	0.84045				2
2024.09.20	01:41:32.518		0.84046			4
2024.09.20	01:41:32.871	0.84046	0.84048			6
2024.09.20	01:41:40.412	0.84047	0.84049			6
2024.09.20	01:41:49.247	0.84049	0.84050			6
2024.09.20	01:42:00.414	0.84049				2
2024.09.20	01:42:18.830	0.84050	0.84051			6
2024.09.20	01:42:30.176	0.84049	0.84050			6
2024.09.20	01:42:32.377	0.84050	0.84051			6
2024.09.20	01:42:32.914	0.84051	0.84052			6
2024.09.20	01:43:01.094	0.84051				2
2024.09.20	01:43:34.240		0.84052			4
2024.09.20	01:44:00.420	0.84051				2
2024.09.20	01:44:08.464	0.84052	0.84053			6
2024.09.20	01:44:21.496	0.84051	0.84052			6
2024.09.20	01:44:40.391	0.84050	0.84051			6
2024.09.20	01:45:01.487	0.84050				2
2024.09.20	01:45:12.470	0.84051	0.84052			6
2024.09.20	01:45:12.979	0.84050	0.84051			6
2024.09.20	01:45:15.416	0.84051	0.84052			6
2024.09.20	01:45:31.330	0.84050	0.84051			6
2024.09.20	01:45:32.027	0.84051	0.84052			6
2024.09.20	01:45:45.543	0.84050	0.84051			6
2024.09.20	01:46:00.394	0.84050				2
2024.09.20	01:46:44.209	0.84051	0.84052			6
2024.09.20	01:46:55.978	0.84052	0.84053			6
2024.09.20	01:46:56.414	0.84051	0.84052			6
2024.09.20	01:47:04.197	0.84051				2
2024.09.20	01:47:13.623	0.84052	0.84053			6
2024.09.20	01:47:16.669	0.84051	0.84052			6
2024.09.20	01:47:21.261	0.84052	0.84053			6
2024.09.20	01:48:00.419	0.84052				2
2024.09.20	01:48:10.762	0.84047	0.84048			6
2024.09.20	01:48:19.916	0.84048	0.84049			6
2024.09.20	01:49:00.434	0.84050	0.84051			6
2024.09.20	01:49:26.784	0.84051	0.84052			6
2024.09.20	01:49:31.402	0.84052	0.84053			6
2024.09.20	01:49:32.989	0.84051	0.84052			6
2024.09.20	01:49:34.015	0.84050	0.84051			6
2024.09.20	01:49:42.004	0.84051	0.84052			6
2024.09.20	01:49:42.597	0.84050	0.84051			6
2024.09.20	01:49:45.680	0.84051	0.84052			6
2024.09.20	01:50:00.991	0.84051				2
2024.09.20	01:50:12.707	0.84052	0.84053			6
2024.09.20	01:50:15.379	0.84053	0.84054			6
2024.09.20	01:50:24.670	0.84052	0.84053			6
2024.09.20	01:50:26.029	0.84050	0.84051			6
2024.09.20	01:50:42.924	0.84051	0.84052			6
2024.09.20	01:51:02.263	0.84051				2
2024.09.20	01:51:47.003		0.84052			4
2024.09.20	01:52:00.385	0.84051				2
2024.09.20	01:52:16.045	0.84052	0.84053			6
2024.09.20	01:52:57.862	0.84053	0.84054			6
2024.09.20	01:53:02.598	0.84053				2
2024.09.20	01:53:23.971	0.84049	0.84050			6
2024.09.20	01:53:43.875	0.84048	0.84049			6
2024.09.20	01:53:44.380	0.84049	0.84050			6
2024.09.20	01:53:46.170	0.84048	0.84049			6
2024.09.20	01:53:49.466	0.84049	0.84050			6
2024.09.20	01:53:53.762	0.84050	0.84051			6
2024.09.20	01:53:55.990	0.84049	0.84050			6
2024.09.20	01:54:00.751	0.84049				2
2024.09.20	01:54:32.012	0.84048	0.84049			6
2024.09.20	01:54:42.959	0.84049	0.84050			6
2024.09.20	01:55:00.421	0.84049				2
2024.09.20	01:55:00.837	0.84050	0.84051			6
2024.09.20	01:55:01.622	0.84049	0.84050			6
2024.09.20	01:55:17.367	0.84047	0.84048			6
2024.09.20	01:56:00.034	0.84047				2
2024.09.20	01:56:01.997	0.84048	0.84049			6
2024.09.20	01:56:13.901	0.84049	0.84050			6
2024.09.20	01:56:25.636	0.84048	0.84049			6
2024.09.20	01:56:34.046	0.84047	0.84048			6
2024.09.20	01:56:43.553	0.84048	0.84049			6
2024.09.20	01:57:01.756	0.84048				2
2024.09.20	01:57:10.906	0.84047	0.84048			6
2024.09.20	01:57:16.466	0.84045	0.84046			6
2024.09.20	01:57:17.064	0.84044	0.84045			6
2024.09.20	01:57:57.405	0.84048	0.84049			6
2024.09.20	01:58:00.386	0.84048				2
2024.09.20	01:58:57.790		0.84049			4
2024.09.20	01:59:00.250	0.84048				2
2024.09.20	01:59:07.656	0.84047				2
2024.09.20	01:59:08.964	0.84048				2
2024.09.20	01:59:14.542	0.84047	0.84050			6
2024.09.20	01:59:18.430	0.84048				2
2024.09.20	01:59:19.063	0.84047				2
2024.09.20	01:59:21.682	0.84048				2
2024.09.20	01:59:32.363		0.84049			4
2024.09.20	01:59:40.677	0.84047	0.84048			6
2024.09.20	01:59:45.685	0.84048	0.84049			6
2024.09.20	01:59:47.381	0.84049	0.84050			6
2024.09.20	02:00:00.220	0.84049				2
2024.09.20	02:00:05.061	0.84048	0.84049			6
2024.09.20	02:00:06.385	0.84051	0.84052			6
2024.09.20	02:00:11.013	0.84048	0.84049			6
2024.09.20	02:00:13.021	0.84049	0.84050			6
2024.09.20	02:00:17.021	0.84048	0.84049			6
2024.09.20	02:00:34.111	0.84049	0.84050			6
2024.09.20	02:00:35.853	0.84050	0.84051			6
2024.09.20	02:00:40.087	0.84049	0.84050			6
2024.09.20	02:00:40.423	0.84050	0.84051			6
2024.09.20	02:00:41.039	0.84049	0.84050			6
2024.09.20	02:00:44.147	0.84050	0.84051			6
2024.09.20	02:00:46.262	0.84049	0.84050			6
2024.09.20	02:01:00.285	0.84049				2
2024.09.20	02:01:01.434	0.84046				2
2024.09.20	02:01:02.010		0.84051			4
2024.09.20	02:01:02.312	0.84050				2
2024.09.20	02:01:21.958	0.84051	0.84052			6
2024.09.20	02:01:37.258	0.84049	0.84050			6
2024.09.20	02:01:38.022	0.84050	0.84051			6
2024.09.20	02:01:52.106	0.84051	0.84052			6
2024.09.20	02:01:57.521	0.84050	0.84051			6
2024.09.20	02:01:58.112	0.84049	0.84050			6
2024.09.20	02:02:00.074	0.84049				2
2024.09.20	02:02:07.038	0.84050	0.84051			6
2024.09.20	02:02:07.368	0.84049	0.84050			6
2024.09.20	02:02:07.751	0.84048	0.84049			6
2024.09.20	02:02:08.105	0.84049	0.84050			6
2024.09.20	02:02:14.800	0.84046	0.84047			6
2024.09.20	02:02:35.980	0.84048	0.84049			6
2024.09.20	02:02:36.293	0.84047	0.84048			6
2024.09.20	02:02:36.602	0.84046	0.84047			6
2024.09.20	02:02:56.387	0.84045	0.84046			6
2024.09.20	02:02:57.957	0.84046	0.84047			6
2024.09.20	02:02:58.302	0.84045	0.84046			6
2024.09.20	02:02:58.603	0.84046	0.84047			6
2024.09.20	02:02:58.909	0.84045	0.84046			6
2024.09.20	02:02:59.611	0.84044	0.84045			6
2024.09.20	02:03:00.388	0.84044				2
2024.09.20	02:03:04.996	0.84045	0.84046			6
2024.09.20	02:03:05.493	0.84044	0.84045			6
2024.09.20	02:03:21.727	0.84045	0.84046			6
2024.09.20	02:03:47.140	0.84043				2
2024.09.20	02:03:49.397	0.84045				2
2024.09.20	02:04:02.727	0.84045				2
2024.09.20	02:04:13.219	0.84044	0.84045			6
2024.09.20	02:04:14.125	0.84045	0.84046			6
2024.09.20	02:04:16.269	0.84046	0.84047			6
2024.09.20	02:04:16.583	0.84049	0.84050			6
2024.09.20	02:04:17.032	0.84050	0.84051			6
2024.09.20	02:04:18.772	0.84051	0.84052			6
2024.09.20	02:04:33.377	0.84048	0.84051			6
2024.09.20	02:04:35.667	0.84051	0.84052			6
2024.09.20	02:04:43.860	0.84050	0.84051			6
2024.09.20	02:04:45.655	0.84049	0.84050			6
2024.09.20	02:04:46.545	0.84050	0.84051			6
2024.09.20	02:04:47.296	0.84049	0.84050			6
2024.09.20	02:04:52.220	0.84050	0.84051			6
2024.09.20	02:04:59.204	0.84049	0.84050			6
2024.09.20	02:05:00.458	0.84049				2
2024.09.20	02:05:16.356	0.84050	0.84051			6
2024.09.20	02:05:21.271	0.84051	0.84052			6
2024.09.20	02:05:22.129	0.84050	0.84051			6
2024.09.20	02:05:27.549	0.84051	0.84052			6
2024.09.20	02:06:02.499	0.84051				2
2024.09.20	02:06:28.026		0.84052			4
2024.09.20	02:07:00.460	0.84051				2
2024.09.20	02:07:01.449	0.84050	0.84051			6
2024.09.20	02:07:08.332	0.84051	0.84052			6
2024.09.20	02:07:08.835	0.84050	0.84051			6
2024.09.20	02:07:30.833	0.84048	0.84049			6
2024.09.20	02:07:31.458	0.84049	0.84050			6
2024.09.20	02:07:38.985	0.84048	0.84049			6
2024.09.20	02:08:00.081	0.84048				2
2024.09.20	02:08:19.881	0.84049	0.84050			6
2024.09.20	02:08:20.198	0.84050	0.84051			6
2024.09.20	02:08:27.885	0.84051	0.84052			6
2024.09.20	02:08:30.322	0.84052	0.84053			6
2024.09.20	02:08:33.807	0.84050	0.84051			6
2024.09.20	02:08:52.705	0.84051	0.84052			6
2024.09.20	02:09:02.316	0.84051				2
2024.09.20	02:09:29.398	0.84050	0.84051			6
2024.09.20	02:09:38.587	0.84049	0.84050			6
2024.09.20	02:09:43.407	0.84048	0.84049			6
2024.09.20	02:09:54.379	0.84047	0.84048			6
2024.09.20	02:09:55.992	0.84048	0.84049			6
2024.09.20	02:09:58.497	0.84049	0.84050			6
2024.09.20	02:10:00.318	0.84049				2
2024.09.20	02:10:17.679	0.84048	0.84049			6
2024.09.20	02:10:19.020	0.84045	0.84046			6
2024.09.20	02:10:19.670	0.84044	0.84045			6
2024.09.20	02:10:22.471	0.84045	0.84046			6
2024.09.20	02:10:41.118	0.84044	0.84045			6
2024.09.20	02:10:56.660	0.84045	0.84046			6
2024.09.20	02:10:58.912	0.84044	0.84045			6
2024.09.20	02:11:01.755	0.84044				2
2024.09.20	02:11:16.322	0.84046	0.84047			6
2024.09.20	02:11:59.471	0.84045	0.84046			6
2024.09.20	02:12:00.320	0.84045				2
2024.09.20	02:12:01.382	0.84044	0.84045			6
2024.09.20	02:12:03.176	0.84042	0.84043			6
2024.09.20	02:12:21.901	0.84044	0.84045			6
2024.09.20	02:12:22.297	0.84045	0.84046			6
2024.09.20	02:13:01.954	0.84045				2
2024.09.20	02:13:04.855	0.84044	0.84045			6
2024.09.20	02:13:05.997	0.84043	0.84044			6
2024.09.20	02:13:07.646	0.84044	0.84045			6
2024.09.20	02:13:08.426	0.84045	0.84046			6
2024.09.20	02:13:21.983	0.84044	0.84045			6
2024.09.20	02:13:32.558	0.84045	0.84046			6
2024.09.20	02:13:37.001	0.84042	0.84043			6
2024.09.20	02:13:51.203	0.84041	0.84042			6
2024.09.20	02:14:01.178	0.84041				2
2024.09.20	02:14:47.161	0.84042	0.84043			6
2024.09.20	02:14:52.643	0.84041	0.84042			6
2024.09.20	02:14:54.282	0.84042	0.84043			6
2024.09.20	02:14:57.196	0.84041	0.84042			6
2024.09.20	02:14:57.841	0.84040	0.84041			6
2024.09.20	02:14:58.379	0.84041	0.84042			6
2024.09.20	02:15:00.827	0.84041				2
2024.09.20	02:15:10.989	0.84040	0.84041			6
2024.09.20	02:15:11.406	0.84041	0.84042			6
2024.09.20	02:15:25.171	0.84042	0.84043			6
2024.09.20	02:15:41.139	0.84043	0.84044			6
2024.09.20	02:15:41.753	0.84042	0.84043			6
2024.09.20	02:15:53.562	0.84043	0.84044			6
2024.09.20	02:15:54.159	0.84041	0.84042			6
2024.09.20	02:15:54.986	0.84042	0.84043			6
2024.09.20	02:15:59.444	0.84041	0.84042			6
2024.09.20	02:16:00.388	0.84041				2
2024.09.20	02:16:58.202	0.84040	0.84041			6
2024.09.20	02:17:01.657	0.84040				2
2024.09.20	02:17:04.297	0.84041	0.84042			6
2024.09.20	02:18:00.417	0.84041				2
2024.09.20	02:18:07.112		0.84042			4
2024.09.20	02:19:02.067	0.84041				2
2024.09.20	02:19:07.470		0.84042			4
2024.09.20	02:19:14.985	0.84038	0.84039			6
2024.09.20	02:19:16.355	0.84037	0.84038			6
2024.09.20	02:19:20.017	0.84039	0.84040			6
2024.09.20	02:20:00.167	0.84039				2
2024.09.20	02:20:20.093		0.84040			4
2024.09.20	02:21:00.141	0.84039				2
2024.09.20	02:21:20.708		0.84040			4
2024.09.20	02:21:50.742	0.84042	0.84043			6
2024.09.20	02:22:00.359	0.84042				2
2024.09.20	02:22:07.982	0.84041	0.84042			6
2024.09.20	02:22:20.402	0.84042	0.84043			6
2024.09.20	02:22:34.274	0.84043	0.84044			6
2024.09.20	02:23:00.192	0.84043				2
2024.09.20	02:23:11.790	0.84044	0.84045			6
2024.09.20	02:23:15.071	0.84045	0.84046			6
2024.09.20	02:23:53.436	0.84044	0.84045			6
2024.09.20	02:23:53.742	0.84040	0.84041			6
2024.09.20	02:24:00.315	0.84040				2
2024.09.20	02:24:21.486	0.84041	0.84042			6
2024.09.20	02:24:33.729	0.84040	0.84041			6
2024.09.20	02:24:34.411	0.84041	0.84042			6
2024.09.20	02:24:43.362	0.84040	0.84041			6
2024.09.20	02:24:47.885	0.84041	0.84042			6
2024.09.20	02:24:48.908	0.84040	0.84041			6
2024.09.20	02:24:51.223	0.84038	0.84039			6
2024.09.20	02:24:51.538	0.84039	0.84040			6
2024.09.20	02:24:51.970	0.84041	0.84042			6
2024.09.20	02:24:53.212	0.84040	0.84041			6
2024.09.20	02:24:57.901	0.84041	0.84042			6
2024.09.20	02:25:00.841	0.84041				2
2024.09.20	02:25:20.242	0.84042	0.84043			6
2024.09.20	02:25:20.890	0.84045	0.84046			6
2024.09.20	02:25:46.878	0.84046	0.84047			6
2024.09.20	02:25:47.382	0.84045	0.84046			6
2024.09.20	02:25:47.886	0.84043	0.84044			6
2024.09.20	02:25:56.413	0.84044	0.84045			6
2024.09.20	02:25:56.897	0.84043	0.84044			6
2024.09.20	02:25:59.700	0.84044	0.84045			6
2024.09.20	02:26:00.083	0.84044				2
2024.09.20	02:26:54.456	0.84042	0.84043			6
2024.09.20	02:27:00.983	0.84043	0.84044			6
2024.09.20	02:27:18.028	0.84044	0.84045			6
2024.09.20	02:28:01.723	0.84044				2
2024.09.20	02:28:18.605		0.84045			4
2024.09.20	02:28:21.678	0.84043	0.84044			6
2024.09.20	02:28:22.221	0.84042	0.84043			6
2024.09.20	02:29:00.796	0.84042				2
2024.09.20	02:29:03.876	0.84043	0.84044			6
2024.09.20	02:29:05.676	0.84042	0.84043			6
2024.09.20	02:29:06.845	0.84039	0.84040			6
2024.09.20	02:29:10.743	0.84040	0.84041			6
2024.09.20	02:29:11.078	0.84041	0.84042			6
2024.09.20	02:29:30.657	0.84039	0.84041			6
2024.09.20	02:29:30.967		0.84042			4
2024.09.20	02:29:32.220	0.84041				2
2024.09.20	02:29:48.005	0.84040	0.84041			6
2024.09.20	02:29:48.343	0.84042	0.84043			6
2024.09.20	02:30:00.280	0.84038	0.84042			6
2024.09.20	02:30:01.640	0.84040	0.84044			6
2024.09.20	02:30:04.126	0.84044	0.84045			6
2024.09.20	02:30:07.784	0.84045	0.84046			6
2024.09.20	02:30:17.128	0.84044				2
2024.09.20	02:30:17.898	0.84045				2
2024.09.20	02:30:27.521	0.84044	0.84045			6
2024.09.20	02:30:29.434	0.84045	0.84046			6
2024.09.20	02:30:40.831	0.84044	0.84045			6
2024.09.20	02:30:41.845	0.84037	0.84039			6
2024.09.20	02:30:42.161	0.84036				2
2024.09.20	02:30:43.004		0.84040			4
2024.09.20	02:30:44.978	0.84039				2
2024.09.20	02:30:45.655	0.84038	0.84039			6
2024.09.20	02:30:45.963	0.84036	0.84037			6
2024.09.20	02:30:54.192	0.84038	0.84039			6
2024.09.20	02:31:00.284	0.84038				2
2024.09.20	02:31:04.247	0.84039	0.84040			6
2024.09.20	02:31:04.618	0.84040	0.84041			6
2024.09.20	02:31:18.346	0.84039	0.84040			6
2024.09.20	02:31:19.458	0.84040	0.84041			6
2024.09.20	02:31:23.666	0.84039	0.84040			6
2024.09.20	02:31:29.981	0.84036	0.84037			6
2024.09.20	02:32:00.078	0.84036				2
2024.09.20	02:32:31.242		0.84037			4
2024.09.20	02:33:00.757	0.84036				2
2024.09.20	02:33:01.107	0.84035	0.84036			6
2024.09.20	02:33:02.301	0.84036	0.84037			6
2024.09.20	02:33:03.014	0.84035	0.84036			6
2024.09.20	02:33:13.106	0.84034	0.84035			6
2024.09.20	02:34:00.063	0.84034				2
2024.09.20	02:34:13.246		0.84035			4
2024.09.20	02:34:46.297	0.84033	0.84034			6
2024.09.20	02:34:51.754	0.84034	0.84035			6
2024.09.20	02:35:00.418	0.84034				2
2024.09.20	02:35:03.733	0.84033	0.84034			6
2024.09.20	02:35:10.971	0.84034	0.84035			6
2024.09.20	02:35:12.459	0.84033	0.84034			6
2024.09.20	02:35:14.340	0.84034	0.84035			6
2024.09.20	02:35:14.959	0.84032	0.84033			6
2024.09.20	02:35:15.748	0.84031	0.84032			6
2024.09.20	02:35:19.724	0.84030	0.84031			6
2024.09.20	02:35:29.791	0.84031	0.84032			6
2024.09.20	02:35:30.881	0.84030	0.84031			6
2024.09.20	02:35:38.884	0.84029	0.84030			6
2024.09.20	02:35:48.957	0.84031	0.84032			6
2024.09.20	02:35:49.360	0.84030	0.84031			6
2024.09.20	02:36:00.416	0.84030				2
2024.09.20	02:36:33.648	0.84031	0.84032			6
2024.09.20	02:36:38.392	0.84030	0.84031			6
2024.09.20	02:36:39.288	0.84031	0.84032			6
2024.09.20	02:36:43.922	0.84032	0.84033			6
2024.09.20	02:36:49.998	0.84033	0.84034			6
2024.09.20	02:37:00.354	0.84033				2
2024.09.20	02:37:01.622	0.84032	0.84033			6
2024.09.20	02:37:06.757	0.84033	0.84034			6
2024.09.20	02:37:25.644	0.84034	0.84035			6
2024.09.20	02:37:33.727	0.84033	0.84034			6
2024.09.20	02:37:42.371	0.84032	0.84033			6
2024.09.20	02:37:42.676	0.84033	0.84034			6
2024.09.20	02:37:47.502	0.84032	0.84033			6
2024.09.20	02:37:48.575	0.84033	0.84034			6
2024.09.20	02:37:49.087	0.84032	0.84033			6
2024.09.20	02:38:00.700	0.84032				2
2024.09.20	02:38:03.546	0.84030	0.84031			6
2024.09.20	02:38:17.207	0.84029	0.84030			6
2024.09.20	02:38:46.910	0.84030	0.84031			6
2024.09.20	02:38:49.915	0.84028	0.84029			6
2024.09.20	02:39:02.168	0.84029	0.84030			6
2024.09.20	02:39:02.493	0.84028	0.84029			6
2024.09.20	02:39:11.085	0.84029	0.84030			6
2024.09.20	02:39:40.415	0.84030	0.84031			6
2024.09.20	02:39:55.466	0.84032	0.84033			6
2024.09.20	02:39:55.774	0.84034	0.84035			6
2024.09.20	02:40:00.476	0.84034				2
2024.09.20	02:40:17.299	0.84035	0.84036			6
2024.09.20	02:40:33.390	0.84036	0.84037			6
2024.09.20	02:41:00.426	0.84036				2
2024.09.20	02:41:08.447	0.84035	0.84036			6
2024.09.20	02:41:55.406	0.84034	0.84035			6
2024.09.20	02:42:00.401	0.84034				2
2024.09.20	02:42:11.760	0.84035	0.84036			6
2024.09.20	02:42:50.052	0.84036	0.84037			6
2024.09.20	02:43:00.586	0.84036				2
2024.09.20	02:43:34.329	0.84037	0.84038			6
2024.09.20	02:44:02.848	0.84037				2
2024.09.20	02:44:04.925	0.84036	0.84037			6
2024.09.20	02:44:07.959	0.84037	0.84038			6
2024.09.20	02:44:08.646	0.84036	0.84037			6
2024.09.20	02:44:23.430	0.84035	0.84036			6
2024.09.20	02:44:35.705	0.84036	0.84037			6
2024.09.20	02:45:00.137	0.84036				2
2024.09.20	02:45:02.698	0.84031	0.84032			6
2024.09.20	02:45:07.044	0.84030	0.84031			6
2024.09.20	02:45:07.976	0.84031	0.84032			6
2024.09.20	02:45:08.310	0.84030	0.84031			6
2024.09.20	02:45:08.755	0.84031	0.84032			6
2024.09.20	02:45:10.078	0.84030	0.84031			6
2024.09.20	02:45:12.406	0.84031	0.84032			6
2024.09.20	02:45:13.878	0.84030	0.84031			6
2024.09.20	02:45:14.721	0.84031	0.84032			6
2024.09.20	02:45:15.993	0.84032	0.84033			6
2024.09.20	02:45:23.634	0.84031	0.84032			6
2024.09.20	02:45:23.958	0.84032	0.84033			6
2024.09.20	02:45:24.283	0.84031	0.84032			6
2024.09.20	02:45:26.702	0.84030	0.84031			6
2024.09.20	02:45:37.006	0.84029	0.84030			6
2024.09.20	02:45:43.341	0.84030	0.84031			6
2024.09.20	02:45:46.591	0.84029	0.84030			6
2024.09.20	02:46:00.426	0.84029				2
2024.09.20	02:46:39.540	0.84030	0.84031			6
2024.09.20	02:47:00.014	0.84030				2
2024.09.20	02:47:09.512	0.84029	0.84030			6
2024.09.20	02:47:10.277	0.84030	0.84031			6
2024.09.20	02:47:14.863	0.84029	0.84030			6
2024.09.20	02:47:15.756	0.84030	0.84031			6
2024.09.20	02:47:17.503	0.84029	0.84030			6
2024.09.20	02:47:51.182	0.84030	0.84031			6
2024.09.20	02:47:53.444	0.84029	0.84030			6
2024.09.20	02:47:56.863	0.84030	0.84031			6
2024.09.20	02:48:00.641	0.84030				2
2024.09.20	02:48:08.915	0.84029	0.84030			6
2024.09.20	02:48:10.127	0.84030	0.84031			6
2024.09.20	02:48:11.250	0.84029	0.84030			6
2024.09.20	02:48:11.952	0.84030	0.84031			6
2024.09.20	02:48:21.775	0.84029	0.84030			6
2024.09.20	02:48:22.336	0.84030	0.84031			6
2024.09.20	02:48:35.811	0.84029	0.84030			6
2024.09.20	02:49:00.146	0.84029				2
2024.09.20	02:49:33.083	0.84031	0.84032			6
2024.09.20	02:49:38.387	0.84030	0.84031			6
2024.09.20	02:49:40.977	0.84031	0.84032			6
2024.09.20	02:49:48.275	0.84030	0.84031			6
2024.09.20	02:49:54.280	0.84031	0.84032			6
2024.09.20	02:49:55.691	0.84032	0.84033			6
2024.09.20	02:49:56.187	0.84031	0.84032			6
2024.09.20	02:49:57.090	0.84032	0.84033			6
2024.09.20	02:49:57.403	0.84031	0.84032			6
2024.09.20	02:50:01.421	0.84032	0.84033			6
2024.09.20	02:50:15.240	0.84031	0.84032			6
2024.09.20	02:50:16.821	0.84032	0.84033			6
2024.09.20	02:50:20.681	0.84034	0.84035			6
2024.09.20	02:50:28.590	0.84035	0.84036			6
2024.09.20	02:50:37.784	0.84033	0.84034			6
2024.09.20	02:50:42.300	0.84034	0.84035			6
2024.09.20	02:50:44.419	0.84033	0.84034			6
2024.09.20	02:51:00.411	0.84033				2
2024.09.20	02:51:10.964	0.84032	0.84033			6
2024.09.20	02:51:18.055	0.84031	0.84032			6
2024.09.20	02:51:26.409	0.84030	0.84031			6
2024.09.20	02:51:46.439	0.84029	0.84030			6
2024.09.20	02:51:47.761	0.84030	0.84031			6
2024.09.20	02:51:50.812	0.84031	0.84032			6
2024.09.20	02:51:52.941	0.84034	0.84035			6
2024.09.20	02:51:53.586	0.84035	0.84036			6
2024.09.20	02:51:55.694	0.84034	0.84035			6
2024.09.20	02:52:00.371	0.84034				2
2024.09.20	02:52:13.740	0.84035	0.84036			6
2024.09.20	02:52:23.662	0.84034	0.84035			6
2024.09.20	02:52:33.525	0.84035	0.84036			6
2024.09.20	02:52:52.520	0.84034	0.84035			6
2024.09.20	02:53:00.203	0.84034				2
2024.09.20	02:53:08.001	0.84033	0.84034			6
2024.09.20	02:53:10.100	0.84034	0.84035			6
2024.09.20	02:53:21.059	0.84035	0.84036			6
2024.09.20	02:53:21.371	0.84033	0.84034			6
2024.09.20	02:53:31.607	0.84032	0.84033			6
2024.09.20	02:53:31.911	0.84030	0.84031			6
2024.09.20	02:53:36.786	0.84029	0.84030			6
2024.09.20	02:53:40.061	0.84030	0.84031			6
2024.09.20	02:53:40.614	0.84031	0.84032			6
2024.09.20	02:53:43.371	0.84032	0.84033			6
2024.09.20	02:53:45.711	0.84030	0.84031			6
2024.09.20	02:53:46.210	0.84031	0.84032			6
2024.09.20	02:53:46.540	0.84030	0.84031			6
2024.09.20	02:53:47.014	0.84031	0.84032			6
2024.09.20	02:53:49.006	0.84032	0.84033			6
2024.09.20	02:53:49.337	0.84033	0.84035			6
2024.09.20	02:53:50.358	0.84034				2
2024.09.20	02:53:52.477	0.84035	0.84036			6
2024.09.20	02:53:55.557	0.84034	0.84035			6
2024.09.20	02:54:00.050	0.84034				2
2024.09.20	02:54:00.912	0.84033	0.84034			6
2024.09.20	02:54:07.201	0.84034	0.84035			6
2024.09.20	02:54:19.900	0.84031	0.84032			6
2024.09.20	02:54:23.460	0.84032	0.84033			6
2024.09.20	02:54:45.634	0.84031	0.84032			6
2024.09.20	02:54:46.246	0.84032	0.84033			6
2024.09.20	02:54:58.188	0.84033	0.84034			6
2024.09.20	02:54:58.526	0.84032	0.84033			6
2024.09.20	02:55:00.354	0.84032				2
2024.09.20	02:55:15.778	0.84031	0.84032			6
2024.09.20	02:55:16.389	0.84032	0.84033			6
2024.09.20	02:55:31.529	0.84031	0.84032			6
2024.09.20	02:55:37.992	0.84030	0.84031			6
2024.09.20	02:56:00.120	0.84030				2
2024.09.20	02:56:38.825		0.84031			4
2024.09.20	02:56:42.514	0.84029	0.84030			6
2024.09.20	02:56:49.536	0.84030	0.84031			6
2024.09.20	02:57:01.076	0.84030				2
2024.09.20	02:57:16.767	0.84032	0.84033			6
2024.09.20	02:57:34.379	0.84031				2
2024.09.20	02:57:34.687	0.84032				2
2024.09.20	02:57:45.368	0.84033	0.84034			6
2024.09.20	02:57:51.580	0.84032	0.84033			6
2024.09.20	02:57:52.360	0.84033	0.84034			6
2024.09.20	02:57:59.467	0.84032	0.84033			6
2024.09.20	02:58:00.308	0.84032				2
2024.09.20	02:58:01.744	0.84033	0.84034			6
2024.09.20	02:58:14.794	0.84032	0.84033			6
2024.09.20	02:58:32.385	0.84033	0.84034			6
2024.09.20	02:58:55.863	0.84034	0.84035			6
2024.09.20	02:59:00.563	0.84034				2
2024.09.20	02:59:09.903	0.84033	0.84034			6
2024.09.20	02:59:12.470	0.84034	0.84035			6
2024.09.20	02:59:13.388	0.84030	0.84031			6
2024.09.20	02:59:32.677	0.84028	0.84029			6
2024.09.20	02:59:36.292	0.84026	0.84027			6
2024.09.20	02:59:36.599	0.84025	0.84026			6
2024.09.20	02:59:37.386	0.84024	0.84025			6
2024.09.20	02:59:37.719	0.84025	0.84026			6
2024.09.20	02:59:41.900	0.84024	0.84025			6
2024.09.20	03:00:00.336	0.84025	0.84026			6
2024.09.20	03:00:04.529	0.84024	0.84025			6
2024.09.20	03:00:04.866	0.84025	0.84026			6
2024.09.20	03:00:05.197	0.84024	0.84025			6
2024.09.20	03:00:06.213	0.84025	0.84026			6
2024.09.20	03:00:06.527	0.84023	0.84024			6
2024.09.20	03:00:06.846	0.84024	0.84025			6
2024.09.20	03:00:13.962	0.84025	0.84026			6
2024.09.20	03:00:16.161	0.84023	0.84024			6
2024.09.20	03:00:23.003	0.84024	0.84025			6
2024.09.20	03:00:30.873	0.84025	0.84026			6
2024.09.20	03:00:31.611	0.84024	0.84025			6
2024.09.20	03:00:32.422	0.84025	0.84026			6
2024.09.20	03:00:36.388	0.84024	0.84025			6
2024.09.20	03:00:38.617	0.84025	0.84026			6
2024.09.20	03:00:45.526	0.84024	0.84025			6
2024.09.20	03:00:47.572	0.84028	0.84029			6
2024.09.20	03:00:47.887	0.84026	0.84027			6
2024.09.20	03:00:52.261	0.84025	0.84026			6
2024.09.20	03:00:56.154	0.84022	0.84023			6
2024.09.20	03:00:56.769	0.84023	0.84024			6
2024.09.20	03:00:57.751	0.84024	0.84025			6
2024.09.20	03:00:58.081	0.84023	0.84024			6
2024.09.20	03:00:58.386	0.84024	0.84025			6
2024.09.20	03:00:58.731	0.84023	0.84024			6
2024.09.20	03:00:59.035	0.84024	0.84025			6
2024.09.20	03:00:59.752	0.84023	0.84024			6
2024.09.20	03:01:00.086	0.84023				2
2024.09.20	03:01:01.608	0.84024	0.84025			6
2024.09.20	03:01:02.380	0.84025	0.84026			6
2024.09.20	03:01:03.038	0.84026	0.84027			6
2024.09.20	03:01:17.417	0.84025	0.84026			6
2024.09.20	03:01:21.642	0.84026	0.84027			6
2024.09.20	03:01:21.945	0.84027	0.84028			6
2024.09.20	03:01:22.245	0.84026	0.84027			6
2024.09.20	03:01:23.498	0.84027	0.84028			6
2024.09.20	03:01:24.117	0.84029	0.84030			6
2024.09.20	03:01:24.822	0.84028	0.84029			6
2024.09.20	03:01:26.919	0.84029	0.84030			6
2024.09.20	03:01:28.195	0.84028	0.84029			6
2024.09.20	03:01:34.118	0.84030	0.84031			6
2024.09.20	03:01:36.896	0.84034	0.84035			6
2024.09.20	03:01:39.432	0.84035	0.84036			6
2024.09.20	03:01:39.746	0.84036	0.84037			6
2024.09.20	03:01:40.063	0.84035	0.84036			6
2024.09.20	03:01:40.821	0.84037	0.84038			6
2024.09.20	03:01:42.949	0.84038	0.84039			6
2024.09.20	03:01:43.261	0.84037	0.84038			6
2024.09.20	03:01:43.642	0.84038	0.84039			6
2024.09.20	03:01:44.946	0.84039	0.84040			6
2024.09.20	03:01:47.384	0.84040	0.84041			6
2024.09.20	03:01:49.839	0.84039	0.84040			6
2024.09.20	03:02:00.041	0.84039				2
2024.09.20	03:02:03.264	0.84040	0.84041			6
2024.09.20	03:02:03.944	0.84041	0.84042			6
2024.09.20	03:02:05.493	0.84040	0.84041			6
2024.09.20	03:02:06.198	0.84041	0.84042			6
2024.09.20	03:02:13.336	0.84037	0.84038			6
2024.09.20	03:02:13.948	0.84036	0.84037			6
2024.09.20	03:02:14.962	0.84039	0.84040			6
2024.09.20	03:02:19.380	0.84036	0.84037			6
2024.09.20	03:02:20.808	0.84040	0.84041			6
2024.09.20	03:02:23.810	0.84041	0.84042			6
2024.09.20	03:02:30.741	0.84042	0.84043			6
2024.09.20	03:02:31.800	0.84041	0.84042			6
2024.09.20	03:02:33.606	0.84042	0.84043			6
2024.09.20	03:02:34.738	0.84044	0.84045			6
2024.09.20	03:02:37.016	0.84045	0.84046			6
2024.09.20	03:02:37.427	0.84046	0.84047			6
2024.09.20	03:02:39.424	0.84045	0.84046			6
2024.09.20	03:02:40.625	0.84044	0.84045			6
2024.09.20	03:02:42.282	0.84043	0.84044			6
2024.09.20	03:02:42.603	0.84042	0.84043			6
2024.09.20	03:02:48.041	0.84041	0.84042			6
2024.09.20	03:02:52.800	0.84042	0.84043			6
2024.09.20	03:02:59.287	0.84041	0.84042			6
2024.09.20	03:03:00.267	0.84041				2
2024.09.20	03:03:01.772	0.84042	0.84043			6
2024.09.20	03:03:05.926	0.84041	0.84042			6
2024.09.20	03:03:06.981	0.84042	0.84043			6
2024.09.20	03:03:08.232	0.84041	0.84042			6
2024.09.20	03:03:08.722	0.84040	0.84041			6
2024.09.20	03:03:10.012	0.84042	0.84043			6
2024.09.20	03:03:20.819	0.84041	0.84042			6
2024.09.20	03:03:21.787	0.84042	0.84043			6
2024.09.20	03:03:22.863	0.84041	0.84042			6
2024.09.20	03:03:26.884	0.84042	0.84043			6
2024.09.20	03:03:50.910	0.84041	0.84042			6
2024.09.20	03:03:58.646	0.84040	0.84041			6
2024.09.20	03:04:00.325	0.84040				2
2024.09.20	03:04:00.885	0.84041	0.84042			6
2024.09.20	03:04:01.982	0.84040	0.84041			6
2024.09.20	03:04:03.482	0.84038	0.84039			6
2024.09.20	03:04:05.169	0.84040	0.84041			6
2024.09.20	03:04:07.211	0.84039	0.84040			6
2024.09.20	03:04:09.166	0.84036	0.84037			6
2024.09.20	03:04:12.000	0.84041	0.84042			6
2024.09.20	03:04:12.304	0.84040	0.84041			6
2024.09.20	03:04:17.192	0.84041	0.84042			6
2024.09.20	03:04:18.972	0.84042	0.84043			6
2024.09.20	03:04:37.265	0.84041	0.84042			6
2024.09.20	03:04:38.706	0.84042	0.84043			6
2024.09.20	03:04:48.798	0.84041	0.84042			6
2024.09.20	03:04:51.439	0.84042	0.84043			6
2024.09.20	03:05:01.756	0.84042				2
2024.09.20	03:05:07.401	0.84041	0.84042			6
2024.09.20	03:05:09.553	0.84040	0.84041			6
2024.09.20	03:05:23.241	0.84039	0.84040			6
2024.09.20	03:05:23.866	0.84040	0.84041			6
2024.09.20	03:05:24.328	0.84039	0.84040			6
2024.09.20	03:05:24.666	0.84040	0.84041			6
2024.09.20	03:05:25.384	0.84039	0.84040			6
2024.09.20	03:05:25.711	0.84040	0.84041			6
2024.09.20	03:05:26.153	0.84039	0.84040			6
2024.09.20	03:05:27.516	0.84040	0.84041			6
2024.09.20	03:05:27.944	0.84039	0.84040			6
2024.09.20	03:05:31.799	0.84040	0.84041			6
2024.09.20	03:05:33.231	0.84042	0.84043			6
2024.09.20	03:05:40.259	0.84041	0.84042			6
2024.09.20	03:05:40.961	0.84042	0.84043			6
2024.09.20	03:05:42.286	0.84041	0.84042			6
2024.09.20	03:05:51.716	0.84042	0.84043			6
2024.09.20	03:06:00.430	0.84042				2
2024.09.20	03:06:02.502	0.84041	0.84042			6
2024.09.20	03:06:03.081	0.84042	0.84043			6
2024.09.20	03:06:08.930	0.84040	0.84041			6
2024.09.20	03:06:11.378	0.84039	0.84040			6
2024.09.20	03:06:12.758	0.84041	0.84042			6
2024.09.20	03:06:17.301	0.84042	0.84043			6
2024.09.20	03:06:21.938	0.84041	0.84042			6
2024.09.20	03:06:32.880	0.84040	0.84043			6
2024.09.20	03:06:35.228	0.84042				2
2024.09.20	03:06:36.358	0.84041	0.84042			6
2024.09.20	03:06:39.653	0.84042	0.84043			6
2024.09.20	03:06:40.644	0.84043	0.84044			6
2024.09.20	03:06:42.592	0.84042	0.84043			6
2024.09.20	03:06:45.898	0.84043	0.84044			6
2024.09.20	03:06:49.298	0.84044	0.84045			6
2024.09.20	03:06:55.005	0.84045	0.84046			6
2024.09.20	03:06:56.076	0.84044	0.84045			6
2024.09.20	03:06:59.194	0.84048	0.84049			6
2024.09.20	03:06:59.504	0.84047	0.84048			6
2024.09.20	03:07:00.242	0.84047				2
2024.09.20	03:07:01.077	0.84048	0.84049			6
2024.09.20	03:07:03.196	0.84047	0.84048			6
2024.09.20	03:07:28.314	0.84046	0.84047			6
2024.09.20	03:07:31.112	0.84048	0.84049			6
2024.09.20	03:07:37.385	0.84049	0.84050			6
2024.09.20	03:07:40.479	0.84048	0.84049			6
2024.09.20	03:07:46.796	0.84049	0.84050			6
2024.09.20	03:07:50.499	0.84048	0.84049			6
2024.09.20	03:07:50.805	0.84047	0.84048			6
2024.09.20	03:07:53.733	0.84046	0.84047			6
2024.09.20	03:08:02.058	0.84046				2
2024.09.20	03:08:02.576	0.84047	0.84048			6
2024.09.20	03:08:02.889	0.84046	0.84047			6
2024.09.20	03:08:03.527	0.84047	0.84048			6
2024.09.20	03:08:03.887	0.84046	0.84047			6
2024.09.20	03:08:04.647	0.84047	0.84048			6
2024.09.20	03:08:07.256	0.84046	0.84047			6
2024.09.20	03:08:08.078	0.84045	0.84046			6
2024.09.20	03:08:25.672	0.84046	0.84047			6
2024.09.20	03:08:26.438	0.84047	0.84048			6
2024.09.20	03:08:32.575	0.84046	0.84047			6
2024.09.20	03:08:34.857	0.84047	0.84048			6
2024.09.20	03:08:37.829	0.84046	0.84047			6
2024.09.20	03:08:38.672	0.84045	0.84046			6
2024.09.20	03:08:52.860	0.84044	0.84045			6
2024.09.20	03:08:59.581	0.84045	0.84046			6
2024.09.20	03:09:00.004	0.84045				2
2024.09.20	03:09:00.713	0.84046	0.84047			6
2024.09.20	03:09:01.336	0.84047	0.84048			6
2024.09.20	03:09:04.400	0.84046	0.84047			6
2024.09.20	03:09:05.069	0.84047	0.84048			6
2024.09.20	03:09:05.610	0.84046	0.84047			6
2024.09.20	03:09:07.609	0.84047	0.84048			6
2024.09.20	03:09:08.969	0.84046	0.84047			6
2024.09.20	03:09:09.727	0.84047	0.84048			6
2024.09.20	03:09:16.752	0.84046	0.84047			6
2024.09.20	03:09:17.362	0.84047	0.84048			6
2024.09.20	03:09:19.091	0.84046	0.84047			6
2024.09.20	03:09:23.954	0.84047	0.84048			6
2024.09.20	03:09:31.260	0.84048	0.84049			6
2024.09.20	03:09:40.683	0.84049	0.84050			6
2024.09.20	03:09:41.389	0.84050	0.84051			6
2024.09.20	03:09:44.984	0.84051	0.84052			6
2024.09.20	03:09:45.427	0.84049	0.84050			6
2024.09.20	03:09:46.292	0.84051	0.84052			6
2024.09.20	03:09:46.594	0.84050	0.84051			6
2024.09.20	03:09:47.766	0.84051	0.84052			6
2024.09.20	03:09:48.353	0.84050	0.84051			6
2024.09.20	03:09:50.808	0.84051	0.84052			6
2024.09.20	03:10:00.118	0.84051				2
2024.09.20	03:10:09.588	0.84050	0.84051			6
2024.09.20	03:10:14.492	0.84049	0.84050			6
2024.09.20	03:10:15.102	0.84050	0.84051			6
2024.09.20	03:10:25.622	0.84049	0.84050			6
2024.09.20	03:10:28.268	0.84048	0.84049			6
2024.09.20	03:10:28.611	0.84049	0.84050			6
2024.09.20	03:10:39.116	0.84050	0.84051			6
2024.09.20	03:10:42.128	0.84051	0.84052			6
2024.09.20	03:10:46.847	0.84052	0.84053			6
2024.09.20	03:10:53.776	0.84051	0.84052			6
2024.09.20	03:10:57.863	0.84052	0.84053			6
2024.09.20	03:11:00.199	0.84052				2
2024.09.20	03:11:35.386	0.84054	0.84055			6
2024.09.20	03:11:35.757	0.84055	0.84056			6
2024.09.20	03:11:36.061	0.84057	0.84058			6
2024.09.20	03:12:00.444	0.84057				2
2024.09.20	03:12:01.443	0.84058	0.84059			6
2024.09.20	03:12:01.763	0.84061	0.84062			6
2024.09.20	03:12:02.066	0.84062	0.84063			6
2024.09.20	03:12:10.392	0.84061	0.84062			6
2024.09.20	03:12:11.948	0.84062	0.84063			6
2024.09.20	03:12:12.941	0.84061	0.84062			6
2024.09.20	03:12:25.047	0.84066	0.84067			6
2024.09.20	03:12:25.352	0.84065	0.84066			6
2024.09.20	03:12:25.656	0.84066	0.84067			6
2024.09.20	03:12:27.164	0.84065	0.84066			6
2024.09.20	03:12:29.902	0.84066	0.84067			6
2024.09.20	03:12:34.266	0.84065	0.84066			6
2024.09.20	03:12:34.878	0.84064	0.84065			6
2024.09.20	03:12:35.972	0.84063	0.84064			6
2024.09.20	03:12:36.359	0.84064	0.84065			6
2024.09.20	03:12:41.153	0.84063	0.84064			6
2024.09.20	03:12:43.225	0.84062	0.84063			6
2024.09.20	03:12:45.492	0.84063	0.84064			6
2024.09.20	03:12:50.163	0.84062	0.84063			6
2024.09.20	03:12:52.804	0.84061	0.84062			6
2024.09.20	03:13:00.170	0.84061				2
2024.09.20	03:13:00.983	0.84060	0.84061			6
2024.09.20	03:13:01.681	0.84061	0.84062			6
2024.09.20	03:13:04.347	0.84062	0.84063			6
2024.09.20	03:13:04.969	0.84061	0.84062			6
2024.09.20	03:13:25.837	0.84062	0.84063			6
2024.09.20	03:13:26.846	0.84063	0.84064			6
2024.09.20	03:13:27.163	0.84064	0.84065			6
2024.09.20	03:13:40.373	0.84065	0.84066			6
2024.09.20	03:13:40.731	0.84066	0.84067			6
2024.09.20	03:13:41.491	0.84065	0.84066			6
2024.09.20	03:13:46.346	0.84066	0.84067			6
2024.09.20	03:13:47.674	0.84065	0.84066			6
2024.09.20	03:14:00.210	0.84065				2
2024.09.20	03:14:01.370	0.84066	0.84067			6
2024.09.20	03:14:02.341	0.84065	0.84066			6
2024.09.20	03:14:02.643	0.84066	0.84067			6
2024.09.20	03:14:05.727	0.84065	0.84066			6
2024.09.20	03:14:06.045	0.84064	0.84065			6
2024.09.20	03:14:06.390	0.84065	0.84066			6
2024.09.20	03:14:06.702	0.84064	0.84065			6
2024.09.20	03:14:08.992	0.84065	0.84066			6
2024.09.20	03:14:09.305	0.84064	0.84065			6
2024.09.20	03:14:10.982	0.84063	0.84064			6
2024.09.20	03:14:12.696	0.84062	0.84063			6
2024.09.20	03:14:14.688	0.84061	0.84062			6
2024.09.20	03:14:15.300	0.84060	0.84061			6
2024.09.20	03:14:28.999	0.84061	0.84062			6
2024.09.20	03:14:29.627	0.84060	0.84061			6
2024.09.20	03:14:35.303	0.84061	0.84062			6
2024.09.20	03:14:35.901	0.84062	0.84063			6
2024.09.20	03:14:36.205	0.84060	0.84061			6
2024.09.20	03:14:46.095	0.84061	0.84062			6
2024.09.20	03:14:46.453	0.84060	0.84061			6
2024.09.20	03:14:46.889	0.84061	0.84062			6
2024.09.20	03:14:49.993	0.84060	0.84061			6
2024.09.20	03:14:51.770	0.84061	0.84062			6
2024.09.20	03:14:57.634	0.84060	0.84061			6
2024.09.20	03:14:57.942	0.84062	0.84063			6
2024.09.20	03:15:00.298	0.84062				2
2024.09.20	03:15:11.539	0.84061	0.84062			6
2024.09.20	03:15:13.062	0.84062	0.84063			6
2024.09.20	03:15:15.705	0.84063	0.84064			6
2024.09.20	03:15:16.745	0.84062	0.84063			6
2024.09.20	03:15:29.137	0.84061	0.84062			6
2024.09.20	03:15:39.178	0.84062	0.84063			6
2024.09.20	03:15:55.345	0.84061	0.84062			6
2024.09.20	03:15:55.683	0.84062	0.84063			6
2024.09.20	03:15:56.576	0.84061	0.84062			6
2024.09.20	03:15:58.788	0.84062	0.84063			6
2024.09.20	03:16:00.387	0.84062				2
2024.09.20	03:16:01.755	0.84061	0.84062			6
2024.09.20	03:16:19.261	0.84062	0.84063			6
2024.09.20	03:16:22.467	0.84060	0.84061			6
2024.09.20	03:16:39.455	0.84061	0.84062			6
2024.09.20	03:16:58.878	0.84060	0.84061			6
2024.09.20	03:16:59.183	0.84062	0.84063			6
2024.09.20	03:17:00.327	0.84062				2
2024.09.20	03:17:04.716	0.84059	0.84060			6
2024.09.20	03:17:05.030	0.84060	0.84061			6
2024.09.20	03:17:05.329	0.84061	0.84062			6
2024.09.20	03:17:07.059	0.84062	0.84063			6
2024.09.20	03:17:10.663	0.84061	0.84062			6
2024.09.20	03:17:12.109	0.84062	0.84063			6
2024.09.20	03:17:28.718	0.84060	0.84061			6
2024.09.20	03:17:29.327	0.84059	0.84060			6
2024.09.20	03:17:30.641	0.84058	0.84059			6
2024.09.20	03:17:30.953	0.84059	0.84060			6
2024.09.20	03:17:33.768	0.84058	0.84059			6
2024.09.20	03:17:35.173	0.84059	0.84060			6
2024.09.20	03:17:35.571	0.84058	0.84059			6
2024.09.20	03:17:37.060	0.84059	0.84060			6
2024.09.20	03:17:57.646	0.84060	0.84061			6
2024.09.20	03:17:57.966	0.84062	0.84063			6
2024.09.20	03:18:00.395	0.84062				2
2024.09.20	03:18:06.347	0.84060	0.84061			6
2024.09.20	03:18:06.964	0.84063	0.84064			6
2024.09.20	03:18:08.181	0.84062	0.84063			6
2024.09.20	03:18:10.366	0.84063	0.84064			6
2024.09.20	03:18:30.726	0.84061	0.84062			6
2024.09.20	03:18:47.742	0.84062	0.84063			6
2024.09.20	03:18:52.002	0.84060	0.84061			6
2024.09.20	03:19:00.026	0.84060				2
2024.09.20	03:19:01.129	0.84059	0.84060			6
2024.09.20	03:19:05.197	0.84056	0.84057			6
2024.09.20	03:19:11.403	0.84055	0.84056			6
2024.09.20	03:19:12.524	0.84052	0.84053			6
2024.09.20	03:19:21.330	0.84051	0.84052			6
2024.09.20	03:19:32.629	0.84050	0.84051			6
2024.09.20	03:19:38.382	0.84052	0.84053			6
2024.09.20	03:19:39.549	0.84051	0.84052			6
2024.09.20	03:19:44.983	0.84052	0.84053			6
2024.09.20	03:19:53.282	0.84051	0.84052			6
2024.09.20	03:19:57.738	0.84052	0.84053			6
2024.09.20	03:19:58.991	0.84051	0.84052			6
2024.09.20	03:19:59.337	0.84052	0.84053			6
2024.09.20	03:20:00.014	0.84051	0.84052			6
2024.09.20	03:20:00.320	0.84050	0.84051			6
2024.09.20	03:20:02.547	0.84049	0.84050			6
2024.09.20	03:20:06.495	0.84048	0.84049			6
2024.09.20	03:20:12.215	0.84049	0.84050			6
2024.09.20	03:20:12.916	0.84050	0.84051			6
2024.09.20	03:20:13.624	0.84049	0.84050			6
2024.09.20	03:20:26.710	0.84051	0.84052			6
2024.09.20	03:20:27.028	0.84050	0.84051			6
2024.09.20	03:20:27.503	0.84049	0.84050			6
2024.09.20	03:20:27.902	0.84050	0.84051			6
2024.09.20	03:20:38.197	0.84051	0.84052			6
2024.09.20	03:20:40.790	0.84052	0.84053			6
2024.09.20	03:20:41.606	0.84051	0.84052			6
2024.09.20	03:20:42.348	0.84052	0.84053			6
2024.09.20	03:20:43.048	0.84051	0.84052			6
2024.09.20	03:20:43.759	0.84052	0.84053			6
2024.09.20	03:20:47.216	0.84051	0.84052			6
2024.09.20	03:20:47.536	0.84052	0.84053			6
2024.09.20	03:20:48.659	0.84053	0.84054			6
2024.09.20	03:20:53.459	0.84052	0.84053			6
2024.09.20	03:20:58.380	0.84049	0.84050			6
2024.09.20	03:21:00.353	0.84049				2
2024.09.20	03:21:00.663	0.84048	0.84049			6
2024.09.20	03:21:09.176	0.84049	0.84050			6
2024.09.20	03:21:14.849	0.84048	0.84049			6
2024.09.20	03:21:15.261	0.84046	0.84047			6
2024.09.20	03:21:15.614	0.84045	0.84046			6
2024.09.20	03:21:30.990	0.84044	0.84045			6
2024.09.20	03:21:33.033	0.84043	0.84044			6
2024.09.20	03:21:36.349	0.84045	0.84046			6
2024.09.20	03:21:42.741	0.84039	0.84040			6
2024.09.20	03:21:43.408	0.84040	0.84041			6
2024.09.20	03:21:45.978	0.84041	0.84042			6
2024.09.20	03:21:49.645	0.84042	0.84043			6
2024.09.20	03:21:54.362	0.84041	0.84042			6
2024.09.20	03:21:56.281	0.84042	0.84043			6
2024.09.20	03:21:59.795	0.84043	0.84044			6
2024.09.20	03:22:00.363	0.84042	0.84043			6
2024.09.20	03:22:00.684	0.84044	0.84045			6
2024.09.20	03:22:01.372	0.84043	0.84044			6
2024.09.20	03:22:02.143	0.84044	0.84045			6
2024.09.20	03:22:02.841	0.84043	0.84044			6
2024.09.20	03:22:03.249	0.84045	0.84046			6
2024.09.20	03:22:04.358	0.84046	0.84047			6
2024.09.20	03:22:08.682	0.84047	0.84048			6
2024.09.20	03:22:09.498	0.84046	0.84047			6
2024.09.20	03:22:15.076	0.84045	0.84046			6
2024.09.20	03:22:17.009	0.84046	0.84047			6
2024.09.20	03:22:17.481	0.84045	0.84046			6
2024.09.20	03:22:18.796	0.84046	0.84047			6
2024.09.20	03:22:19.269	0.84045	0.84046			6
2024.09.20	03:22:22.372	0.84046	0.84047			6
2024.09.20	03:22:22.722	0.84045	0.84046			6
2024.09.20	03:22:30.859	0.84044	0.84045			6
2024.09.20	03:22:34.342	0.84043	0.84044			6
2024.09.20	03:22:39.623	0.84044	0.84045			6
2024.09.20	03:22:42.129	0.84040	0.84041			6
2024.09.20	03:22:43.141	0.84041	0.84042			6
2024.09.20	03:22:48.686	0.84040	0.84041			6
2024.09.20	03:22:49.856	0.84041	0.84042			6
2024.09.20	03:22:52.694	0.84040	0.84041			6
2024.09.20	03:22:55.844	0.84041	0.84042			6
2024.09.20	03:22:56.212	0.84040	0.84041			6
2024.09.20	03:22:59.166	0.84041	0.84042			6
2024.09.20	03:22:59.499	0.84040	0.84041			6
2024.09.20	03:23:01.026	0.84040				2
2024.09.20	03:23:04.782	0.84041	0.84042			6
2024.09.20	03:23:12.996	0.84043	0.84044			6
2024.09.20	03:23:13.613	0.84044	0.84045			6
2024.09.20	03:23:13.934	0.84043	0.84044			6
2024.09.20	03:23:15.962	0.84042	0.84043			6
2024.09.20	03:23:17.553	0.84044	0.84045			6
2024.09.20	03:23:23.461	0.84045	0.84046			6
2024.09.20	03:23:24.143	0.84044	0.84045			6
2024.09.20	03:23:28.900	0.84045	0.84046			6
2024.09.20	03:23:29.240	0.84044	0.84045			6
2024.09.20	03:23:46.685	0.84043	0.84044			6
2024.09.20	03:24:00.401	0.84043				2
2024.09.20	03:24:01.488	0.84044	0.84045			6
2024.09.20	03:24:08.016	0.84043	0.84044			6
2024.09.20	03:24:26.295	0.84044	0.84045			6
2024.09.20	03:24:26.600	0.84045	0.84046			6
2024.09.20	03:24:27.250	0.84044	0.84045			6
2024.09.20	03:24:27.720	0.84045	0.84046			6
2024.09.20	03:24:35.566	0.84044	0.84045			6
2024.09.20	03:24:38.269	0.84045	0.84046			6
2024.09.20	03:24:39.133	0.84044	0.84045			6
2024.09.20	03:24:46.843	0.84045	0.84046			6
2024.09.20	03:24:58.394	0.84044	0.84045			6
2024.09.20	03:24:58.703	0.84045	0.84046			6
2024.09.20	03:25:00.022	0.84045				2
2024.09.20	03:25:09.452	0.84044	0.84045			6
2024.09.20	03:25:10.184	0.84045	0.84046			6
2024.09.20	03:25:11.897	0.84044	0.84045			6
2024.09.20	03:25:12.205	0.84045	0.84046			6
2024.09.20	03:25:14.848	0.84044	0.84045			6
2024.09.20	03:25:40.940	0.84045	0.84046			6
2024.09.20	03:25:43.019	0.84043	0.84044			6
2024.09.20	03:25:43.641	0.84044	0.84045			6
2024.09.20	03:25:44.796	0.84043	0.84044			6
2024.09.20	03:25:47.808	0.84042	0.84043			6
2024.09.20	03:25:48.164	0.84040	0.84041			6
2024.09.20	03:25:48.820	0.84041	0.84042			6
2024.09.20	03:25:49.169	0.84040	0.84041			6
2024.09.20	03:26:00.460	0.84040				2
2024.09.20	03:26:01.650	0.84038	0.84039			6
2024.09.20	03:26:03.351	0.84037	0.84038			6
2024.09.20	03:26:05.474	0.84039	0.84040			6
2024.09.20	03:26:07.406	0.84038	0.84039			6
2024.09.20	03:26:14.454	0.84039	0.84040			6
2024.09.20	03:26:19.148	0.84038	0.84039			6
2024.09.20	03:26:30.790	0.84039	0.84040			6
2024.09.20	03:26:31.179	0.84038	0.84039			6
2024.09.20	03:26:31.902	0.84036	0.84037			6
2024.09.20	03:26:32.795	0.84034	0.84035			6
2024.09.20	03:26:33.566	0.84035	0.84036			6
2024.09.20	03:26:37.794	0.84036	0.84037			6
2024.09.20	03:27:00.386	0.84036				2
2024.09.20	03:27:02.402	0.84037	0.84038			6
2024.09.20	03:27:03.101	0.84036	0.84037			6
2024.09.20	03:27:15.791	0.84037	0.84038			6
2024.09.20	03:27:17.766	0.84036	0.84037			6
2024.09.20	03:27:29.755	0.84035	0.84036			6
2024.09.20	03:27:30.062	0.84032	0.84033			6
2024.09.20	03:27:34.902	0.84035	0.84036			6
2024.09.20	03:27:36.257	0.84034	0.84035			6
2024.09.20	03:27:39.036	0.84040	0.84041			6
2024.09.20	03:27:39.344	0.84039	0.84040			6
2024.09.20	03:27:44.587	0.84038	0.84039			6
2024.09.20	03:27:47.627	0.84039	0.84040			6
2024.09.20	03:27:48.786	0.84038	0.84039			6
2024.09.20	03:27:50.033	0.84037	0.84038			6
2024.09.20	03:27:50.458	0.84038	0.84039			6
2024.09.20	03:27:51.888	0.84037	0.84038			6
2024.09.20	03:27:53.445	0.84038	0.84039			6
2024.09.20	03:27:53.745	0.84037	0.84038			6
2024.09.20	03:27:55.494	0.84038	0.84039			6
2024.09.20	03:27:55.903	0.84037	0.84038			6
2024.09.20	03:27:58.394	0.84036	0.84037			6
2024.09.20	03:28:01.289	0.84036				2
2024.09.20	03:28:01.710	0.84034	0.84035			6
2024.09.20	03:28:10.578	0.84035	0.84036			6
2024.09.20	03:28:10.884	0.84034	0.84035			6
2024.09.20	03:28:11.218	0.84036	0.84037			6
2024.09.20	03:28:14.952	0.84039	0.84040			6
2024.09.20	03:28:31.174	0.84041	0.84042			6
2024.09.20	03:28:34.491	0.84040	0.84041			6
2024.09.20	03:28:35.622	0.84039	0.84040			6
2024.09.20	03:28:46.171	0.84038	0.84039			6
2024.09.20	03:28:46.480	0.84039	0.84040			6
2024.09.20	03:28:50.439	0.84038	0.84039			6
2024.09.20	03:28:53.749	0.84041	0.84042			6
2024.09.20	03:28:57.442	0.84040	0.84041			6
2024.09.20	03:29:00.239	0.84041	0.84042			6
2024.09.20	03:29:06.227	0.84042	0.84043			6
2024.09.20	03:29:08.560	0.84041	0.84042			6
2024.09.20	03:29:09.009	0.84040	0.84041			6
2024.09.20	03:29:13.394	0.84039	0.84040			6
2024.09.20	03:29:15.325	0.84040	0.84041			6
2024.09.20	03:29:18.980	0.84041	0.84042			6
2024.09.20	03:29:19.285	0.84040	0.84041			6
2024.09.20	03:29:19.872	0.84041	0.84042			6
2024.09.20	03:29:26.062	0.84040	0.84041			6
2024.09.20	03:29:26.583	0.84041	0.84042			6
2024.09.20	03:29:27.406	0.84040	0.84041			6
2024.09.20	03:29:35.405	0.84039	0.84040			6
2024.09.20	03:29:42.656	0.84040	0.84041			6
2024.09.20	03:29:48.596	0.84041	0.84042			6
2024.09.20	03:29:50.050	0.84040	0.84041			6
2024.09.20	03:29:50.362	0.84039	0.84040			6
2024.09.20	03:29:51.397	0.84040	0.84041			6
2024.09.20	03:29:55.467	0.84041	0.84042			6
2024.09.20	03:29:55.789	0.84040	0.84041			6
2024.09.20	03:29:56.407	0.84041	0.84042			6
2024.09.20	03:29:56.869	0.84040	0.84041			6
2024.09.20	03:30:00.378	0.84040				2
2024.09.20	03:30:06.150	0.84039	0.84040			6
2024.09.20	03:30:15.409	0.84040	0.84041			6
2024.09.20	03:30:20.886	0.84039	0.84040			6
2024.09.20	03:30:21.932	0.84041	0.84042			6
2024.09.20	03:30:22.245	0.84040	0.84041			6
2024.09.20	03:30:22.919	0.84041	0.84042			6
2024.09.20	03:30:24.136	0.84040	0.84041			6
2024.09.20	03:30:26.568	0.84041	0.84042			6
2024.09.20	03:30:36.281	0.84040	0.84041			6
2024.09.20	03:30:36.679	0.84041	0.84042			6
2024.09.20	03:30:38.880	0.84040	0.84041			6
2024.09.20	03:30:55.103	0.84039	0.84040			6
2024.09.20	03:30:59.277	0.84038	0.84039			6
2024.09.20	03:30:59.582	0.84039	0.84040			6
2024.09.20	03:31:00.354	0.84039				2
2024.09.20	03:31:00.679	0.84040	0.84041			6
2024.09.20	03:31:01.183	0.84039	0.84040			6
2024.09.20	03:31:06.350	0.84038	0.84039			6
2024.09.20	03:31:09.215	0.84039	0.84040			6
2024.09.20	03:31:10.061	0.84040	0.84041			6
2024.09.20	03:31:14.616	0.84039	0.84040			6
2024.09.20	03:31:15.615	0.84040	0.84041			6
2024.09.20	03:31:24.436	0.84039	0.84040			6
2024.09.20	03:31:24.737	0.84041	0.84042			6
2024.09.20	03:31:25.406	0.84040	0.84041			6
2024.09.20	03:31:33.935	0.84039	0.84040			6
2024.09.20	03:31:35.557	0.84040	0.84041			6
2024.09.20	03:31:35.870	0.84042	0.84043			6
2024.09.20	03:31:37.571	0.84041	0.84042			6
2024.09.20	03:31:41.139	0.84040	0.84041			6
2024.09.20	03:31:55.358	0.84041	0.84042			6
2024.09.20	03:31:55.773	0.84040	0.84041			6
2024.09.20	03:31:56.548	0.84041	0.84042			6
2024.09.20	03:32:00.088	0.84040	0.84041			6
2024.09.20	03:32:00.986	0.84041	0.84042			6
2024.09.20	03:32:02.178	0.84040	0.84041			6
2024.09.20	03:32:07.959	0.84041	0.84042			6
2024.09.20	03:32:09.498	0.84040	0.84041			6
2024.09.20	03:32:09.812	0.84041	0.84042			6
2024.09.20	03:32:10.281	0.84040	0.84041			6
2024.09.20	03:32:27.200	0.84042	0.84043			6
2024.09.20	03:32:31.153	0.84040	0.84041			6
2024.09.20	03:32:31.557	0.84039	0.84040			6
2024.09.20	03:32:39.006	0.84040	0.84041			6
2024.09.20	03:32:46.934	0.84039	0.84040			6
2024.09.20	03:32:47.306	0.84038	0.84039			6
2024.09.20	03:32:57.552	0.84042	0.84043			6
2024.09.20	03:33:00.036	0.84042				2
2024.09.20	03:33:03.205	0.84040	0.84041			6
2024.09.20	03:33:05.109	0.84042	0.84043			6
2024.09.20	03:33:05.420	0.84044	0.84045			6
2024.09.20	03:33:14.921	0.84045	0.84046			6
2024.09.20	03:33:23.661	0.84046	0.84047			6
2024.09.20	03:33:24.561	0.84045	0.84046			6
2024.09.20	03:33:29.801	0.84046	0.84047			6
2024.09.20	03:33:32.348	0.84045	0.84046			6
2024.09.20	03:33:34.807	0.84044	0.84045			6
2024.09.20	03:33:35.549	0.84045	0.84046			6
2024.09.20	03:33:40.684	0.84044	0.84045			6
2024.09.20	03:33:55.668	0.84045	0.84046			6
2024.09.20	03:34:01.525	0.84045				2
2024.09.20	03:34:03.306	0.84047	0.84048			6
2024.09.20	03:34:07.160	0.84046	0.84047			6
2024.09.20	03:34:11.679	0.84047	0.84048			6
2024.09.20	03:34:12.010	0.84046	0.84047			6
2024.09.20	03:34:12.325	0.84047	0.84048			6
2024.09.20	03:34:15.987	0.84046	0.84047			6
2024.09.20	03:34:39.632	0.84045	0.84046			6
2024.09.20	03:35:01.754	0.84045				2
2024.09.20	03:35:07.503	0.84046	0.84047			6
2024.09.20	03:35:08.281	0.84045	0.84046			6
2024.09.20	03:35:11.973	0.84047	0.84048			6
2024.09.20	03:35:12.696	0.84046	0.84047			6
2024.09.20	03:35:13.771	0.84047	0.84048			6
2024.09.20	03:35:16.816	0.84048	0.84049			6
2024.09.20	03:35:21.839	0.84047	0.84048			6
2024.09.20	03:35:36.341	0.84046	0.84047			6
2024.09.20	03:35:48.223	0.84045	0.84046			6
2024.09.20	03:35:50.507	0.84046	0.84047			6
2024.09.20	03:35:55.268	0.84047	0.84048			6
2024.09.20	03:36:00.089	0.84046	0.84047			6
2024.09.20	03:36:08.492	0.84047	0.84048			6
2024.09.20	03:36:08.806	0.84045	0.84046			6
2024.09.20	03:36:10.785	0.84046	0.84047			6
2024.09.20	03:36:15.349	0.84045	0.84046			6
2024.09.20	03:36:15.664	0.84046	0.84047			6
2024.09.20	03:36:18.384	0.84044	0.84045			6
2024.09.20	03:36:18.686	0.84045	0.84046			6
2024.09.20	03:36:20.702	0.84049	0.84050			6
2024.09.20	03:36:21.008	0.84050	0.84051			6
2024.09.20	03:36:23.320	0.84049	0.84050			6
2024.09.20	03:36:23.623	0.84050	0.84051			6
2024.09.20	03:36:23.929	0.84051	0.84052			6
2024.09.20	03:36:24.243	0.84052	0.84053			6
2024.09.20	03:36:34.348	0.84051	0.84052			6
2024.09.20	03:36:54.086	0.84049	0.84050			6
2024.09.20	03:37:00.795	0.84049				2
2024.09.20	03:37:04.094	0.84050	0.84051			6
2024.09.20	03:37:17.371	0.84051	0.84052			6
2024.09.20	03:37:18.348	0.84049	0.84050			6
2024.09.20	03:37:19.144	0.84050	0.84051			6
2024.09.20	03:37:21.731	0.84051	0.84052			6
2024.09.20	03:37:23.228	0.84050	0.84051			6
2024.09.20	03:37:25.097	0.84049	0.84050			6
2024.09.20	03:37:25.404	0.84047	0.84048			6
2024.09.20	03:38:00.125	0.84047				2
2024.09.20	03:38:12.526	0.84045	0.84046			6
2024.09.20	03:38:34.407	0.84044	0.84045			6
2024.09.20	03:38:37.243	0.84043	0.84044			6
2024.09.20	03:38:37.566	0.84041	0.84042			6
2024.09.20	03:38:38.928	0.84042	0.84043			6
2024.09.20	03:38:40.675	0.84043	0.84044			6
2024.09.20	03:38:41.227	0.84044	0.84045			6
2024.09.20	03:38:42.205	0.84043	0.84044			6
2024.09.20	03:38:44.087	0.84042	0.84043			6
2024.09.20	03:38:47.059	0.84043	0.84044			6
2024.09.20	03:38:47.995	0.84042	0.84043			6
2024.09.20	03:38:53.688	0.84041	0.84042			6
2024.09.20	03:39:00.074	0.84041				2
2024.09.20	03:39:00.881	0.84042	0.84043			6
2024.09.20	03:39:02.243	0.84041	0.84042			6
2024.09.20	03:39:04.275	0.84042	0.84043			6
2024.09.20	03:39:11.076	0.84041	0.84042			6
2024.09.20	03:39:14.323	0.84040	0.84041			6
2024.09.20	03:39:28.923	0.84038	0.84039			6
2024.09.20	03:39:30.122	0.84037	0.84038			6
2024.09.20	03:39:30.463	0.84036	0.84037			6
2024.09.20	03:39:35.086	0.84037	0.84038			6
2024.09.20	03:39:35.435	0.84036	0.84037			6
2024.09.20	03:39:43.995	0.84037	0.84038			6
2024.09.20	03:39:44.941	0.84035	0.84036			6
2024.09.20	03:39:52.486	0.84036	0.84037			6
2024.09.20	03:39:54.193	0.84035	0.84036			6
2024.09.20	03:40:00.110	0.84035				2
2024.09.20	03:40:00.453	0.84034	0.84035			6
2024.09.20	03:40:06.532	0.84036	0.84037			6
2024.09.20	03:40:09.300	0.84035	0.84036			6
2024.09.20	03:40:19.672	0.84036	0.84037			6
2024.09.20	03:40:29.939	0.84035	0.84036			6
2024.09.20	03:40:32.183	0.84036	0.84037			6
2024.09.20	03:40:41.143	0.84035	0.84036			6
2024.09.20	03:40:43.504	0.84036	0.84037			6
2024.09.20	03:40:49.385	0.84037	0.84038			6
2024.09.20	03:40:50.933	0.84036	0.84037			6
2024.09.20	03:40:53.274	0.84037	0.84038			6
2024.09.20	03:40:54.618	0.84036	0.84037			6
2024.09.20	03:41:00.196	0.84036				2
2024.09.20	03:41:00.538	0.84037	0.84038			6
2024.09.20	03:41:00.939	0.84036	0.84037			6
2024.09.20	03:41:01.594	0.84040	0.84041			6
2024.09.20	03:41:01.899	0.84041	0.84042			6
2024.09.20	03:41:02.266	0.84040	0.84041			6
2024.09.20	03:41:04.305	0.84041	0.84042			6
2024.09.20	03:41:05.522	0.84040	0.84041			6
2024.09.20	03:41:05.843	0.84039	0.84040			6
2024.09.20	03:41:13.690	0.84040	0.84041			6
2024.09.20	03:41:19.769	0.84039	0.84040			6
2024.09.20	03:41:20.088	0.84040	0.84041			6
2024.09.20	03:41:20.425	0.84039	0.84040			6
2024.09.20	03:41:25.199	0.84041	0.84042			6
2024.09.20	03:41:25.519	0.84040	0.84041			6
2024.09.20	03:41:25.825	0.84039	0.84040			6
2024.09.20	03:41:28.534	0.84040	0.84041			6
2024.09.20	03:41:28.897	0.84039	0.84040			6
2024.09.20	03:41:31.369	0.84040	0.84041			6
2024.09.20	03:41:31.906	0.84039	0.84040			6
2024.09.20	03:41:41.989	0.84038	0.84039			6
2024.09.20	03:41:44.954	0.84039	0.84040			6
2024.09.20	03:41:45.287	0.84040	0.84041			6
2024.09.20	03:41:48.806	0.84039	0.84040			6
2024.09.20	03:41:53.985	0.84040	0.84041			6
2024.09.20	03:41:54.695	0.84039	0.84040			6
2024.09.20	03:41:55.207	0.84040	0.84041			6
2024.09.20	03:42:00.101	0.84040				2
2024.09.20	03:42:01.139	0.84039	0.84040			6
2024.09.20	03:42:02.681	0.84040	0.84041			6
2024.09.20	03:42:03.019	0.84038	0.84039			6
2024.09.20	03:42:03.562	0.84040	0.84041			6
2024.09.20	03:42:04.179	0.84039	0.84040			6
2024.09.20	03:42:04.653	0.84040	0.84041			6
2024.09.20	03:42:06.004	0.84041	0.84042			6
2024.09.20	03:42:09.345	0.84040	0.84041			6
2024.09.20	03:42:16.839	0.84041	0.84042			6
2024.09.20	03:42:18.225	0.84040	0.84041			6
2024.09.20	03:42:19.175	0.84041	0.84042			6
2024.09.20	03:42:19.940	0.84040	0.84041			6
2024.09.20	03:42:23.329	0.84039	0.84040			6
2024.09.20	03:42:23.853	0.84038	0.84039			6
2024.09.20	03:42:25.785	0.84040	0.84041			6
2024.09.20	03:42:27.021	0.84041	0.84042			6
2024.09.20	03:42:27.344	0.84040	0.84041			6
2024.09.20	03:42:32.260	0.84041	0.84042			6
2024.09.20	03:42:32.563	0.84040	0.84041			6
2024.09.20	03:42:36.845	0.84041	0.84042			6
2024.09.20	03:42:38.001	0.84040	0.84041			6
2024.09.20	03:42:38.533	0.84041	0.84042			6
2024.09.20	03:42:39.430	0.84040	0.84041			6
2024.09.20	03:42:40.471	0.84041	0.84042			6
2024.09.20	03:42:41.648	0.84040	0.84041			6
2024.09.20	03:42:42.394	0.84041	0.84042			6
2024.09.20	03:42:42.702	0.84042	0.84043			6
2024.09.20	03:42:43.016	0.84041	0.84042			6
2024.09.20	03:42:43.318	0.84042	0.84043			6
2024.09.20	03:42:44.349	0.84041	0.84042			6
2024.09.20	03:42:50.447	0.84044	0.84045			6
2024.09.20	03:42:52.712	0.84043	0.84044			6
2024.09.20	03:42:55.664	0.84044	0.84045			6
2024.09.20	03:42:56.877	0.84043	0.84044			6
2024.09.20	03:42:57.784	0.84044	0.84045			6
2024.09.20	03:43:00.081	0.84044				2
2024.09.20	03:43:15.360	0.84045	0.84046			6
2024.09.20	03:43:27.705	0.84047	0.84048			6
2024.09.20	03:43:30.722	0.84045	0.84046			6
2024.09.20	03:43:38.812	0.84047	0.84048			6
2024.09.20	03:43:39.878	0.84044	0.84045			6
2024.09.20	03:43:41.940	0.84045	0.84046			6
2024.09.20	03:43:44.464	0.84044	0.84045			6
2024.09.20	03:44:00.169	0.84044				2
2024.09.20	03:44:06.720	0.84043	0.84044			6
2024.09.20	03:44:07.140	0.84044	0.84045			6
2024.09.20	03:44:11.486	0.84043	0.84044			6
2024.09.20	03:44:11.827	0.84044	0.84045			6
2024.09.20	03:44:13.833	0.84045	0.84046			6
2024.09.20	03:44:14.134	0.84046	0.84047			6
2024.09.20	03:44:20.424	0.84045	0.84046			6
2024.09.20	03:44:24.103	0.84046	0.84047			6
2024.09.20	03:44:41.816	0.84045	0.84046			6
2024.09.20	03:44:43.582	0.84046	0.84047			6
2024.09.20	03:44:52.136	0.84047	0.84048			6
2024.09.20	03:44:53.812	0.84048	0.84049			6
2024.09.20	03:44:56.544	0.84046	0.84047			6
2024.09.20	03:45:00.394	0.84046				2
2024.09.20	03:45:01.055	0.84047	0.84048			6
2024.09.20	03:45:28.258	0.84046	0.84047			6
2024.09.20	03:45:34.279	0.84047	0.84048			6
2024.09.20	03:45:45.522	0.84045	0.84046			6
2024.09.20	03:46:00.242	0.84046	0.84047			6
2024.09.20	03:46:03.248	0.84047	0.84048			6
2024.09.20	03:46:09.130	0.84046	0.84047			6
2024.09.20	03:46:10.850	0.84047	0.84048			6
2024.09.20	03:46:12.948	0.84046	0.84047			6
2024.09.20	03:46:46.053	0.84047	0.84048			6
2024.09.20	03:46:49.604	0.84048	0.84049			6
2024.09.20	03:46:53.193	0.84047	0.84048			6
2024.09.20	03:46:55.624	0.84046	0.84047			6
2024.09.20	03:46:57.549	0.84047	0.84048			6
2024.09.20	03:47:00.391	0.84047				2
2024.09.20	03:47:08.458	0.84046	0.84047			6
2024.09.20	03:47:08.825	0.84047	0.84048			6
2024.09.20	03:47:14.808	0.84046	0.84047			6
2024.09.20	03:47:31.026	0.84047	0.84048			6
2024.09.20	03:47:31.346	0.84048	0.84050			6
2024.09.20	03:47:32.378		0.84049			4
2024.09.20	03:47:41.755	0.84049	0.84050			6
2024.09.20	03:47:45.880	0.84048	0.84049			6
2024.09.20	03:47:46.185	0.84049	0.84050			6
2024.09.20	03:47:47.125	0.84050	0.84051			6
2024.09.20	03:47:47.443	0.84049	0.84050			6
2024.09.20	03:47:47.828	0.84050	0.84051			6
2024.09.20	03:47:48.331	0.84049	0.84050			6
2024.09.20	03:47:48.700	0.84050	0.84051			6
2024.09.20	03:47:49.833	0.84052	0.84053			6
2024.09.20	03:48:00.008	0.84052				2
2024.09.20	03:48:03.466	0.84051	0.84052			6
2024.09.20	03:48:06.779	0.84052	0.84053			6
2024.09.20	03:48:18.877	0.84051	0.84052			6
2024.09.20	03:48:19.192	0.84052	0.84053			6
2024.09.20	03:48:21.135	0.84051	0.84052			6
2024.09.20	03:48:24.409	0.84052	0.84053			6
2024.09.20	03:48:34.048	0.84051	0.84052			6
2024.09.20	03:48:36.629	0.84052	0.84053			6
2024.09.20	03:48:53.043	0.84053	0.84054			6
2024.09.20	03:48:53.360	0.84051	0.84052			6
2024.09.20	03:48:53.751	0.84052	0.84053			6
2024.09.20	03:48:55.262	0.84053	0.84054			6
2024.09.20	03:48:55.728	0.84051	0.84052			6
2024.09.20	03:48:56.175	0.84052	0.84053			6
2024.09.20	03:48:57.940	0.84053	0.84054			6
2024.09.20	03:48:59.520	0.84052	0.84053			6
2024.09.20	03:49:00.129	0.84052				2
2024.09.20	03:49:00.506	0.84053	0.84054			6
2024.09.20	03:49:02.261	0.84052	0.84053			6
2024.09.20	03:49:02.634	0.84053	0.84054			6
2024.09.20	03:49:07.745	0.84052	0.84053			6
2024.09.20	03:49:18.350	0.84053	0.84054			6
2024.09.20	03:49:18.970	0.84052	0.84053			6
2024.09.20	03:49:36.422	0.84053	0.84054			6
2024.09.20	03:49:50.544	0.84052	0.84053			6
2024.09.20	03:49:51.336	0.84053	0.84054			6
2024.09.20	03:50:00.499	0.84053				2
2024.09.20	03:50:05.938	0.84056	0.84057			6
2024.09.20	03:50:06.243	0.84057	0.84058			6
2024.09.20	03:50:09.486	0.84056	0.84057			6
2024.09.20	03:50:11.827	0.84057	0.84058			6
2024.09.20	03:50:17.444	0.84056	0.84057			6
2024.09.20	03:50:21.722	0.84055	0.84056			6
2024.09.20	03:50:26.684	0.84056	0.84057			6
2024.09.20	03:50:36.012	0.84057	0.84058			6
2024.09.20	03:50:39.048	0.84056	0.84057			6
2024.09.20	03:50:40.020	0.84057	0.84058			6
2024.09.20	03:50:45.360	0.84056	0.84057			6
2024.09.20	03:50:48.618	0.84055	0.84056			6
2024.09.20	03:50:48.922	0.84056	0.84057			6
2024.09.20	03:50:55.826	0.84057	0.84058			6
2024.09.20	03:50:59.401	0.84056	0.84057			6
2024.09.20	03:51:00.181	0.84056				2
2024.09.20	03:51:01.186	0.84055	0.84056			6
2024.09.20	03:51:02.522	0.84054	0.84055			6
2024.09.20	03:51:09.342	0.84057	0.84058			6
2024.09.20	03:51:09.663	0.84056	0.84057			6
2024.09.20	03:51:11.827	0.84055	0.84056			6
2024.09.20	03:51:12.861	0.84056	0.84057			6
2024.09.20	03:51:13.807	0.84055	0.84056			6
2024.09.20	03:51:15.782	0.84056	0.84057			6
2024.09.20	03:51:16.355	0.84057	0.84058			6
2024.09.20	03:51:21.617	0.84055	0.84056			6
2024.09.20	03:51:22.358	0.84054	0.84055			6
2024.09.20	03:51:24.783	0.84055	0.84056			6
2024.09.20	03:51:29.298	0.84054	0.84055			6
2024.09.20	03:51:31.945	0.84055	0.84056			6
2024.09.20	03:51:35.822	0.84054	0.84055			6
2024.09.20	03:51:51.896	0.84056	0.84057			6
2024.09.20	03:51:52.219	0.84055	0.84056			6
2024.09.20	03:51:53.324	0.84052	0.84053			6
2024.09.20	03:51:58.469	0.84051	0.84052			6
2024.09.20	03:52:00.104	0.84051				2
2024.09.20	03:52:00.452	0.84050	0.84051			6
2024.09.20	03:52:01.415	0.84051	0.84052			6
2024.09.20	03:52:19.369	0.84050	0.84051			6
2024.09.20	03:52:21.372	0.84049	0.84050			6
2024.09.20	03:52:43.208	0.84048	0.84049			6
2024.09.20	03:52:54.879	0.84047	0.84048			6
2024.09.20	03:52:59.245	0.84046	0.84047			6
2024.09.20	03:53:00.017	0.84046				2
2024.09.20	03:53:00.443	0.84047	0.84048			6
2024.09.20	03:53:15.209	0.84046	0.84047			6
2024.09.20	03:53:19.256	0.84047	0.84048			6
2024.09.20	03:53:38.706	0.84046	0.84047			6
2024.09.20	03:53:39.011	0.84047	0.84048			6
2024.09.20	03:53:40.663	0.84046	0.84047			6
2024.09.20	03:53:57.605	0.84045	0.84046			6
2024.09.20	03:53:59.321	0.84046	0.84047			6
2024.09.20	03:54:00.075	0.84045	0.84046			6
2024.09.20	03:54:04.910	0.84046	0.84047			6
2024.09.20	03:54:05.572	0.84045	0.84046			6
2024.09.20	03:54:06.436	0.84044	0.84045			6
2024.09.20	03:54:06.962	0.84045	0.84046			6
2024.09.20	03:54:08.588	0.84044	0.84045			6
2024.09.20	03:54:09.626	0.84045	0.84046			6
2024.09.20	03:54:10.421	0.84044	0.84045			6
2024.09.20	03:54:11.086	0.84041	0.84042			6
2024.09.20	03:54:11.537	0.84040	0.84041			6
2024.09.20	03:54:13.177	0.84041	0.84042			6
2024.09.20	03:54:14.490	0.84040	0.84041			6
2024.09.20	03:54:14.958	0.84041	0.84042			6
2024.09.20	03:54:15.715	0.84040	0.84041			6
2024.09.20	03:54:18.020	0.84041	0.84042			6
2024.09.20	03:54:20.683	0.84042	0.84043			6
2024.09.20	03:54:24.392	0.84043	0.84044			6
2024.09.20	03:54:26.427	0.84045	0.84046			6
2024.09.20	03:54:28.266	0.84044	0.84045			6
2024.09.20	03:54:28.580	0.84045	0.84046			6
2024.09.20	03:54:28.970	0.84044	0.84045			6
2024.09.20	03:54:29.279	0.84045	0.84046			6
2024.09.20	03:54:31.444	0.84049	0.84050			6
2024.09.20	03:54:31.763	0.84048	0.84049			6
2024.09.20	03:54:37.899	0.84047	0.84048			6
2024.09.20	03:54:38.320	0.84046	0.84047			6
2024.09.20	03:54:39.800	0.84048	0.84049			6
2024.09.20	03:54:44.359	0.84047	0.84048			6
2024.09.20	03:54:45.061	0.84046	0.84047			6
2024.09.20	03:54:45.809	0.84047	0.84048			6
2024.09.20	03:54:48.342	0.84046	0.84047			6
2024.09.20	03:54:48.656	0.84047	0.84048			6
2024.09.20	03:54:48.993	0.84046	0.84047			6
2024.09.20	03:54:55.515	0.84048	0.84049			6
2024.09.20	03:54:57.563	0.84047	0.84048			6
2024.09.20	03:54:59.700	0.84046	0.84047			6
2024.09.20	03:55:00.005	0.84047	0.84048			6
2024.09.20	03:55:00.332	0.84049	0.84050			6
2024.09.20	03:55:00.646	0.84048	0.84049			6
2024.09.20	03:55:00.966	0.84047	0.84048			6
2024.09.20	03:55:01.666	0.84048	0.84049			6
2024.09.20	03:55:02.354	0.84049	0.84050			6
2024.09.20	03:55:02.659	0.84048	0.84049			6
2024.09.20	03:55:02.966	0.84049	0.84050			6
2024.09.20	03:55:06.473	0.84050	0.84051			6
2024.09.20	03:55:06.878	0.84049	0.84050			6
2024.09.20	03:55:08.513	0.84048	0.84049			6
2024.09.20	03:55:08.961	0.84049	0.84050			6
2024.09.20	03:55:09.264	0.84048	0.84049			6
2024.09.20	03:55:11.360	0.84047	0.84048			6
2024.09.20	03:55:11.790	0.84046	0.84047			6
2024.09.20	03:55:12.346	0.84047	0.84048			6
2024.09.20	03:55:15.417	0.84046	0.84047			6
2024.09.20	03:55:16.214	0.84047	0.84048			6
2024.09.20	03:55:17.834	0.84048	0.84049			6
2024.09.20	03:55:18.144	0.84049	0.84050			6
2024.09.20	03:55:18.464	0.84050	0.84051			6
2024.09.20	03:55:18.787	0.84049	0.84050			6
2024.09.20	03:55:20.015	0.84048	0.84049			6
2024.09.20	03:55:28.367	0.84049	0.84050			6
2024.09.20	03:55:30.065	0.84050	0.84051			6
2024.09.20	03:55:30.369	0.84049	0.84050			6
2024.09.20	03:55:31.122	0.84051	0.84052			6
2024.09.20	03:55:31.436	0.84050	0.84051			6
2024.09.20	03:55:35.416	0.84051	0.84052			6
2024.09.20	03:55:40.969	0.84052	0.84053			6
2024.09.20	03:55:41.300	0.84051	0.84052			6
2024.09.20	03:55:44.551	0.84050	0.84051			6
2024.09.20	03:55:44.863	0.84051	0.84052			6
2024.09.20	03:55:45.520	0.84050	0.84051			6
2024.09.20	03:55:47.388	0.84046	0.84047			6
2024.09.20	03:55:51.170	0.84045	0.84046			6
2024.09.20	03:55:54.803	0.84046	0.84047			6
2024.09.20	03:55:55.111	0.84045	0.84046			6
2024.09.20	03:55:56.350	0.84044	0.84045			6
2024.09.20	03:55:58.479	0.84046	0.84047			6
2024.09.20	03:55:58.783	0.84045	0.84046			6
2024.09.20	03:55:59.811	0.84046	0.84047			6
2024.09.20	03:56:00.125	0.84046				2
2024.09.20	03:56:00.457	0.84048	0.84049			6
2024.09.20	03:56:01.721	0.84047	0.84048			6
2024.09.20	03:56:06.158	0.84048	0.84049			6
2024.09.20	03:56:08.704	0.84047	0.84048			6
2024.09.20	03:56:09.659	0.84048	0.84049			6
2024.09.20	03:56:10.405	0.84047	0.84048			6
2024.09.20	03:56:10.706	0.84048	0.84049			6
2024.09.20	03:56:12.300	0.84047	0.84048			6
2024.09.20	03:56:12.801	0.84048	0.84049			6
2024.09.20	03:56:13.104	0.84047	0.84048			6
2024.09.20	03:56:13.474	0.84046	0.84047			6
2024.09.20	03:56:16.363	0.84047	0.84048			6
2024.09.20	03:56:21.239	0.84048	0.84049			6
2024.09.20	03:56:21.618	0.84047	0.84048			6
2024.09.20	03:56:26.472	0.84048	0.84049			6
2024.09.20	03:56:28.530	0.84047	0.84048			6
2024.09.20	03:56:29.899	0.84048	0.84049			6
2024.09.20	03:56:30.211	0.84047	0.84048			6
2024.09.20	03:56:31.435	0.84046	0.84050			6
2024.09.20	03:56:31.756		0.84049			4
2024.09.20	03:56:32.566		0.84047			4
2024.09.20	03:56:34.230	0.84047	0.84048			6
2024.09.20	03:56:38.146	0.84046	0.84047			6
2024.09.20	03:56:38.477	0.84048	0.84049			6
2024.09.20	03:56:38.786	0.84049	0.84050			6
2024.09.20	03:56:40.351	0.84047	0.84048			6
2024.09.20	03:56:43.577	0.84048	0.84049			6
2024.09.20	03:56:45.940	0.84047	0.84048			6
2024.09.20	03:56:46.285	0.84046	0.84047			6
2024.09.20	03:56:47.256	0.84047	0.84048			6
2024.09.20	03:56:47.563	0.84046	0.84047			6
2024.09.20	03:56:52.370	0.84045	0.84046			6
2024.09.20	03:57:00.007	0.84045				2
2024.09.20	03:57:00.365	0.84046	0.84047			6
2024.09.20	03:57:00.691	0.84045	0.84046			6
2024.09.20	03:57:01.214	0.84044	0.84045			6
2024.09.20	03:57:02.809	0.84045	0.84046			6
2024.09.20	03:57:03.362	0.84044	0.84045			6
2024.09.20	03:57:05.432	0.84045	0.84046			6
2024.09.20	03:57:06.633	0.84046	0.84047			6
2024.09.20	03:57:09.772	0.84047	0.84048			6
2024.09.20	03:57:10.534	0.84046	0.84047			6
2024.09.20	03:57:10.892	0.84047	0.84048			6
2024.09.20	03:57:13.231	0.84046	0.84047			6
2024.09.20	03:57:13.539	0.84047	0.84048			6
2024.09.20	03:57:13.906	0.84046	0.84047			6
2024.09.20	03:57:15.385	0.84047	0.84048			6
2024.09.20	03:57:16.427	0.84046	0.84047			6
2024.09.20	03:57:16.800	0.84047	0.84048			6
2024.09.20	03:57:18.846	0.84048	0.84049			6
2024.09.20	03:57:20.178	0.84047	0.84048			6
2024.09.20	03:57:23.116	0.84046	0.84047			6
2024.09.20	03:57:23.428	0.84045	0.84046			6
2024.09.20	03:57:23.747	0.84046	0.84047			6
2024.09.20	03:57:26.248	0.84047	0.84048			6
2024.09.20	03:57:26.631	0.84046	0.84047			6
2024.09.20	03:57:28.505	0.84047	0.84048			6
2024.09.20	03:57:28.819	0.84046	0.84047			6
2024.09.20	03:57:29.192	0.84047	0.84048			6
2024.09.20	03:57:30.416	0.84049	0.84050			6
2024.09.20	03:57:34.241	0.84048	0.84049			6
2024.09.20	03:57:36.342	0.84049	0.84050			6
2024.09.20	03:57:51.813	0.84050	0.84051			6
2024.09.20	03:57:58.474	0.84051	0.84052			6
2024.09.20	03:57:59.931	0.84050	0.84051			6
2024.09.20	03:58:00.276	0.84051	0.84052			6
2024.09.20	03:58:04.080	0.84052	0.84053			6
2024.09.20	03:58:09.232	0.84051	0.84052			6
2024.09.20	03:58:09.675	0.84052	0.84053			6
2024.09.20	03:58:10.117	0.84051	0.84052			6
2024.09.20	03:58:11.460	0.84052	0.84053			6
2024.09.20	03:58:11.807	0.84051	0.84052			6
2024.09.20	03:58:14.943	0.84052	0.84053			6
2024.09.20	03:58:16.894	0.84053	0.84054			6
2024.09.20	03:58:19.495	0.84052	0.84053			6
2024.09.20	03:58:23.475	0.84053	0.84054			6
2024.09.20	03:58:23.776	0.84052	0.84053			6
2024.09.20	03:58:27.611	0.84053	0.84054			6
2024.09.20	03:58:28.383	0.84052	0.84053			6
2024.09.20	03:58:28.693	0.84054	0.84055			6
2024.09.20	03:58:30.236	0.84053	0.84054			6
2024.09.20	03:58:40.731	0.84054	0.84055			6
2024.09.20	03:58:41.089	0.84052	0.84053			6
2024.09.20	03:58:42.061	0.84051	0.84052			6
2024.09.20	03:58:42.472	0.84052	0.84053			6
2024.09.20	03:58:54.017	0.84053	0.84054			6
2024.09.20	03:59:00.141	0.84053				2
