<DATE>	<TIME>	<BID>	<ASK>	<LAST>	<VOLUME>	<FLAGS>
2024.07.18	00:00:01.256	0.83976	0.84163			6
2024.07.18	00:00:01.614	0.83988	0.84129			6
2024.07.18	00:00:03.007	0.84059				2
2024.07.18	00:00:08.833		0.84126			4
2024.07.18	00:00:18.557	0.84061				2
2024.07.18	00:00:23.149		0.84127			4
2024.07.18	00:00:25.406		0.84131			4
2024.07.18	00:00:30.705	0.84062	0.84132			6
2024.07.18	00:00:49.185		0.84128			4
2024.07.18	00:00:51.817	0.84060	0.84127			6
2024.07.18	00:00:53.098	0.84064				2
2024.07.18	00:01:21.305	0.84064				2
2024.07.18	00:01:45.893		0.84128			4
2024.07.18	00:01:47.417		0.84131			4
2024.07.18	00:01:51.245		0.84129			4
2024.07.18	00:01:52.253		0.84124			4
2024.07.18	00:02:16.393	0.84064	0.84131			6
2024.07.18	00:02:20.591		0.84128			4
2024.07.18	00:02:22.013		0.84131			4
2024.07.18	00:02:23.993		0.84138			4
2024.07.18	00:02:24.332		0.84131			4
2024.07.18	00:02:24.813		0.84128			4
2024.07.18	00:02:26.912		0.84125			4
2024.07.18	00:02:27.234		0.84128			4
2024.07.18	00:02:27.914		0.84125			4
2024.07.18	00:02:28.914		0.84128			4
2024.07.18	00:02:29.914		0.84125			4
2024.07.18	00:02:33.914		0.84128			4
2024.07.18	00:02:35.333		0.84125			4
2024.07.18	00:02:38.913		0.84122			4
2024.07.18	00:03:10.008	0.84064	0.84128			6
2024.07.18	00:03:20.070	0.84065				2
2024.07.18	00:04:05.038	0.84065				2
2024.07.18	00:04:20.092		0.84128			4
2024.07.18	00:04:32.341		0.84126			4
2024.07.18	00:05:00.014	0.84065				2
2024.07.18	00:05:21.085		0.84124			4
2024.07.18	00:05:22.354		0.84125			4
2024.07.18	00:05:26.153		0.84126			4
2024.07.18	00:05:40.663		0.84125			4
2024.07.18	00:05:44.707		0.84122			4
2024.07.18	00:05:45.608		0.84123			4
2024.07.18	00:06:00.804	0.84053				2
2024.07.18	00:06:06.348		0.84118			4
2024.07.18	00:06:07.040		0.84117			4
2024.07.18	00:06:16.349		0.84116			4
2024.07.18	00:06:28.351		0.84115			4
2024.07.18	00:06:34.612		0.84114			4
2024.07.18	00:06:50.323	0.84052				2
2024.07.18	00:07:00.902	0.84052				2
2024.07.18	00:07:27.164	0.84064	0.84118			6
2024.07.18	00:07:28.354		0.84119			4
2024.07.18	00:07:38.359		0.84118			4
2024.07.18	00:08:00.688	0.84064				2
2024.07.18	00:08:40.888		0.84118			4
2024.07.18	00:09:07.159	0.84064				2
2024.07.18	00:09:41.394		0.84118			4
2024.07.18	00:10:00.329	0.84064	0.84102			6
2024.07.18	00:11:26.497	0.84064	0.84108			6
2024.07.18	00:11:27.559		0.84102			4
2024.07.18	00:11:59.761		0.84103			4
2024.07.18	00:12:00.889	0.84064				2
2024.07.18	00:12:27.183		0.84102			4
2024.07.18	00:13:01.217	0.84064				2
2024.07.18	00:13:33.436		0.84102			4
2024.07.18	00:14:04.813	0.84064				2
2024.07.18	00:14:28.435		0.84101			4
2024.07.18	00:14:37.365		0.84103			4
2024.07.18	00:14:41.650		0.84102			4
2024.07.18	00:15:02.151	0.84064	0.84103			6
2024.07.18	00:15:26.631		0.84102			4
2024.07.18	00:15:50.937		0.84103			4
2024.07.18	00:16:05.889	0.84064	0.84102			6
2024.07.18	00:16:17.632		0.84101			4
2024.07.18	00:16:27.023		0.84100			4
2024.07.18	00:17:01.079	0.84064				2
2024.07.18	00:17:30.275		0.84100			4
2024.07.18	00:18:03.174	0.84064				2
2024.07.18	00:18:10.485		0.84101			4
2024.07.18	00:18:40.778	0.84061	0.84098			6
2024.07.18	00:19:01.276	0.84061				2
2024.07.18	00:19:17.870	0.84052	0.84099			6
2024.07.18	00:20:00.589	0.84052	0.84100			6
2024.07.18	00:20:15.708		0.84101			4
2024.07.18	00:21:05.018	0.84052				2
2024.07.18	00:21:11.926		0.84102			4
2024.07.18	00:21:23.933		0.84101			4
2024.07.18	00:21:35.331		0.84102			4
2024.07.18	00:22:01.412	0.84052				2
2024.07.18	00:22:28.134		0.84101			4
2024.07.18	00:22:53.785		0.84100			4
2024.07.18	00:23:01.279	0.84052				2
2024.07.18	00:23:28.760		0.84101			4
2024.07.18	00:23:36.801		0.84102			4
2024.07.18	00:23:48.956		0.84104			4
2024.07.18	00:24:00.888	0.84052				2
2024.07.18	00:24:27.916	0.84065	0.84103			6
2024.07.18	00:25:00.320	0.84065				2
2024.07.18	00:25:19.508		0.84102			4
2024.07.18	00:25:30.276		0.84103			4
2024.07.18	00:26:00.892	0.84065				2
2024.07.18	00:26:08.226		0.84102			4
2024.07.18	00:27:10.887	0.84065	0.84102			6
2024.07.18	00:27:36.079	0.84061	0.84100			6
2024.07.18	00:27:46.763		0.84098			4
2024.07.18	00:28:00.888	0.84061				2
2024.07.18	00:28:05.724		0.84097			4
2024.07.18	00:28:25.192		0.84099			4
2024.07.18	00:28:35.503		0.84097			4
2024.07.18	00:28:50.075		0.84098			4
2024.07.18	00:29:00.233	0.84061	0.84099			6
2024.07.18	00:29:18.014		0.84100			4
2024.07.18	00:29:27.597	0.84072	0.84102			6
2024.07.18	00:29:30.125		0.84104			4
2024.07.18	00:29:33.991	0.84060	0.84099			6
2024.07.18	00:29:34.347	0.84074	0.84103			6
2024.07.18	00:29:37.202		0.84105			4
2024.07.18	00:29:37.709		0.84103			4
2024.07.18	00:29:45.305	0.84060	0.84097			6
2024.07.18	00:30:00.311	0.84060	0.84098			6
2024.07.18	00:30:03.328	0.84064	0.84101			6
2024.07.18	00:30:11.033		0.84102			4
2024.07.18	00:30:30.896	0.84065				2
2024.07.18	00:30:41.372		0.84103			4
2024.07.18	00:31:03.531	0.84065				2
2024.07.18	00:31:27.891		0.84102			4
2024.07.18	00:31:32.581		0.84103			4
2024.07.18	00:31:42.975		0.84102			4
2024.07.18	00:31:45.204		0.84103			4
2024.07.18	00:31:53.045		0.84102			4
2024.07.18	00:32:01.242	0.84065				2
2024.07.18	00:32:02.135	0.84068				2
2024.07.18	00:32:10.408		0.84103			4
2024.07.18	00:32:18.831		0.84102			4
2024.07.18	00:32:35.574		0.84103			4
2024.07.18	00:32:46.654		0.84102			4
2024.07.18	00:33:00.367	0.84068				2
2024.07.18	00:33:02.343	0.84066				2
2024.07.18	00:33:21.833		0.84101			4
2024.07.18	00:33:22.358		0.84104			4
2024.07.18	00:33:25.265		0.84106			4
2024.07.18	00:33:29.116		0.84110			4
2024.07.18	00:33:32.680		0.84111			4
2024.07.18	00:33:34.353		0.84112			4
2024.07.18	00:33:35.888		0.84113			4
2024.07.18	00:33:36.350		0.84112			4
2024.07.18	00:33:36.831		0.84113			4
2024.07.18	00:33:40.354		0.84112			4
2024.07.18	00:33:45.365		0.84107			4
2024.07.18	00:33:46.916		0.84097			4
2024.07.18	00:33:50.437		0.84101			4
2024.07.18	00:33:59.632		0.84109			4
2024.07.18	00:34:00.163	0.84066				2
2024.07.18	00:34:02.354	0.84067				2
2024.07.18	00:34:02.914		0.84110			4
2024.07.18	00:34:05.948		0.84111			4
2024.07.18	00:34:07.848		0.84108			4
2024.07.18	00:34:09.172		0.84111			4
2024.07.18	00:34:10.740		0.84107			4
2024.07.18	00:34:11.920		0.84111			4
2024.07.18	00:34:17.778		0.84112			4
2024.07.18	00:34:21.572		0.84101			4
2024.07.18	00:34:23.532		0.84100			4
2024.07.18	00:34:25.450		0.84099			4
2024.07.18	00:34:33.401		0.84096			4
2024.07.18	00:34:42.182		0.84097			4
2024.07.18	00:34:45.479		0.84096			4
2024.07.18	00:34:59.876		0.84100			4
2024.07.18	00:35:00.794	0.84067	0.84101			6
2024.07.18	00:35:05.651		0.84099			4
2024.07.18	00:35:07.741		0.84101			4
2024.07.18	00:35:12.832		0.84100			4
2024.07.18	00:35:25.390		0.84101			4
2024.07.18	00:35:30.282		0.84100			4
2024.07.18	00:35:33.492		0.84101			4
2024.07.18	00:35:33.801		0.84100			4
2024.07.18	00:35:34.109		0.84102			4
2024.07.18	00:35:34.455		0.84100			4
2024.07.18	00:35:36.802		0.84101			4
2024.07.18	00:35:50.500		0.84100			4
2024.07.18	00:36:00.401	0.84067				2
2024.07.18	00:36:02.342	0.84068				2
2024.07.18	00:36:03.670		0.84106			4
2024.07.18	00:36:05.160		0.84109			4
2024.07.18	00:36:08.962		0.84110			4
2024.07.18	00:36:11.598		0.84109			4
2024.07.18	00:36:13.444		0.84110			4
2024.07.18	00:36:16.946		0.84109			4
2024.07.18	00:36:19.353		0.84106			4
2024.07.18	00:36:19.662		0.84102			4
2024.07.18	00:36:19.963		0.84099			4
2024.07.18	00:36:20.319		0.84100			4
2024.07.18	00:36:20.623		0.84098			4
2024.07.18	00:36:20.928		0.84100			4
2024.07.18	00:36:21.542		0.84099			4
2024.07.18	00:36:22.814		0.84098			4
2024.07.18	00:36:23.125		0.84099			4
2024.07.18	00:36:25.245		0.84097			4
2024.07.18	00:36:26.311		0.84098			4
2024.07.18	00:36:27.142		0.84099			4
2024.07.18	00:36:32.212		0.84098			4
2024.07.18	00:36:33.245		0.84099			4
2024.07.18	00:36:33.559		0.84098			4
2024.07.18	00:36:33.866		0.84099			4
2024.07.18	00:36:34.176		0.84100			4
2024.07.18	00:36:34.691		0.84101			4
2024.07.18	00:36:40.466		0.84102			4
2024.07.18	00:36:43.289		0.84107			4
2024.07.18	00:36:51.817		0.84108			4
2024.07.18	00:36:58.301		0.84107			4
2024.07.18	00:36:58.949		0.84108			4
2024.07.18	00:37:00.807	0.84068				2
2024.07.18	00:37:16.742		0.84109			4
2024.07.18	00:37:17.455		0.84108			4
2024.07.18	00:37:18.630		0.84109			4
2024.07.18	00:37:25.578		0.84108			4
2024.07.18	00:37:28.713		0.84105			4
2024.07.18	00:37:29.783		0.84098			4
2024.07.18	00:37:38.089		0.84104			4
2024.07.18	00:37:40.357		0.84106			4
2024.07.18	00:37:40.681		0.84105			4
2024.07.18	00:37:43.741		0.84104			4
2024.07.18	00:37:50.785		0.84105			4
2024.07.18	00:37:52.295		0.84106			4
2024.07.18	00:37:52.625		0.84105			4
2024.07.18	00:38:00.415	0.84068				2
2024.07.18	00:38:05.965		0.84106			4
2024.07.18	00:38:18.331		0.84105			4
2024.07.18	00:38:23.934		0.84104			4
2024.07.18	00:38:30.351		0.84102			4
2024.07.18	00:38:30.663		0.84105			4
2024.07.18	00:38:33.404		0.84106			4
2024.07.18	00:38:43.198		0.84110			4
2024.07.18	00:38:45.639		0.84109			4
2024.07.18	00:38:46.091		0.84110			4
2024.07.18	00:38:53.643		0.84109			4
2024.07.18	00:38:54.347		0.84110			4
2024.07.18	00:38:55.046		0.84103			4
2024.07.18	00:38:57.476		0.84098			4
2024.07.18	00:39:00.363	0.84068				2
2024.07.18	00:39:00.797		0.84099			4
2024.07.18	00:39:02.945		0.84098			4
2024.07.18	00:39:09.716		0.84099			4
2024.07.18	00:39:15.730		0.84098			4
2024.07.18	00:39:20.473		0.84097			4
2024.07.18	00:39:20.784		0.84098			4
2024.07.18	00:39:30.466		0.84097			4
2024.07.18	00:39:32.367		0.84098			4
2024.07.18	00:39:33.801		0.84104			4
2024.07.18	00:39:34.105		0.84106			4
2024.07.18	00:39:34.504		0.84104			4
2024.07.18	00:39:37.894		0.84108			4
2024.07.18	00:39:42.070		0.84109			4
2024.07.18	00:39:44.799		0.84110			4
2024.07.18	00:39:45.698		0.84109			4
2024.07.18	00:39:46.040		0.84110			4
2024.07.18	00:39:46.912		0.84109			4
2024.07.18	00:39:47.379		0.84101			4
2024.07.18	00:39:47.685		0.84098			4
2024.07.18	00:39:47.995		0.84097			4
2024.07.18	00:39:49.312		0.84098			4
2024.07.18	00:39:49.959		0.84097			4
2024.07.18	00:39:50.267		0.84102			4
2024.07.18	00:39:51.896		0.84107			4
2024.07.18	00:39:55.516		0.84109			4
2024.07.18	00:39:58.995		0.84110			4
2024.07.18	00:39:59.630		0.84109			4
2024.07.18	00:40:01.266	0.84068				2
2024.07.18	00:40:05.613		0.84110			4
2024.07.18	00:40:08.354		0.84109			4
2024.07.18	00:40:09.879		0.84110			4
2024.07.18	00:40:12.050		0.84102			4
2024.07.18	00:40:14.025		0.84101			4
2024.07.18	00:40:14.990		0.84097			4
2024.07.18	00:40:15.357		0.84098			4
2024.07.18	00:40:16.061		0.84099			4
2024.07.18	00:40:17.985		0.84102			4
2024.07.18	00:40:18.327		0.84104			4
2024.07.18	00:40:26.072		0.84105			4
2024.07.18	00:40:34.857		0.84106			4
2024.07.18	00:40:39.414		0.84105			4
2024.07.18	00:41:00.358	0.84068				2
2024.07.18	00:41:05.108		0.84104			4
2024.07.18	00:41:26.433		0.84105			4
2024.07.18	00:41:32.289		0.84106			4
2024.07.18	00:41:32.605		0.84104			4
2024.07.18	00:41:35.994		0.84105			4
2024.07.18	00:41:42.524		0.84104			4
2024.07.18	00:41:45.803		0.84103			4
2024.07.18	00:41:48.119		0.84104			4
2024.07.18	00:41:51.181		0.84105			4
2024.07.18	00:41:56.595		0.84104			4
2024.07.18	00:42:00.417	0.84072	0.84108			6
2024.07.18	00:42:01.000		0.84110			4
2024.07.18	00:42:01.817		0.84122			4
2024.07.18	00:42:02.363		0.84124			4
2024.07.18	00:42:02.759		0.84123			4
2024.07.18	00:42:04.134		0.84122			4
2024.07.18	00:42:05.323		0.84120			4
2024.07.18	00:42:05.664		0.84119			4
2024.07.18	00:42:08.885		0.84118			4
2024.07.18	00:42:13.133		0.84117			4
2024.07.18	00:42:16.347		0.84119			4
2024.07.18	00:42:16.671		0.84121			4
2024.07.18	00:42:17.334		0.84116			4
2024.07.18	00:42:20.039		0.84114			4
2024.07.18	00:42:20.362		0.84116			4
2024.07.18	00:42:21.820		0.84115			4
2024.07.18	00:42:23.029		0.84113			4
2024.07.18	00:42:25.135		0.84112			4
2024.07.18	00:42:25.829		0.84110			4
2024.07.18	00:42:26.932		0.84106			4
2024.07.18	00:42:28.419		0.84103			4
2024.07.18	00:42:28.726		0.84115			4
2024.07.18	00:42:29.075		0.84116			4
2024.07.18	00:42:29.386		0.84117			4
2024.07.18	00:42:29.708		0.84114			4
2024.07.18	00:42:30.655		0.84113			4
2024.07.18	00:42:31.671		0.84108			4
2024.07.18	00:42:32.010		0.84107			4
2024.07.18	00:42:32.827	0.84070	0.84104			6
2024.07.18	00:42:33.298		0.84100			4
2024.07.18	00:42:34.781		0.84104			4
2024.07.18	00:42:36.198		0.84105			4
2024.07.18	00:42:41.143		0.84106			4
2024.07.18	00:42:47.816		0.84105			4
2024.07.18	00:42:51.401		0.84107			4
2024.07.18	00:42:51.707		0.84105			4
2024.07.18	00:42:58.127		0.84107			4
2024.07.18	00:43:00.101	0.84070	0.84108			6
2024.07.18	00:43:05.923		0.84107			4
2024.07.18	00:43:06.249		0.84108			4
2024.07.18	00:43:12.237		0.84107			4
2024.07.18	00:43:20.401		0.84108			4
2024.07.18	00:43:21.927		0.84109			4
2024.07.18	00:43:22.228		0.84106			4
2024.07.18	00:43:22.550		0.84108			4
2024.07.18	00:43:25.243		0.84107			4
2024.07.18	00:43:32.644		0.84108			4
2024.07.18	00:43:34.049		0.84109			4
2024.07.18	00:43:34.948		0.84108			4
2024.07.18	00:43:37.265		0.84107			4
2024.07.18	00:43:50.549		0.84106			4
2024.07.18	00:43:53.702		0.84107			4
2024.07.18	00:43:55.492		0.84106			4
2024.07.18	00:44:01.592	0.84070				2
2024.07.18	00:44:01.966		0.84105			4
2024.07.18	00:44:04.114		0.84106			4
2024.07.18	00:44:19.686		0.84105			4
2024.07.18	00:44:28.140		0.84104			4
2024.07.18	00:44:31.816	0.84076	0.84108			6
2024.07.18	00:44:32.280		0.84109			4
2024.07.18	00:44:36.644		0.84110			4
2024.07.18	00:44:36.963		0.84111			4
2024.07.18	00:44:42.084		0.84122			4
2024.07.18	00:44:43.136		0.84118			4
2024.07.18	00:44:45.537		0.84117			4
2024.07.18	00:44:47.040		0.84116			4
2024.07.18	00:44:48.534		0.84114			4
2024.07.18	00:44:50.332		0.84113			4
2024.07.18	00:44:51.235		0.84106			4
2024.07.18	00:45:01.236	0.84074				2
2024.07.18	00:45:01.636		0.84105			4
2024.07.18	00:45:02.593	0.84067	0.84107			6
2024.07.18	00:45:02.902		0.84105			4
2024.07.18	00:45:06.076	0.84079	0.84093			6
2024.07.18	00:45:06.717		0.84094			4
2024.07.18	00:45:13.830		0.84093			4
2024.07.18	00:45:14.985		0.84094			4
2024.07.18	00:45:16.536		0.84105			4
2024.07.18	00:45:16.844		0.84109			4
2024.07.18	00:45:17.933		0.84104			4
2024.07.18	00:45:18.252		0.84095			4
2024.07.18	00:45:27.036		0.84094			4
2024.07.18	00:45:27.402		0.84095			4
2024.07.18	00:45:33.225		0.84094			4
2024.07.18	00:45:33.762		0.84095			4
2024.07.18	00:45:34.437		0.84097			4
2024.07.18	00:45:34.783		0.84095			4
2024.07.18	00:45:39.204		0.84094			4
2024.07.18	00:45:49.370		0.84093			4
2024.07.18	00:45:49.846		0.84092			4
2024.07.18	00:45:53.933		0.84093			4
2024.07.18	00:46:00.580	0.84079				2
2024.07.18	00:46:12.262	0.84090	0.84094			6
2024.07.18	00:46:12.573		0.84097			4
2024.07.18	00:46:13.287		0.84100			4
2024.07.18	00:46:13.660		0.84097			4
2024.07.18	00:46:16.801		0.84096			4
2024.07.18	00:46:18.639		0.84093			4
2024.07.18	00:46:22.606	0.84086				2
2024.07.18	00:46:27.751		0.84092			4
2024.07.18	00:46:29.941		0.84093			4
2024.07.18	00:46:30.261		0.84094			4
2024.07.18	00:46:35.935		0.84093			4
2024.07.18	00:46:37.334	0.84079	0.84089			6
2024.07.18	00:46:37.655		0.84088			4
2024.07.18	00:46:38.314		0.84087			4
2024.07.18	00:46:40.933		0.84084			4
2024.07.18	00:46:41.274		0.84091			4
2024.07.18	00:46:41.706		0.84094			4
2024.07.18	00:46:42.025		0.84111			4
2024.07.18	00:46:42.667		0.84109			4
2024.07.18	00:46:43.251		0.84110			4
2024.07.18	00:46:43.735		0.84109			4
2024.07.18	00:46:44.087		0.84110			4
2024.07.18	00:46:44.633		0.84108			4
2024.07.18	00:46:45.297		0.84105			4
2024.07.18	00:46:46.277		0.84101			4
2024.07.18	00:46:46.882		0.84099			4
2024.07.18	00:46:48.240		0.84098			4
2024.07.18	00:46:48.834		0.84097			4
2024.07.18	00:46:50.332		0.84096			4
2024.07.18	00:46:51.238		0.84094			4
2024.07.18	00:46:51.930	0.84074	0.84085			6
2024.07.18	00:46:52.560		0.84087			4
2024.07.18	00:46:52.882		0.84088			4
2024.07.18	00:46:53.196		0.84089			4
2024.07.18	00:46:55.613		0.84090			4
2024.07.18	00:46:58.281	0.84069	0.84092			6
2024.07.18	00:46:58.635		0.84091			4
2024.07.18	00:47:00.309	0.84069				2
2024.07.18	00:47:01.160	0.84073	0.84088			6
2024.07.18	00:47:02.170		0.84087			4
2024.07.18	00:47:02.592	0.84069	0.84091			6
2024.07.18	00:47:03.621		0.84092			4
2024.07.18	00:47:03.934		0.84091			4
2024.07.18	00:47:07.648		0.84092			4
2024.07.18	00:47:11.120	0.84077	0.84091			6
2024.07.18	00:47:11.508	0.84080	0.84094			6
2024.07.18	00:47:16.734		0.84096			4
2024.07.18	00:47:17.073		0.84095			4
2024.07.18	00:47:22.867		0.84094			4
2024.07.18	00:47:26.534		0.84095			4
2024.07.18	00:47:42.341		0.84094			4
2024.07.18	00:47:46.281		0.84095			4
2024.07.18	00:47:58.385		0.84097			4
2024.07.18	00:48:00.130	0.84080	0.84096			6
2024.07.18	00:48:01.261		0.84095			4
2024.07.18	00:48:02.565		0.84094			4
2024.07.18	00:48:02.877		0.84093			4
2024.07.18	00:48:17.579		0.84095			4
2024.07.18	00:48:26.130	0.84082	0.84096			6
2024.07.18	00:48:26.754		0.84098			4
2024.07.18	00:48:27.207		0.84096			4
2024.07.18	00:48:31.194		0.84095			4
2024.07.18	00:48:31.734		0.84094			4
2024.07.18	00:48:35.195		0.84095			4
2024.07.18	00:48:41.872	0.84078	0.84093			6
2024.07.18	00:48:42.276		0.84091			4
2024.07.18	00:48:45.591		0.84092			4
2024.07.18	00:48:46.438	0.84077				2
2024.07.18	00:48:46.742	0.84078				2
2024.07.18	00:48:50.480		0.84089			4
2024.07.18	00:48:51.020		0.84087			4
2024.07.18	00:48:52.056	0.84075				2
2024.07.18	00:49:01.751	0.84075				2
2024.07.18	00:49:02.595		0.84086			4
2024.07.18	00:49:07.385		0.84085			4
2024.07.18	00:49:08.293		0.84086			4
2024.07.18	00:49:08.622		0.84087			4
2024.07.18	00:49:16.205		0.84086			4
2024.07.18	00:49:17.286		0.84088			4
2024.07.18	00:49:24.085		0.84085			4
2024.07.18	00:49:24.853		0.84086			4
2024.07.18	00:49:30.366		0.84085			4
2024.07.18	00:49:37.187		0.84084			4
2024.07.18	00:49:44.632		0.84085			4
2024.07.18	00:49:45.262		0.84086			4
2024.07.18	00:49:46.319		0.84085			4
2024.07.18	00:49:47.711		0.84086			4
2024.07.18	00:49:49.591		0.84088			4
2024.07.18	00:49:52.098		0.84087			4
2024.07.18	00:49:54.371		0.84088			4
2024.07.18	00:49:57.327		0.84089			4
2024.07.18	00:50:01.180	0.84075				2
2024.07.18	00:50:04.049		0.84088			4
2024.07.18	00:50:14.934		0.84089			4
2024.07.18	00:50:20.584		0.84087			4
2024.07.18	00:50:21.287		0.84086			4
2024.07.18	00:50:23.379		0.84087			4
2024.07.18	00:50:23.850		0.84088			4
2024.07.18	00:50:29.325		0.84087			4
2024.07.18	00:50:31.765		0.84084			4
2024.07.18	00:50:32.320		0.84085			4
2024.07.18	00:50:35.509		0.84084			4
2024.07.18	00:50:37.671		0.84089			4
2024.07.18	00:50:39.738		0.84094			4
2024.07.18	00:50:40.038		0.84095			4
2024.07.18	00:50:40.359		0.84096			4
2024.07.18	00:50:41.114		0.84095			4
2024.07.18	00:50:41.422		0.84096			4
2024.07.18	00:50:41.723		0.84095			4
2024.07.18	00:50:43.029		0.84097			4
2024.07.18	00:50:46.463		0.84088			4
2024.07.18	00:50:49.650		0.84087			4
2024.07.18	00:50:50.102		0.84083			4
2024.07.18	00:50:51.216		0.84084			4
2024.07.18	00:50:52.488	0.84067				2
2024.07.18	00:50:54.590		0.84085			4
2024.07.18	00:50:55.513	0.84073				2
2024.07.18	00:51:00.660	0.84073				2
2024.07.18	00:51:02.762	0.84075	0.84090			6
2024.07.18	00:51:03.209		0.84093			4
2024.07.18	00:51:04.082	0.84069	0.84088			6
2024.07.18	00:51:04.400		0.84089			4
2024.07.18	00:51:04.700		0.84088			4
2024.07.18	00:51:05.001	0.84071	0.84089			6
2024.07.18	00:51:05.844		0.84092			4
2024.07.18	00:51:06.181		0.84091			4
2024.07.18	00:51:06.499		0.84095			4
2024.07.18	00:51:08.720	0.84069	0.84088			6
2024.07.18	00:51:13.738	0.84071	0.84094			6
2024.07.18	00:51:14.081		0.84095			4
2024.07.18	00:51:32.000		0.84085			4
2024.07.18	00:51:32.347		0.84087			4
2024.07.18	00:51:32.663		0.84086			4
2024.07.18	00:51:34.727		0.84082			4
2024.07.18	00:51:39.630		0.84084			4
2024.07.18	00:51:39.960		0.84085			4
2024.07.18	00:51:40.973		0.84086			4
2024.07.18	00:51:41.481		0.84087			4
2024.07.18	00:51:46.772		0.84088			4
2024.07.18	00:51:47.290	0.84070	0.84083			6
2024.07.18	00:51:47.612		0.84082			4
2024.07.18	00:51:48.200		0.84083			4
2024.07.18	00:51:48.538		0.84084			4
2024.07.18	00:51:48.842		0.84083			4
2024.07.18	00:51:50.323	0.84068	0.84084			6
2024.07.18	00:51:50.634	0.84067	0.84082			6
2024.07.18	00:51:55.124	0.84071	0.84084			6
2024.07.18	00:51:55.474		0.84085			4
2024.07.18	00:51:55.782		0.84087			4
2024.07.18	00:51:56.081		0.84088			4
2024.07.18	00:51:56.851	0.84069	0.84086			6
2024.07.18	00:51:57.187		0.84085			4
2024.07.18	00:51:57.505	0.84074	0.84088			6
2024.07.18	00:52:00.386	0.84074				2
2024.07.18	00:52:03.343		0.84089			4
2024.07.18	00:52:05.197	0.84076	0.84090			6
2024.07.18	00:52:05.502		0.84092			4
2024.07.18	00:52:08.594		0.84089			4
2024.07.18	00:52:08.902		0.84093			4
2024.07.18	00:52:09.737		0.84094			4
2024.07.18	00:52:13.305		0.84093			4
2024.07.18	00:52:14.055		0.84092			4
2024.07.18	00:52:15.104		0.84093			4
2024.07.18	00:52:17.580	0.84073	0.84090			6
2024.07.18	00:52:17.884		0.84088			4
2024.07.18	00:52:24.851		0.84089			4
2024.07.18	00:52:26.920	0.84074	0.84091			6
2024.07.18	00:52:27.250		0.84092			4
2024.07.18	00:52:27.881		0.84091			4
2024.07.18	00:52:30.345		0.84090			4
2024.07.18	00:52:31.213	0.84073	0.84089			6
2024.07.18	00:52:35.124		0.84090			4
2024.07.18	00:52:35.779	0.84074	0.84093			6
2024.07.18	00:52:36.123		0.84094			4
2024.07.18	00:52:39.306		0.84096			4
2024.07.18	00:52:46.066	0.84069	0.84094			6
2024.07.18	00:52:46.368	0.84071	0.84096			6
2024.07.18	00:52:51.897		0.84094			4
2024.07.18	00:52:57.112		0.84095			4
2024.07.18	00:52:59.604		0.84094			4
2024.07.18	00:53:00.829	0.84071	0.84084			6
2024.07.18	00:53:01.164		0.84086			4
2024.07.18	00:53:03.241		0.84085			4
2024.07.18	00:53:03.882	0.84069	0.84082			6
2024.07.18	00:53:06.554		0.84083			4
2024.07.18	00:53:07.428	0.84071	0.84085			6
2024.07.18	00:53:11.119		0.84092			4
2024.07.18	00:53:11.943		0.84093			4
2024.07.18	00:53:14.349		0.84095			4
2024.07.18	00:53:18.429		0.84094			4
2024.07.18	00:53:18.990		0.84086			4
2024.07.18	00:53:19.441		0.84087			4
2024.07.18	00:53:21.676		0.84085			4
2024.07.18	00:53:22.746	0.84074				2
2024.07.18	00:53:24.200		0.84086			4
2024.07.18	00:53:25.208		0.84087			4
2024.07.18	00:53:27.125		0.84088			4
2024.07.18	00:53:31.694		0.84086			4
2024.07.18	00:53:34.351		0.84087			4
2024.07.18	00:53:37.116		0.84086			4
2024.07.18	00:53:37.556	0.84076	0.84088			6
2024.07.18	00:53:38.490		0.84089			4
2024.07.18	00:53:43.966	0.84074	0.84086			6
2024.07.18	00:53:44.287		0.84087			4
2024.07.18	00:53:48.773		0.84088			4
2024.07.18	00:53:49.126		0.84087			4
2024.07.18	00:53:50.578	0.84073				2
2024.07.18	00:53:52.067	0.84074	0.84089			6
2024.07.18	00:53:59.088	0.84077	0.84090			6
2024.07.18	00:53:59.393		0.84091			4
2024.07.18	00:53:59.708		0.84093			4
2024.07.18	00:54:00.029	0.84077	0.84090			6
2024.07.18	00:54:00.344		0.84091			4
2024.07.18	00:54:04.666		0.84090			4
2024.07.18	00:54:05.124	0.84075	0.84088			6
2024.07.18	00:54:05.656		0.84089			4
2024.07.18	00:54:06.096		0.84088			4
2024.07.18	00:54:08.201		0.84089			4
2024.07.18	00:54:09.135		0.84087			4
2024.07.18	00:54:10.007	0.84077	0.84090			6
2024.07.18	00:54:13.196		0.84091			4
2024.07.18	00:54:14.291	0.84075	0.84088			6
2024.07.18	00:54:15.761	0.84074	0.84087			6
2024.07.18	00:54:33.915		0.84086			4
2024.07.18	00:54:34.222		0.84087			4
2024.07.18	00:54:37.175		0.84085			4
2024.07.18	00:54:43.107	0.84081	0.84101			6
2024.07.18	00:54:43.421		0.84104			4
2024.07.18	00:54:43.742		0.84105			4
2024.07.18	00:54:44.061		0.84108			4
2024.07.18	00:54:44.382		0.84101			4
2024.07.18	00:54:44.688		0.84099			4
2024.07.18	00:54:45.002		0.84101			4
2024.07.18	00:54:45.309		0.84098			4
2024.07.18	00:54:46.212		0.84097			4
2024.07.18	00:54:48.156		0.84099			4
2024.07.18	00:54:49.411		0.84098			4
2024.07.18	00:54:50.609		0.84099			4
2024.07.18	00:54:54.690		0.84100			4
2024.07.18	00:54:55.895		0.84099			4
2024.07.18	00:54:59.249		0.84100			4
2024.07.18	00:55:00.357	0.84081				2
2024.07.18	00:55:03.363		0.84097			4
2024.07.18	00:55:08.934		0.84098			4
2024.07.18	00:55:15.300		0.84097			4
2024.07.18	00:55:26.396		0.84095			4
2024.07.18	00:55:26.702		0.84094			4
2024.07.18	00:55:28.220		0.84096			4
2024.07.18	00:55:28.521		0.84094			4
2024.07.18	00:55:29.466		0.84096			4
2024.07.18	00:55:29.782		0.84095			4
2024.07.18	00:55:30.102		0.84094			4
2024.07.18	00:55:31.465		0.84095			4
2024.07.18	00:55:31.782		0.84094			4
2024.07.18	00:55:32.101		0.84095			4
2024.07.18	00:55:33.367		0.84096			4
2024.07.18	00:55:34.226		0.84098			4
2024.07.18	00:55:34.542		0.84096			4
2024.07.18	00:55:34.852		0.84095			4
2024.07.18	00:55:35.462	0.84083	0.84096			6
2024.07.18	00:55:36.101		0.84097			4
2024.07.18	00:55:36.403	0.84086	0.84100			6
2024.07.18	00:55:36.736		0.84099			4
2024.07.18	00:55:37.106		0.84097			4
2024.07.18	00:55:37.416		0.84100			4
2024.07.18	00:55:39.866		0.84099			4
2024.07.18	00:55:40.904		0.84103			4
2024.07.18	00:55:41.973		0.84098			4
2024.07.18	00:55:42.444	0.84084	0.84102			6
2024.07.18	00:55:42.790		0.84101			4
2024.07.18	00:55:47.838		0.84100			4
2024.07.18	00:55:48.250		0.84101			4
2024.07.18	00:55:50.622		0.84097			4
2024.07.18	00:55:51.127	0.84087	0.84096			6
2024.07.18	00:55:51.428		0.84097			4
2024.07.18	00:55:51.752		0.84098			4
2024.07.18	00:55:53.089		0.84099			4
2024.07.18	00:55:53.402	0.84082				2
2024.07.18	00:55:53.765	0.84084	0.84101			6
2024.07.18	00:55:56.367	0.84083	0.84096			6
2024.07.18	00:55:57.737		0.84097			4
2024.07.18	00:55:59.024		0.84096			4
2024.07.18	00:56:01.089	0.84083	0.84097			6
2024.07.18	00:56:02.842		0.84095			4
2024.07.18	00:56:03.419	0.84081	0.84093			6
2024.07.18	00:56:05.180	0.84083	0.84096			6
2024.07.18	00:56:09.446		0.84094			4
2024.07.18	00:56:09.760		0.84095			4
2024.07.18	00:56:10.323		0.84094			4
2024.07.18	00:56:17.621		0.84095			4
2024.07.18	00:56:21.481		0.84094			4
2024.07.18	00:56:44.208		0.84093			4
2024.07.18	00:56:47.697		0.84094			4
2024.07.18	00:57:01.457	0.84083				2
2024.07.18	00:57:21.502		0.84097			4
2024.07.18	00:57:25.037		0.84096			4
2024.07.18	00:57:26.002		0.84098			4
2024.07.18	00:57:28.705		0.84100			4
2024.07.18	00:57:30.756		0.84094			4
2024.07.18	00:57:41.484		0.84095			4
2024.07.18	00:57:43.582	0.84084	0.84098			6
2024.07.18	00:57:52.135		0.84097			4
2024.07.18	00:57:59.933		0.84096			4
2024.07.18	00:58:00.365	0.84084				2
2024.07.18	00:58:10.608		0.84095			4
2024.07.18	00:58:23.755		0.84096			4
2024.07.18	00:58:49.119	0.84083	0.84095			6
2024.07.18	00:58:58.590		0.84096			4
2024.07.18	00:59:00.440	0.84083				2
2024.07.18	00:59:02.933		0.84095			4
2024.07.18	00:59:16.390		0.84096			4
2024.07.18	00:59:20.150		0.84095			4
2024.07.18	00:59:46.234	0.84082				2
2024.07.18	00:59:46.592		0.84094			4
2024.07.18	00:59:51.326	0.84091	0.84103			6
2024.07.18	00:59:51.646		0.84105			4
2024.07.18	00:59:52.881		0.84104			4
2024.07.18	00:59:54.717	0.84089	0.84100			6
2024.07.18	00:59:55.244		0.84102			4
2024.07.18	00:59:55.549		0.84101			4
2024.07.18	00:59:57.450		0.84103			4
2024.07.18	00:59:57.795		0.84104			4
2024.07.18	00:59:58.103		0.84103			4
2024.07.18	01:00:00.310	0.84085				2
2024.07.18	01:00:00.618	0.84083	0.84095			6
2024.07.18	01:00:00.927	0.84082	0.84100			6
2024.07.18	01:00:01.295	0.84083	0.84099			6
2024.07.18	01:00:01.606	0.84079	0.84091			6
2024.07.18	01:00:02.401		0.84092			4
2024.07.18	01:00:02.983	0.84083	0.84099			6
2024.07.18	01:00:03.285	0.84084	0.84104			6
2024.07.18	01:00:03.608	0.84083	0.84102			6
2024.07.18	01:00:03.913		0.84097			4
2024.07.18	01:00:04.224		0.84096			4
2024.07.18	01:00:04.693	0.84084	0.84097			6
2024.07.18	01:00:05.057		0.84096			4
2024.07.18	01:00:05.394		0.84097			4
2024.07.18	01:00:07.085		0.84098			4
2024.07.18	01:00:07.401	0.84082	0.84096			6
2024.07.18	01:00:07.865	0.84075	0.84091			6
2024.07.18	01:00:09.948	0.84078	0.84092			6
2024.07.18	01:00:10.262	0.84076	0.84091			6
2024.07.18	01:00:10.595		0.84093			4
2024.07.18	01:00:10.913		0.84092			4
2024.07.18	01:00:11.256		0.84091			4
2024.07.18	01:00:14.962	0.84078				2
2024.07.18	01:00:15.652	0.84079	0.84093			6
2024.07.18	01:00:16.118	0.84087	0.84096			6
2024.07.18	01:00:16.423	0.84086	0.84094			6
2024.07.18	01:00:16.752		0.84095			4
2024.07.18	01:00:17.091	0.84087	0.84096			6
2024.07.18	01:00:17.527	0.84085	0.84095			6
2024.07.18	01:00:17.840		0.84096			4
2024.07.18	01:00:18.310	0.84088	0.84095			6
2024.07.18	01:00:18.641	0.84087				2
2024.07.18	01:00:19.998	0.84085				2
2024.07.18	01:00:20.687	0.84087	0.84094			6
2024.07.18	01:00:21.424	0.84085	0.84095			6
2024.07.18	01:00:21.847	0.84087				2
2024.07.18	01:00:22.755		0.84094			4
2024.07.18	01:00:23.985	0.84085	0.84095			6
2024.07.18	01:00:24.766	0.84087				2
2024.07.18	01:00:26.098	0.84084	0.84091			6
2024.07.18	01:00:26.614		0.84092			4
2024.07.18	01:00:29.121	0.84085				2
2024.07.18	01:00:30.941	0.84084	0.84091			6
2024.07.18	01:00:31.595		0.84092			4
2024.07.18	01:00:37.110	0.84085	0.84091			6
2024.07.18	01:00:47.154	0.84084	0.84092			6
2024.07.18	01:00:52.033	0.84085				2
2024.07.18	01:00:52.754	0.84083				2
2024.07.18	01:00:55.733		0.84091			4
2024.07.18	01:00:56.355	0.84085				2
2024.07.18	01:00:56.694		0.84090			4
2024.07.18	01:01:00.255	0.84085	0.84091			6
2024.07.18	01:01:00.610	0.84084				2
2024.07.18	01:01:01.020	0.84083				2
2024.07.18	01:01:06.371		0.84092			4
2024.07.18	01:01:09.509		0.84091			4
2024.07.18	01:01:11.339		0.84092			4
2024.07.18	01:01:20.960	0.84084				2
2024.07.18	01:01:29.313		0.84091			4
2024.07.18	01:01:33.073		0.84092			4
2024.07.18	01:01:34.618		0.84091			4
2024.07.18	01:01:36.778	0.84086				2
2024.07.18	01:01:40.748	0.84085				2
2024.07.18	01:02:00.806	0.84085				2
2024.07.18	01:02:05.460		0.84090			4
2024.07.18	01:02:06.521		0.84093			4
2024.07.18	01:02:16.514		0.84095			4
2024.07.18	01:02:16.830	0.84088				2
2024.07.18	01:02:21.491	0.84087				2
2024.07.18	01:02:24.544		0.84094			4
2024.07.18	01:02:25.672	0.84086	0.84095			6
2024.07.18	01:02:29.032	0.84087				2
2024.07.18	01:02:31.576	0.84088				2
2024.07.18	01:02:39.141	0.84084	0.84091			6
2024.07.18	01:02:45.205	0.84085	0.84092			6
2024.07.18	01:02:45.507		0.84093			4
2024.07.18	01:02:51.253		0.84092			4
2024.07.18	01:02:56.519		0.84093			4
2024.07.18	01:02:59.035		0.84092			4
2024.07.18	01:03:00.147	0.84085				2
2024.07.18	01:03:00.571	0.84086	0.84093			6
2024.07.18	01:03:06.948		0.84092			4
2024.07.18	01:03:13.057	0.84082	0.84088			6
2024.07.18	01:03:13.742		0.84089			4
2024.07.18	01:03:18.762		0.84088			4
2024.07.18	01:03:19.073		0.84089			4
2024.07.18	01:03:32.034	0.84083				2
2024.07.18	01:03:39.022		0.84088			4
2024.07.18	01:03:46.374	0.84082				2
2024.07.18	01:03:51.009	0.84087	0.84094			6
2024.07.18	01:03:52.655	0.84088	0.84093			6
2024.07.18	01:04:00.751	0.84088				2
2024.07.18	01:04:01.562	0.84086	0.84090			6
2024.07.18	01:04:05.099	0.84087				2
2024.07.18	01:04:07.426	0.84086	0.84092			6
2024.07.18	01:04:08.093	0.84087	0.84090			6
2024.07.18	01:04:09.440	0.84086				2
2024.07.18	01:04:14.970	0.84087				2
2024.07.18	01:04:16.113	0.84086				2
2024.07.18	01:04:20.332	0.84087				2
2024.07.18	01:04:23.526	0.84088				2
2024.07.18	01:04:23.985		0.84093			4
2024.07.18	01:04:25.024	0.84087	0.84091			6
2024.07.18	01:04:41.281		0.84093			4
2024.07.18	01:04:41.599	0.84089	0.84094			6
2024.07.18	01:04:45.841		0.84095			4
2024.07.18	01:04:47.333		0.84094			4
2024.07.18	01:05:00.366	0.84089				2
2024.07.18	01:05:05.335	0.84090	0.84095			6
2024.07.18	01:05:11.556	0.84089	0.84094			6
2024.07.18	01:05:21.512	0.84090				2
2024.07.18	01:05:33.519		0.84095			4
2024.07.18	01:05:51.609	0.84092	0.84096			6
2024.07.18	01:05:58.133		0.84097			4
2024.07.18	01:06:00.321	0.84092	0.84096			6
2024.07.18	01:06:01.052	0.84091				2
2024.07.18	01:06:07.061		0.84095			4
2024.07.18	01:06:08.641	0.84090				2
2024.07.18	01:06:21.615		0.84094			4
2024.07.18	01:06:29.641	0.84093	0.84097			6
2024.07.18	01:06:30.142	0.84094				2
2024.07.18	01:06:51.608		0.84098			4
2024.07.18	01:07:00.219	0.84092	0.84096			6
2024.07.18	01:07:04.133	0.84091				2
2024.07.18	01:07:07.885		0.84095			4
2024.07.18	01:07:30.842		0.84096			4
2024.07.18	01:07:31.646		0.84095			4
2024.07.18	01:07:36.645	0.84092				2
2024.07.18	01:07:41.633	0.84091				2
2024.07.18	01:07:46.642	0.84094	0.84099			6
2024.07.18	01:07:47.220	0.84093	0.84097			6
2024.07.18	01:07:54.533	0.84092				2
2024.07.18	01:08:00.898	0.84092				2
2024.07.18	01:08:01.433		0.84098			4
2024.07.18	01:08:10.132		0.84097			4
2024.07.18	01:08:16.733	0.84093				2
2024.07.18	01:08:29.932	0.84092				2
2024.07.18	01:08:47.861	0.84093				2
2024.07.18	01:08:51.667	0.84092	0.84099			6
2024.07.18	01:08:54.759	0.84093				2
2024.07.18	01:08:56.664		0.84098			4
2024.07.18	01:08:57.533	0.84094				2
2024.07.18	01:09:01.424	0.84094				2
2024.07.18	01:09:11.194		0.84097			4
2024.07.18	01:09:40.184	0.84091	0.84095			6
2024.07.18	01:09:46.680	0.84090	0.84094			6
2024.07.18	01:09:56.110	0.84091				2
2024.07.18	01:10:00.291	0.84091				2
2024.07.18	01:10:20.249	0.84090	0.84093			6
2024.07.18	01:10:21.855		0.84092			4
2024.07.18	01:10:40.127		0.84093			4
2024.07.18	01:11:00.858	0.84090				2
2024.07.18	01:11:05.934	0.84089				2
2024.07.18	01:11:08.034	0.84090				2
2024.07.18	01:11:41.332		0.84093			4
2024.07.18	01:11:54.708		0.84094			4
2024.07.18	01:11:56.321		0.84093			4
2024.07.18	01:12:02.373	0.84090				2
2024.07.18	01:12:08.486	0.84091				2
2024.07.18	01:12:13.241	0.84090				2
2024.07.18	01:12:40.611	0.84091				2
2024.07.18	01:12:57.012		0.84093			4
2024.07.18	01:13:00.363	0.84091				2
2024.07.18	01:13:07.718		0.84094			4
2024.07.18	01:13:53.363		0.84095			4
2024.07.18	01:13:54.330	0.84092	0.84096			6
2024.07.18	01:13:55.303		0.84095			4
2024.07.18	01:13:57.330		0.84094			4
2024.07.18	01:13:57.833	0.84091				2
2024.07.18	01:13:59.330		0.84095			4
2024.07.18	01:14:00.302	0.84091				2
2024.07.18	01:14:06.330		0.84094			4
2024.07.18	01:14:09.107	0.84092	0.84097			6
2024.07.18	01:14:13.733	0.84093	0.84096			6
2024.07.18	01:14:26.933		0.84097			4
2024.07.18	01:14:41.934	0.84092				2
2024.07.18	01:14:43.476	0.84093				2
2024.07.18	01:14:50.277	0.84092				2
2024.07.18	01:14:56.175	0.84093				2
2024.07.18	01:15:00.319	0.84093				2
2024.07.18	01:15:05.384	0.84092				2
2024.07.18	01:15:10.216		0.84096			4
2024.07.18	01:15:23.572	0.84093				2
2024.07.18	01:15:26.989	0.84092				2
2024.07.18	01:15:35.516	0.84093				2
2024.07.18	01:15:53.555	0.84092				2
2024.07.18	01:15:54.533	0.84094				2
2024.07.18	01:15:57.593	0.84093				2
2024.07.18	01:16:00.672	0.84093				2
2024.07.18	01:16:10.426		0.84096			4
2024.07.18	01:16:10.734	0.84092				2
2024.07.18	01:16:28.851		0.84095			4
2024.07.18	01:16:37.220	0.84091	0.84093			6
2024.07.18	01:16:37.532		0.84095			4
2024.07.18	01:16:38.741		0.84096			4
2024.07.18	01:16:44.398	0.84090				2
2024.07.18	01:16:46.096	0.84091				2
2024.07.18	01:16:46.403	0.84089	0.84093			6
2024.07.18	01:16:47.110	0.84088				2
2024.07.18	01:16:51.886	0.84087	0.84092			6
2024.07.18	01:16:52.203	0.84088				2
2024.07.18	01:17:00.234	0.84088				2
2024.07.18	01:17:02.847		0.84093			4
2024.07.18	01:17:08.579	0.84087				2
2024.07.18	01:17:08.882		0.84092			4
2024.07.18	01:17:10.001		0.84091			4
2024.07.18	01:17:14.354	0.84086				2
2024.07.18	01:17:14.677	0.84087				2
2024.07.18	01:17:18.175	0.84088				2
2024.07.18	01:17:18.561	0.84087				2
2024.07.18	01:17:19.462		0.84092			4
2024.07.18	01:17:29.166	0.84088				2
2024.07.18	01:17:29.516	0.84087				2
2024.07.18	01:17:32.876	0.84088				2
2024.07.18	01:17:33.613	0.84087				2
2024.07.18	01:17:38.705	0.84085	0.84091			6
2024.07.18	01:17:49.733		0.84090			4
2024.07.18	01:17:52.270	0.84086				2
2024.07.18	01:17:54.071	0.84085				2
2024.07.18	01:17:55.213	0.84086				2
2024.07.18	01:17:57.145	0.84085				2
2024.07.18	01:17:59.491	0.84086				2
2024.07.18	01:18:03.233	0.84086				2
2024.07.18	01:18:03.543	0.84088	0.84092			6
2024.07.18	01:18:03.890	0.84087				2
2024.07.18	01:18:19.147		0.84091			4
2024.07.18	01:18:19.463	0.84086	0.84090			6
2024.07.18	01:18:30.214		0.84091			4
2024.07.18	01:18:32.857	0.84087				2
2024.07.18	01:18:46.820		0.84094			4
2024.07.18	01:19:00.225	0.84087				2
2024.07.18	01:19:15.480	0.84086				2
2024.07.18	01:19:18.993	0.84087				2
2024.07.18	01:19:19.874	0.84086				2
2024.07.18	01:19:25.647	0.84087				2
2024.07.18	01:19:32.442		0.84091			4
2024.07.18	01:19:35.169		0.84090			4
2024.07.18	01:19:36.150	0.84086				2
2024.07.18	01:19:37.293		0.84091			4
2024.07.18	01:19:37.675		0.84090			4
2024.07.18	01:19:49.662	0.84087	0.84091			6
2024.07.18	01:19:50.061	0.84086				2
2024.07.18	01:19:55.996	0.84087				2
2024.07.18	01:20:00.072	0.84087	0.84090			6
2024.07.18	01:20:06.770		0.84091			4
2024.07.18	01:20:07.414		0.84093			4
2024.07.18	01:20:15.787	0.84088				2
2024.07.18	01:20:21.870	0.84089				2
2024.07.18	01:20:25.117	0.84088				2
2024.07.18	01:20:34.122	0.84089				2
2024.07.18	01:20:39.815	0.84088				2
2024.07.18	01:20:41.277		0.84094			4
2024.07.18	01:20:51.278		0.84093			4
2024.07.18	01:21:00.308	0.84088				2
2024.07.18	01:21:05.153		0.84091			4
2024.07.18	01:21:27.724	0.84089				2
2024.07.18	01:21:30.605	0.84088				2
2024.07.18	01:21:48.667	0.84089				2
2024.07.18	01:22:00.546	0.84089				2
2024.07.18	01:22:01.843		0.84092			4
2024.07.18	01:22:03.328	0.84088				2
2024.07.18	01:22:04.565	0.84089	0.84091			6
2024.07.18	01:22:04.912	0.84087				2
2024.07.18	01:22:06.258	0.84089				2
2024.07.18	01:22:18.378	0.84088				2
2024.07.18	01:22:19.806	0.84089				2
2024.07.18	01:22:28.764		0.84092			4
2024.07.18	01:22:32.532		0.84093			4
2024.07.18	01:22:38.561	0.84090				2
2024.07.18	01:22:42.599	0.84091				2
2024.07.18	01:22:46.030		0.84092			4
2024.07.18	01:22:46.601	0.84089				2
2024.07.18	01:22:50.033	0.84090				2
2024.07.18	01:22:50.452	0.84089				2
2024.07.18	01:22:52.022	0.84090				2
2024.07.18	01:22:55.591		0.84093			4
2024.07.18	01:22:58.434	0.84091	0.84092			6
2024.07.18	01:23:00.233	0.84091	0.84093			6
2024.07.18	01:23:05.030	0.84090	0.84092			6
2024.07.18	01:23:08.494	0.84089				2
2024.07.18	01:23:24.047	0.84090				2
2024.07.18	01:23:31.313	0.84089				2
2024.07.18	01:23:44.617	0.84090				2
2024.07.18	01:23:51.610	0.84091				2
2024.07.18	01:23:51.968	0.84090				2
2024.07.18	01:23:53.607	0.84089				2
2024.07.18	01:23:55.903	0.84091				2
2024.07.18	01:23:57.112	0.84090				2
2024.07.18	01:23:58.223	0.84091				2
2024.07.18	01:24:00.419	0.84091				2
2024.07.18	01:24:01.916	0.84090				2
2024.07.18	01:24:03.921	0.84091				2
2024.07.18	01:24:05.934		0.84093			4
2024.07.18	01:24:07.132		0.84092			4
2024.07.18	01:24:07.491	0.84090				2
2024.07.18	01:24:08.614	0.84091				2
2024.07.18	01:24:10.730		0.84093			4
2024.07.18	01:24:13.362	0.84090	0.84092			6
2024.07.18	01:24:21.413	0.84091				2
2024.07.18	01:24:42.602	0.84090				2
2024.07.18	01:24:51.963	0.84091				2
2024.07.18	01:24:56.125	0.84090	0.84093			6
2024.07.18	01:24:56.588		0.84092			4
2024.07.18	01:25:00.348	0.84090				2
2024.07.18	01:25:10.495	0.84089				2
2024.07.18	01:25:11.088	0.84088				2
2024.07.18	01:25:12.181	0.84089				2
2024.07.18	01:25:22.371	0.84088				2
2024.07.18	01:25:31.121	0.84090				2
2024.07.18	01:25:32.161	0.84088				2
2024.07.18	01:25:33.997	0.84090				2
2024.07.18	01:25:34.662	0.84089				2
2024.07.18	01:25:44.451	0.84088	0.84091			6
2024.07.18	01:25:46.983	0.84089				2
2024.07.18	01:25:50.528	0.84088				2
2024.07.18	01:25:51.381	0.84089	0.84092			6
2024.07.18	01:25:51.683	0.84088				2
2024.07.18	01:25:53.379	0.84087	0.84091			6
2024.07.18	01:26:00.480	0.84087	0.84092			6
2024.07.18	01:26:06.588	0.84088				2
2024.07.18	01:26:09.498		0.84091			4
2024.07.18	01:26:14.276	0.84087				2
2024.07.18	01:26:26.335		0.84092			4
2024.07.18	01:26:26.911	0.84088	0.84089			6
2024.07.18	01:26:36.956	0.84087	0.84088			6
2024.07.18	01:26:38.094	0.84086	0.84087			6
2024.07.18	01:26:40.141	0.84087	0.84088			6
2024.07.18	01:27:00.161	0.84087				2
2024.07.18	01:27:01.157		0.84089			4
2024.07.18	01:27:12.097		0.84088			4
2024.07.18	01:27:12.567	0.84088	0.84089			6
2024.07.18	01:27:17.493	0.84087				2
2024.07.18	01:27:17.935	0.84088				2
2024.07.18	01:27:47.162	0.84087				2
2024.07.18	01:27:47.525	0.84088				2
2024.07.18	01:28:00.954	0.84088				2
2024.07.18	01:28:13.937		0.84089			4
2024.07.18	01:28:14.937	0.84087	0.84088			6
2024.07.18	01:28:15.241	0.84088	0.84089			6
2024.07.18	01:28:16.425	0.84087	0.84088			6
2024.07.18	01:28:18.547	0.84088	0.84089			6
2024.07.18	01:28:19.673	0.84089	0.84090			6
2024.07.18	01:28:25.230	0.84087	0.84088			6
2024.07.18	01:28:37.728	0.84088	0.84089			6
2024.07.18	01:28:38.834	0.84087	0.84088			6
2024.07.18	01:29:00.451	0.84087				2
2024.07.18	01:29:08.935		0.84089			4
2024.07.18	01:29:13.489		0.84088			4
2024.07.18	01:29:24.186	0.84086				2
2024.07.18	01:29:27.705	0.84087	0.84089			6
2024.07.18	01:29:29.543		0.84088			4
2024.07.18	01:29:36.584		0.84089			4
2024.07.18	01:29:39.178		0.84090			4
2024.07.18	01:29:39.533		0.84089			4
2024.07.18	01:29:39.857		0.84090			4
2024.07.18	01:29:44.616	0.84088	0.84089			6
2024.07.18	01:29:47.624	0.84089	0.84090			6
2024.07.18	01:29:48.036	0.84090	0.84091			6
2024.07.18	01:29:56.104	0.84089				2
2024.07.18	01:29:56.722	0.84090	0.84092			6
2024.07.18	01:29:58.861	0.84089				2
2024.07.18	01:30:00.117	0.84091				2
2024.07.18	01:30:00.422	0.84092	0.84094			6
2024.07.18	01:30:01.454	0.84091				2
2024.07.18	01:30:02.675	0.84092				2
2024.07.18	01:30:03.708	0.84091				2
2024.07.18	01:30:04.144	0.84090	0.84093			6
2024.07.18	01:30:05.079	0.84091	0.84094			6
2024.07.18	01:30:17.107		0.84093			4
2024.07.18	01:30:17.423		0.84094			4
2024.07.18	01:30:18.675	0.84092				2
2024.07.18	01:30:24.898	0.84093				2
2024.07.18	01:30:26.995	0.84091				2
2024.07.18	01:30:28.901	0.84093				2
2024.07.18	01:30:30.351		0.84095			4
2024.07.18	01:30:37.012	0.84092				2
2024.07.18	01:30:37.324	0.84094				2
2024.07.18	01:30:38.272	0.84093				2
2024.07.18	01:30:48.401	0.84092	0.84094			6
2024.07.18	01:30:53.568	0.84091				2
2024.07.18	01:30:53.973	0.84092				2
2024.07.18	01:31:00.093	0.84092				2
2024.07.18	01:31:04.274		0.84095			4
2024.07.18	01:31:07.776	0.84093				2
2024.07.18	01:31:21.456	0.84094	0.84096			6
2024.07.18	01:31:22.683	0.84093				2
2024.07.18	01:31:26.189	0.84094				2
2024.07.18	01:31:35.870	0.84093				2
2024.07.18	01:31:37.462	0.84094				2
2024.07.18	01:31:43.436	0.84093				2
2024.07.18	01:31:51.239	0.84094				2
2024.07.18	01:32:00.124	0.84094				2
2024.07.18	01:32:03.722		0.84095			4
2024.07.18	01:32:05.454	0.84093	0.84094			6
2024.07.18	01:32:07.003	0.84092				2
2024.07.18	01:32:15.025	0.84091				2
2024.07.18	01:32:19.878	0.84093				2
2024.07.18	01:32:22.973	0.84090				2
2024.07.18	01:32:25.963	0.84093				2
2024.07.18	01:32:30.367	0.84092				2
2024.07.18	01:32:42.094		0.84095			4
2024.07.18	01:32:42.403	0.84093				2
2024.07.18	01:32:43.337	0.84092				2
2024.07.18	01:32:49.659	0.84094				2
2024.07.18	01:32:50.316	0.84093				2
2024.07.18	01:32:50.763	0.84092				2
2024.07.18	01:32:53.934		0.84094			4
2024.07.18	01:32:56.746	0.84093				2
2024.07.18	01:33:00.155	0.84093				2
2024.07.18	01:33:00.530	0.84090				2
2024.07.18	01:33:06.746	0.84091				2
2024.07.18	01:33:12.370	0.84092				2
2024.07.18	01:33:13.041	0.84091				2
2024.07.18	01:33:14.816	0.84094	0.84095			6
2024.07.18	01:33:17.098	0.84092	0.84094			6
2024.07.18	01:33:30.773	0.84093				2
2024.07.18	01:33:32.187	0.84091				2
2024.07.18	01:33:36.000	0.84093				2
2024.07.18	01:33:36.304	0.84091				2
2024.07.18	01:33:39.498	0.84093				2
2024.07.18	01:33:44.359	0.84092	0.84093			6
2024.07.18	01:33:47.939		0.84094			4
2024.07.18	01:33:55.225		0.84093			4
2024.07.18	01:33:56.033	0.84093	0.84094			6
2024.07.18	01:34:00.356	0.84093				2
2024.07.18	01:34:04.851	0.84092				2
2024.07.18	01:34:05.612	0.84093				2
2024.07.18	01:34:10.699	0.84094	0.84095			6
2024.07.18	01:34:13.709	0.84093	0.84094			6
2024.07.18	01:34:14.721	0.84092				2
2024.07.18	01:34:20.641	0.84091				2
2024.07.18	01:34:26.821		0.84093			4
2024.07.18	01:34:29.170	0.84092				2
2024.07.18	01:34:32.140		0.84094			4
2024.07.18	01:34:42.711		0.84093			4
2024.07.18	01:34:48.623		0.84094			4
2024.07.18	01:34:56.279		0.84093			4
2024.07.18	01:35:00.101	0.84092				2
2024.07.18	01:35:01.012	0.84091	0.84092			6
2024.07.18	01:35:01.386	0.84093	0.84094			6
2024.07.18	01:35:07.104		0.84095			4
2024.07.18	01:35:24.664		0.84094			4
2024.07.18	01:35:27.148		0.84095			4
2024.07.18	01:35:27.467		0.84094			4
2024.07.18	01:35:37.128		0.84095			4
2024.07.18	01:36:00.010	0.84093				2
2024.07.18	01:36:05.486		0.84094			4
2024.07.18	01:36:09.836	0.84092				2
2024.07.18	01:36:25.809	0.84093	0.84095			6
2024.07.18	01:36:26.185	0.84092	0.84094			6
2024.07.18	01:36:34.459	0.84093	0.84095			6
2024.07.18	01:36:50.383		0.84094			4
2024.07.18	01:36:54.233		0.84095			4
2024.07.18	01:37:00.679	0.84093				2
2024.07.18	01:37:02.014	0.84092	0.84094			6
2024.07.18	01:37:04.366	0.84093	0.84095			6
2024.07.18	01:37:04.713	0.84092	0.84094			6
2024.07.18	01:37:09.995	0.84093	0.84095			6
2024.07.18	01:37:25.965	0.84094	0.84096			6
2024.07.18	01:37:46.141		0.84095			4
2024.07.18	01:37:51.557	0.84093				2
2024.07.18	01:37:52.315	0.84094				2
2024.07.18	01:38:00.780	0.84094				2
2024.07.18	01:38:06.909	0.84092				2
2024.07.18	01:38:08.767	0.84094				2
2024.07.18	01:38:17.821		0.84096			4
2024.07.18	01:38:23.153		0.84095			4
2024.07.18	01:38:23.960		0.84096			4
2024.07.18	01:38:36.107		0.84095			4
2024.07.18	01:38:36.539		0.84096			4
2024.07.18	01:38:44.465		0.84095			4
2024.07.18	01:38:44.934		0.84096			4
2024.07.18	01:39:00.212	0.84094				2
2024.07.18	01:39:04.398		0.84095			4
2024.07.18	01:39:05.701		0.84096			4
2024.07.18	01:39:10.027		0.84095			4
2024.07.18	01:39:14.933		0.84096			4
2024.07.18	01:39:19.229		0.84095			4
2024.07.18	01:39:23.825		0.84096			4
2024.07.18	01:39:42.007		0.84095			4
2024.07.18	01:39:46.177	0.84096	0.84097			6
2024.07.18	01:39:46.478	0.84095	0.84096			6
2024.07.18	01:39:47.092	0.84093	0.84095			6
2024.07.18	01:39:48.566	0.84092				2
2024.07.18	01:40:02.295	0.84092				2
2024.07.18	01:40:15.058	0.84094				2
2024.07.18	01:40:15.774	0.84093				2
2024.07.18	01:40:21.541	0.84094				2
2024.07.18	01:40:47.412		0.84095			4
2024.07.18	01:40:53.939	0.84093				2
2024.07.18	01:41:00.765	0.84093				2
2024.07.18	01:41:32.834	0.84094				2
2024.07.18	01:41:35.786		0.84096			4
2024.07.18	01:41:37.089		0.84095			4
2024.07.18	01:42:00.235	0.84094				2
2024.07.18	01:42:03.206	0.84093				2
2024.07.18	01:42:04.393		0.84094			4
2024.07.18	01:42:04.707	0.84092				2
2024.07.18	01:42:09.782		0.84095			4
2024.07.18	01:42:16.309	0.84093				2
2024.07.18	01:42:24.214	0.84092				2
2024.07.18	01:42:25.122	0.84093	0.84094			6
2024.07.18	01:42:25.560		0.84095			4
2024.07.18	01:42:33.744	0.84094				2
2024.07.18	01:42:37.669	0.84093				2
2024.07.18	01:42:46.506	0.84094				2
2024.07.18	01:43:00.412	0.84094				2
2024.07.18	01:43:10.036	0.84093				2
2024.07.18	01:43:29.679		0.84095			4
2024.07.18	01:43:58.831		0.84094			4
2024.07.18	01:44:00.058	0.84093				2
2024.07.18	01:44:22.839		0.84095			4
2024.07.18	01:44:25.517	0.84094				2
2024.07.18	01:45:00.401	0.84094				2
2024.07.18	01:45:16.843	0.84093				2
2024.07.18	01:45:18.723		0.84094			4
2024.07.18	01:45:22.022	0.84094	0.84095			6
2024.07.18	01:45:29.080	0.84095	0.84096			6
2024.07.18	01:45:36.482	0.84094	0.84095			6
2024.07.18	01:45:37.118	0.84093				2
2024.07.18	01:45:42.049		0.84094			4
2024.07.18	01:45:48.782		0.84095			4
2024.07.18	01:45:49.819		0.84094			4
2024.07.18	01:45:50.450	0.84094	0.84095			6
2024.07.18	01:45:58.954	0.84093	0.84094			6
2024.07.18	01:46:00.101	0.84093				2
2024.07.18	01:46:00.460		0.84095			4
2024.07.18	01:46:14.602		0.84094			4
2024.07.18	01:47:00.316	0.84093				2
2024.07.18	01:47:04.153	0.84094	0.84095			6
2024.07.18	01:47:29.380	0.84093	0.84094			6
2024.07.18	01:47:56.813	0.84092				2
2024.07.18	01:48:00.802	0.84092				2
2024.07.18	01:48:30.249		0.84094			4
2024.07.18	01:48:42.560	0.84093				2
2024.07.18	01:49:00.651	0.84093				2
2024.07.18	01:49:21.324	0.84092	0.84093			6
2024.07.18	01:49:30.004	0.84093	0.84094			6
2024.07.18	01:49:43.556	0.84092	0.84093			6
2024.07.18	01:49:44.249	0.84093	0.84094			6
2024.07.18	01:49:46.012	0.84092	0.84093			6
2024.07.18	01:49:47.935		0.84094			4
2024.07.18	01:49:51.881	0.84093				2
2024.07.18	01:50:00.389	0.84093				2
2024.07.18	01:50:01.234	0.84092	0.84093			6
2024.07.18	01:50:09.248	0.84093	0.84094			6
2024.07.18	01:50:09.648	0.84092	0.84093			6
2024.07.18	01:50:53.077	0.84093	0.84094			6
2024.07.18	01:51:00.890	0.84093				2
2024.07.18	01:51:06.602	0.84092				2
2024.07.18	01:51:08.750	0.84093				2
2024.07.18	01:51:13.586	0.84092	0.84093			6
2024.07.18	01:51:43.563	0.84091	0.84092			6
2024.07.18	01:51:45.691	0.84092	0.84093			6
2024.07.18	01:51:59.074		0.84094			4
2024.07.18	01:51:59.390	0.84093				2
2024.07.18	01:52:00.117	0.84093				2
2024.07.18	01:52:07.052	0.84092	0.84093			6
2024.07.18	01:52:15.167		0.84094			4
2024.07.18	01:52:16.626	0.84093				2
2024.07.18	01:52:19.114	0.84092				2
2024.07.18	01:52:21.355	0.84093				2
2024.07.18	01:52:22.585	0.84092				2
2024.07.18	01:52:29.019	0.84093				2
2024.07.18	01:52:45.395		0.84095			4
2024.07.18	01:52:51.914		0.84094			4
2024.07.18	01:53:00.827	0.84093				2
2024.07.18	01:53:19.832	0.84092				2
2024.07.18	01:53:43.839	0.84093				2
2024.07.18	01:53:51.019		0.84095			4
2024.07.18	01:54:01.820	0.84093				2
2024.07.18	01:54:04.793		0.84094			4
2024.07.18	01:55:01.739	0.84093				2
2024.07.18	01:55:04.878		0.84094			4
2024.07.18	01:55:12.429	0.84092				2
2024.07.18	01:55:12.836		0.84093			4
2024.07.18	01:56:00.312	0.84092				2
2024.07.18	01:56:06.503		0.84094			4
2024.07.18	01:56:09.264	0.84093				2
2024.07.18	01:56:30.275	0.84092	0.84093			6
2024.07.18	01:56:56.712	0.84093	0.84094			6
2024.07.18	01:57:00.132	0.84093				2
2024.07.18	01:57:30.789	0.84092				2
2024.07.18	01:57:34.771	0.84093				2
2024.07.18	01:57:35.779	0.84094	0.84095			6
2024.07.18	01:57:36.451	0.84093	0.84094			6
2024.07.18	01:58:00.257	0.84093				2
2024.07.18	01:58:31.381	0.84092	0.84093			6
2024.07.18	01:58:50.354	0.84091				2
2024.07.18	01:58:50.668	0.84092				2
2024.07.18	01:59:00.362	0.84092				2
2024.07.18	01:59:08.180		0.84094			4
2024.07.18	01:59:08.540		0.84093			4
2024.07.18	01:59:08.944	0.84091				2
2024.07.18	01:59:10.623	0.84093	0.84094			6
2024.07.18	01:59:12.829	0.84092	0.84093			6
2024.07.18	01:59:18.411	0.84093	0.84094			6
2024.07.18	01:59:24.477	0.84092				2
2024.07.18	01:59:24.782	0.84093				2
2024.07.18	01:59:28.482	0.84092	0.84093			6
2024.07.18	01:59:37.220	0.84093	0.84094			6
2024.07.18	01:59:39.715	0.84092				2
2024.07.18	01:59:42.112		0.84093			4
2024.07.18	02:00:00.076	0.84093	0.84094			6
2024.07.18	02:00:00.727	0.84092	0.84093			6
2024.07.18	02:00:04.864	0.84093	0.84094			6
2024.07.18	02:00:36.397	0.84092	0.84093			6
2024.07.18	02:00:39.225	0.84093	0.84094			6
2024.07.18	02:00:41.500	0.84092	0.84093			6
2024.07.18	02:00:49.224		0.84094			4
2024.07.18	02:00:54.612	0.84093				2
2024.07.18	02:00:56.829	0.84092				2
2024.07.18	02:00:58.684	0.84093				2
2024.07.18	02:00:59.022	0.84094	0.84095			6
2024.07.18	02:01:00.232	0.84094				2
2024.07.18	02:01:24.824	0.84093	0.84094			6
2024.07.18	02:01:25.156	0.84094	0.84095			6
2024.07.18	02:01:47.524	0.84095	0.84097			6
2024.07.18	02:01:48.235		0.84096			4
2024.07.18	02:01:49.180		0.84097			4
2024.07.18	02:01:51.670	0.84096				2
2024.07.18	02:01:55.459	0.84095	0.84096			6
2024.07.18	02:02:00.183	0.84095				2
2024.07.18	02:02:06.716		0.84097			4
2024.07.18	02:02:10.266		0.84096			4
2024.07.18	02:02:15.974	0.84093	0.84095			6
2024.07.18	02:02:28.425	0.84094				2
2024.07.18	02:02:32.527	0.84095	0.84096			6
2024.07.18	02:02:32.831	0.84096	0.84097			6
2024.07.18	02:02:34.681	0.84095	0.84096			6
2024.07.18	02:02:41.424	0.84096	0.84097			6
2024.07.18	02:02:43.739	0.84095				2
2024.07.18	02:02:44.951	0.84096				2
2024.07.18	02:02:45.654	0.84095	0.84096			6
2024.07.18	02:02:50.393	0.84096	0.84097			6
2024.07.18	02:02:57.876	0.84095	0.84096			6
2024.07.18	02:03:00.147	0.84095				2
2024.07.18	02:03:20.215	0.84098	0.84099			6
2024.07.18	02:03:21.272	0.84097	0.84098			6
2024.07.18	02:03:22.172		0.84099			4
2024.07.18	02:03:24.086		0.84098			4
2024.07.18	02:03:30.762	0.84098	0.84099			6
2024.07.18	02:03:50.496		0.84100			4
2024.07.18	02:04:00.542	0.84098				2
2024.07.18	02:04:04.216	0.84099				2
2024.07.18	02:04:18.480	0.84098	0.84099			6
2024.07.18	02:04:19.717	0.84099	0.84100			6
2024.07.18	02:04:25.210	0.84098	0.84099			6
2024.07.18	02:04:28.254	0.84097	0.84098			6
2024.07.18	02:04:36.379	0.84096	0.84099			6
2024.07.18	02:04:38.898		0.84098			4
2024.07.18	02:04:39.581		0.84099			4
2024.07.18	02:04:40.245		0.84098			4
2024.07.18	02:05:00.889	0.84096				2
2024.07.18	02:05:09.033	0.84094	0.84095			6
2024.07.18	02:05:09.892	0.84093				2
2024.07.18	02:05:10.766	0.84094				2
2024.07.18	02:05:13.752		0.84096			4
2024.07.18	02:05:14.063		0.84095			4
2024.07.18	02:05:19.595	0.84093	0.84094			6
2024.07.18	02:05:20.212	0.84094	0.84096			6
2024.07.18	02:05:20.835	0.84095				2
2024.07.18	02:05:21.163	0.84091	0.84093			6
2024.07.18	02:05:21.467	0.84090	0.84091			6
2024.07.18	02:05:21.779	0.84092	0.84093			6
2024.07.18	02:05:22.085	0.84093	0.84094			6
2024.07.18	02:05:22.389	0.84088	0.84090			6
2024.07.18	02:05:22.706	0.84090	0.84091			6
2024.07.18	02:05:23.018	0.84089	0.84090			6
2024.07.18	02:05:23.324	0.84090	0.84091			6
2024.07.18	02:05:23.932	0.84091	0.84092			6
2024.07.18	02:05:26.663	0.84090	0.84091			6
2024.07.18	02:05:26.980	0.84091	0.84092			6
2024.07.18	02:05:27.604	0.84090	0.84091			6
2024.07.18	02:05:29.131	0.84089	0.84090			6
2024.07.18	02:05:29.489	0.84090	0.84091			6
2024.07.18	02:05:30.458	0.84091	0.84092			6
2024.07.18	02:05:30.869	0.84092	0.84093			6
2024.07.18	02:05:31.507	0.84093	0.84094			6
2024.07.18	02:05:32.725	0.84092	0.84093			6
2024.07.18	02:05:54.931	0.84093	0.84094			6
2024.07.18	02:05:55.300	0.84092	0.84093			6
2024.07.18	02:06:00.146	0.84092				2
2024.07.18	02:06:11.173	0.84091	0.84092			6
2024.07.18	02:06:16.837	0.84092	0.84093			6
2024.07.18	02:06:18.072	0.84091	0.84092			6
2024.07.18	02:06:18.384	0.84090	0.84091			6
2024.07.18	02:06:26.883	0.84089	0.84090			6
2024.07.18	02:06:27.185	0.84088	0.84089			6
2024.07.18	02:06:30.346	0.84089	0.84090			6
2024.07.18	02:06:32.302	0.84088	0.84089			6
2024.07.18	02:06:34.953	0.84089	0.84090			6
2024.07.18	02:06:40.190	0.84090	0.84091			6
2024.07.18	02:06:40.503	0.84091	0.84092			6
2024.07.18	02:06:55.759	0.84092	0.84093			6
2024.07.18	02:06:56.541	0.84093	0.84094			6
2024.07.18	02:07:00.353	0.84093				2
2024.07.18	02:07:00.719	0.84092	0.84093			6
2024.07.18	02:07:05.655	0.84090	0.84091			6
2024.07.18	02:07:06.437	0.84091	0.84092			6
2024.07.18	02:07:48.833	0.84090	0.84091			6
2024.07.18	02:07:50.822	0.84091	0.84092			6
2024.07.18	02:07:53.170	0.84090	0.84091			6
2024.07.18	02:07:54.366	0.84091	0.84092			6
2024.07.18	02:07:55.697	0.84090	0.84091			6
2024.07.18	02:07:57.149	0.84091	0.84092			6
2024.07.18	02:07:59.700	0.84090	0.84091			6
2024.07.18	02:08:00.938	0.84090				2
2024.07.18	02:08:03.995	0.84088	0.84090			6
2024.07.18	02:08:06.798	0.84086	0.84088			6
2024.07.18	02:08:10.350	0.84085	0.84087			6
2024.07.18	02:08:11.383		0.84088			4
2024.07.18	02:08:12.234	0.84086				2
2024.07.18	02:08:12.633	0.84085				2
2024.07.18	02:08:14.344	0.84086	0.84089			6
2024.07.18	02:08:14.861		0.84088			4
2024.07.18	02:08:16.550	0.84087				2
2024.07.18	02:08:16.867	0.84086				2
2024.07.18	02:08:17.381		0.84089			4
2024.07.18	02:08:19.353	0.84089	0.84090			6
2024.07.18	02:08:19.816	0.84087	0.84091			6
2024.07.18	02:08:20.867		0.84090			4
2024.07.18	02:08:21.671	0.84086				2
2024.07.18	02:08:24.808	0.84087				2
2024.07.18	02:08:25.489		0.84092			4
2024.07.18	02:08:27.893		0.84091			4
2024.07.18	02:08:28.807	0.84086				2
2024.07.18	02:08:30.879	0.84087				2
2024.07.18	02:08:31.189	0.84086				2
2024.07.18	02:08:31.721	0.84087				2
2024.07.18	02:08:32.160	0.84086				2
2024.07.18	02:08:32.949	0.84087				2
2024.07.18	02:08:38.123	0.84088				2
2024.07.18	02:08:39.139	0.84090				2
2024.07.18	02:08:40.663	0.84089				2
2024.07.18	02:08:47.280	0.84088				2
2024.07.18	02:08:47.588	0.84087	0.84090			6
2024.07.18	02:08:47.996	0.84088	0.84091			6
2024.07.18	02:08:48.698	0.84087				2
2024.07.18	02:08:49.217	0.84088				2
2024.07.18	02:08:49.704	0.84087	0.84090			6
2024.07.18	02:08:51.365	0.84088	0.84091			6
2024.07.18	02:08:52.887	0.84087				2
2024.07.18	02:08:54.278	0.84088				2
2024.07.18	02:08:57.622	0.84089				2
2024.07.18	02:08:58.323	0.84088				2
2024.07.18	02:09:00.163	0.84089	0.84090			6
2024.07.18	02:09:00.498		0.84091			4
2024.07.18	02:09:03.046	0.84090				2
2024.07.18	02:09:03.365	0.84089	0.84090			6
2024.07.18	02:09:03.686	0.84090	0.84091			6
2024.07.18	02:09:04.306	0.84089	0.84092			6
2024.07.18	02:09:04.625	0.84092	0.84093			6
2024.07.18	02:09:15.581	0.84093	0.84094			6
2024.07.18	02:09:17.563	0.84092	0.84093			6
2024.07.18	02:09:20.384	0.84091	0.84092			6
2024.07.18	02:09:20.928	0.84092	0.84093			6
2024.07.18	02:09:29.708	0.84093	0.84094			6
2024.07.18	02:09:30.021	0.84094	0.84095			6
2024.07.18	02:09:31.049	0.84093	0.84094			6
2024.07.18	02:09:34.961	0.84094	0.84095			6
2024.07.18	02:09:35.265	0.84095	0.84096			6
2024.07.18	02:09:44.107	0.84094	0.84095			6
2024.07.18	02:09:56.126	0.84095	0.84096			6
2024.07.18	02:10:00.147	0.84095				2
2024.07.18	02:10:22.315	0.84096	0.84097			6
2024.07.18	02:10:25.549	0.84097	0.84098			6
2024.07.18	02:10:25.879	0.84096	0.84097			6
2024.07.18	02:10:29.933	0.84095	0.84096			6
2024.07.18	02:10:31.677	0.84094	0.84095			6
2024.07.18	02:10:33.311	0.84095	0.84096			6
2024.07.18	02:11:00.363	0.84095				2
2024.07.18	02:11:10.494	0.84096	0.84097			6
2024.07.18	02:11:29.177	0.84097	0.84098			6
2024.07.18	02:11:43.006	0.84096	0.84097			6
2024.07.18	02:11:43.528	0.84097	0.84098			6
2024.07.18	02:11:46.087	0.84096	0.84097			6
2024.07.18	02:12:00.646	0.84096				2
2024.07.18	02:12:18.204	0.84097	0.84098			6
2024.07.18	02:12:24.241	0.84098	0.84099			6
2024.07.18	02:12:58.313	0.84099	0.84100			6
2024.07.18	02:13:00.351	0.84099				2
2024.07.18	02:13:13.302	0.84100	0.84101			6
2024.07.18	02:13:15.305	0.84099	0.84100			6
2024.07.18	02:13:33.498	0.84100	0.84101			6
2024.07.18	02:13:46.921	0.84099	0.84100			6
2024.07.18	02:13:48.259	0.84100	0.84101			6
2024.07.18	02:13:52.919	0.84099	0.84100			6
2024.07.18	02:13:53.240	0.84100	0.84101			6
2024.07.18	02:13:53.542	0.84099	0.84100			6
2024.07.18	02:14:00.745	0.84099				2
2024.07.18	02:14:01.922	0.84100	0.84101			6
2024.07.18	02:14:02.283	0.84099	0.84100			6
2024.07.18	02:14:15.228	0.84098	0.84099			6
2024.07.18	02:14:22.292	0.84099	0.84100			6
2024.07.18	02:14:24.295	0.84100	0.84101			6
2024.07.18	02:14:59.407	0.84101	0.84102			6
2024.07.18	02:15:02.372	0.84101				2
2024.07.18	02:15:06.450	0.84100	0.84101			6
2024.07.18	02:15:06.880	0.84101	0.84102			6
2024.07.18	02:15:07.693	0.84100	0.84101			6
2024.07.18	02:15:10.935	0.84101	0.84102			6
2024.07.18	02:15:12.914	0.84100	0.84101			6
2024.07.18	02:15:13.809	0.84101	0.84102			6
2024.07.18	02:15:15.321	0.84100	0.84101			6
2024.07.18	02:15:15.789	0.84101	0.84102			6
2024.07.18	02:15:30.455	0.84100	0.84101			6
2024.07.18	02:15:30.777	0.84099	0.84100			6
2024.07.18	02:15:33.986	0.84097	0.84098			6
2024.07.18	02:15:38.881	0.84098	0.84099			6
2024.07.18	02:15:50.351	0.84099	0.84100			6
2024.07.18	02:15:51.270	0.84098	0.84099			6
2024.07.18	02:15:51.751	0.84099	0.84100			6
2024.07.18	02:15:52.859	0.84098	0.84099			6
2024.07.18	02:16:00.474	0.84098				2
2024.07.18	02:16:15.444	0.84097	0.84098			6
2024.07.18	02:16:16.496	0.84096	0.84097			6
2024.07.18	02:16:16.900	0.84095	0.84096			6
2024.07.18	02:16:27.713	0.84096	0.84097			6
2024.07.18	02:16:28.228	0.84095	0.84096			6
2024.07.18	02:16:30.051	0.84094	0.84095			6
2024.07.18	02:16:35.952	0.84093	0.84094			6
2024.07.18	02:16:38.987	0.84092				2
2024.07.18	02:16:40.619	0.84095	0.84096			6
2024.07.18	02:16:56.253	0.84091	0.84093			6
2024.07.18	02:16:57.316	0.84092				2
2024.07.18	02:17:00.292	0.84092				2
2024.07.18	02:17:18.438	0.84091	0.84092			6
2024.07.18	02:17:18.814	0.84092	0.84093			6
2024.07.18	02:17:22.501	0.84093	0.84094			6
2024.07.18	02:17:22.863	0.84092	0.84093			6
2024.07.18	02:17:42.459	0.84093	0.84094			6
2024.07.18	02:17:43.912	0.84092	0.84093			6
2024.07.18	02:17:48.447	0.84093	0.84094			6
2024.07.18	02:17:49.429	0.84091	0.84092			6
2024.07.18	02:17:52.094		0.84093			4
2024.07.18	02:17:53.032		0.84092			4
2024.07.18	02:17:56.118	0.84092	0.84093			6
2024.07.18	02:18:01.324	0.84092				2
2024.07.18	02:18:19.002	0.84093	0.84094			6
2024.07.18	02:18:26.446	0.84092	0.84093			6
2024.07.18	02:18:50.395	0.84093	0.84094			6
2024.07.18	02:18:55.143	0.84090	0.84093			6
2024.07.18	02:18:55.506		0.84091			4
2024.07.18	02:18:57.751	0.84092	0.84093			6
2024.07.18	02:19:00.584	0.84093	0.84094			6
2024.07.18	02:19:09.509	0.84092	0.84093			6
2024.07.18	02:19:19.221	0.84093	0.84094			6
2024.07.18	02:19:55.407	0.84094	0.84095			6
2024.07.18	02:19:55.763	0.84093	0.84094			6
2024.07.18	02:20:00.889	0.84093				2
2024.07.18	02:20:11.160	0.84094	0.84095			6
2024.07.18	02:20:20.026	0.84095	0.84096			6
2024.07.18	02:20:23.005	0.84094	0.84095			6
2024.07.18	02:20:26.040	0.84095	0.84096			6
2024.07.18	02:20:27.420	0.84094	0.84095			6
2024.07.18	02:20:41.652	0.84097	0.84098			6
2024.07.18	02:21:00.322	0.84097				2
2024.07.18	02:21:44.424		0.84098			4
2024.07.18	02:22:01.118	0.84097				2
2024.07.18	02:22:20.419	0.84095				2
2024.07.18	02:22:21.298	0.84096	0.84097			6
2024.07.18	02:22:21.603	0.84097	0.84098			6
2024.07.18	02:22:49.796	0.84095	0.84096			6
2024.07.18	02:22:50.168		0.84097			4
2024.07.18	02:22:50.472	0.84094				2
2024.07.18	02:22:51.366		0.84096			4
2024.07.18	02:22:54.132	0.84093				2
2024.07.18	02:22:54.971	0.84094				2
2024.07.18	02:22:55.674		0.84095			4
2024.07.18	02:22:56.912		0.84096			4
2024.07.18	02:23:00.164	0.84094				2
2024.07.18	02:23:02.488		0.84097			4
2024.07.18	02:23:03.832		0.84096			4
2024.07.18	02:23:11.585		0.84097			4
2024.07.18	02:23:12.116		0.84096			4
2024.07.18	02:23:12.834	0.84095				2
2024.07.18	02:23:15.181	0.84094				2
2024.07.18	02:23:16.304	0.84095				2
2024.07.18	02:23:17.080		0.84097			4
2024.07.18	02:23:17.382		0.84096			4
2024.07.18	02:23:19.954		0.84097			4
2024.07.18	02:23:21.277	0.84096				2
2024.07.18	02:23:27.460	0.84095				2
2024.07.18	02:23:29.333		0.84096			4
2024.07.18	02:23:37.439	0.84097	0.84098			6
2024.07.18	02:23:42.344	0.84096	0.84097			6
2024.07.18	02:23:43.567	0.84097	0.84098			6
2024.07.18	02:23:46.452	0.84096	0.84097			6
2024.07.18	02:23:47.375	0.84097	0.84098			6
2024.07.18	02:23:48.785	0.84096	0.84097			6
2024.07.18	02:24:00.628	0.84096				2
2024.07.18	02:24:03.342	0.84097	0.84098			6
2024.07.18	02:24:04.433	0.84096	0.84097			6
2024.07.18	02:24:07.441	0.84097	0.84098			6
2024.07.18	02:24:08.495	0.84096	0.84097			6
2024.07.18	02:24:09.473	0.84097	0.84098			6
2024.07.18	02:24:10.525	0.84096	0.84097			6
2024.07.18	02:24:11.312	0.84097	0.84098			6
2024.07.18	02:24:11.667	0.84096	0.84097			6
2024.07.18	02:24:21.811	0.84097	0.84098			6
2024.07.18	02:24:37.317	0.84096	0.84097			6
2024.07.18	02:24:41.554	0.84097	0.84098			6
2024.07.18	02:24:59.344	0.84098	0.84099			6
2024.07.18	02:25:00.370	0.84098				2
2024.07.18	02:25:04.984	0.84097	0.84098			6
2024.07.18	02:25:48.148	0.84096	0.84097			6
2024.07.18	02:25:54.426	0.84097	0.84098			6
2024.07.18	02:25:56.196	0.84098	0.84099			6
2024.07.18	02:26:00.101	0.84098				2
2024.07.18	02:26:00.764	0.84097	0.84098			6
2024.07.18	02:26:01.441	0.84098	0.84099			6
2024.07.18	02:27:01.990	0.84098	0.84099			6
2024.07.18	02:27:46.910	0.84101	0.84102			6
2024.07.18	02:27:49.789	0.84102	0.84103			6
2024.07.18	02:28:00.273	0.84102				2
2024.07.18	02:28:05.602	0.84103	0.84104			6
2024.07.18	02:28:12.549	0.84102	0.84103			6
2024.07.18	02:28:13.675	0.84101	0.84102			6
2024.07.18	02:28:13.983	0.84098	0.84101			6
2024.07.18	02:28:15.026	0.84099	0.84100			6
2024.07.18	02:28:21.021	0.84098	0.84099			6
2024.07.18	02:28:33.242	0.84097	0.84098			6
2024.07.18	02:28:34.460	0.84096	0.84097			6
2024.07.18	02:28:34.788	0.84093	0.84096			6
2024.07.18	02:28:35.089		0.84095			4
2024.07.18	02:28:35.403	0.84091	0.84094			6
2024.07.18	02:28:35.705	0.84092	0.84095			6
2024.07.18	02:28:36.783		0.84094			4
2024.07.18	02:28:37.438	0.84093				2
2024.07.18	02:28:38.128	0.84092	0.84095			6
2024.07.18	02:28:41.142	0.84094				2
2024.07.18	02:28:55.544	0.84093	0.84094			6
2024.07.18	02:28:55.877	0.84094	0.84095			6
2024.07.18	02:28:58.392	0.84093	0.84094			6
2024.07.18	02:28:59.282	0.84094	0.84095			6
2024.07.18	02:28:59.817	0.84093	0.84094			6
2024.07.18	02:29:00.123	0.84093				2
2024.07.18	02:29:08.521	0.84094	0.84095			6
2024.07.18	02:29:09.593	0.84093	0.84094			6
2024.07.18	02:29:10.501	0.84091				2
2024.07.18	02:29:26.540	0.84092				2
2024.07.18	02:29:28.776	0.84093				2
2024.07.18	02:29:32.367	0.84091	0.84092			6
2024.07.18	02:29:32.671		0.84094			4
2024.07.18	02:29:35.805	0.84092	0.84093			6
2024.07.18	02:29:36.167	0.84091	0.84092			6
2024.07.18	02:29:38.119	0.84090				2
2024.07.18	02:29:38.521	0.84091				2
2024.07.18	02:29:39.177	0.84089	0.84090			6
2024.07.18	02:29:39.485	0.84090	0.84091			6
2024.07.18	02:29:42.600	0.84091	0.84092			6
2024.07.18	02:29:42.909	0.84090	0.84091			6
2024.07.18	02:29:43.232	0.84091	0.84092			6
2024.07.18	02:29:43.729	0.84090	0.84091			6
2024.07.18	02:29:46.747	0.84092	0.84093			6
2024.07.18	02:29:47.081	0.84090	0.84091			6
2024.07.18	02:29:47.771	0.84092	0.84093			6
2024.07.18	02:29:50.688	0.84091	0.84092			6
2024.07.18	02:29:51.579	0.84092	0.84093			6
2024.07.18	02:29:59.262	0.84093	0.84094			6
2024.07.18	02:30:00.433	0.84093				2
2024.07.18	02:30:01.338	0.84092	0.84093			6
2024.07.18	02:30:14.752	0.84093	0.84094			6
2024.07.18	02:30:20.900	0.84092	0.84093			6
2024.07.18	02:30:24.196	0.84093	0.84094			6
2024.07.18	02:30:26.430	0.84092	0.84093			6
2024.07.18	02:31:00.464	0.84092				2
2024.07.18	02:31:01.294	0.84091	0.84092			6
2024.07.18	02:31:02.122	0.84092	0.84093			6
2024.07.18	02:31:08.836	0.84093	0.84094			6
2024.07.18	02:31:12.682	0.84092	0.84093			6
2024.07.18	02:31:14.218	0.84093	0.84094			6
2024.07.18	02:31:17.253	0.84092	0.84093			6
2024.07.18	02:31:28.624	0.84093	0.84094			6
2024.07.18	02:31:28.997	0.84092	0.84093			6
2024.07.18	02:31:29.644	0.84093	0.84094			6
2024.07.18	02:31:32.799	0.84092	0.84093			6
2024.07.18	02:31:33.442	0.84093	0.84094			6
2024.07.18	02:31:35.602	0.84092	0.84093			6
2024.07.18	02:31:35.993	0.84093	0.84094			6
2024.07.18	02:31:37.366	0.84092	0.84093			6
2024.07.18	02:31:37.988	0.84093	0.84094			6
2024.07.18	02:31:39.202	0.84092	0.84093			6
2024.07.18	02:31:39.561	0.84093	0.84094			6
2024.07.18	02:31:40.080	0.84092	0.84093			6
2024.07.18	02:31:42.222	0.84093	0.84094			6
2024.07.18	02:31:57.719	0.84092	0.84093			6
2024.07.18	02:31:59.109	0.84093	0.84094			6
2024.07.18	02:31:59.742	0.84092	0.84093			6
2024.07.18	02:32:00.351	0.84093	0.84094			6
2024.07.18	02:32:08.766	0.84092	0.84093			6
2024.07.18	02:32:58.989	0.84093	0.84094			6
2024.07.18	02:32:59.550	0.84092	0.84093			6
2024.07.18	02:33:00.006	0.84093	0.84094			6
2024.07.18	02:33:01.377	0.84092	0.84093			6
2024.07.18	02:33:02.911	0.84093	0.84094			6
2024.07.18	02:33:56.375	0.84092	0.84093			6
2024.07.18	02:34:00.193	0.84092				2
2024.07.18	02:34:25.961	0.84091	0.84092			6
2024.07.18	02:34:26.460	0.84092	0.84093			6
2024.07.18	02:34:26.766	0.84090	0.84091			6
2024.07.18	02:34:29.384	0.84088	0.84089			6
2024.07.18	02:34:29.684	0.84087	0.84088			6
2024.07.18	02:34:29.996	0.84088	0.84089			6
2024.07.18	02:34:32.108	0.84087	0.84088			6
2024.07.18	02:34:33.114	0.84088	0.84089			6
2024.07.18	02:34:43.460	0.84092	0.84093			6
2024.07.18	02:35:00.338	0.84092				2
2024.07.18	02:35:14.601	0.84093	0.84094			6
2024.07.18	02:35:23.078	0.84092	0.84093			6
2024.07.18	02:35:28.036	0.84093	0.84094			6
2024.07.18	02:35:29.061	0.84092	0.84093			6
2024.07.18	02:35:30.707	0.84093	0.84094			6
2024.07.18	02:35:31.012	0.84092	0.84093			6
2024.07.18	02:35:40.828	0.84093	0.84094			6
2024.07.18	02:36:00.021	0.84093				2
2024.07.18	02:36:04.680	0.84092	0.84093			6
2024.07.18	02:36:10.795	0.84093	0.84094			6
2024.07.18	02:36:55.424	0.84092	0.84093			6
2024.07.18	02:37:00.275	0.84092				2
2024.07.18	02:37:15.206	0.84093	0.84094			6
2024.07.18	02:37:33.410	0.84094	0.84095			6
2024.07.18	02:37:33.765	0.84093	0.84094			6
2024.07.18	02:37:38.338	0.84090	0.84091			6
2024.07.18	02:37:39.347	0.84091	0.84092			6
2024.07.18	02:37:40.027	0.84090	0.84091			6
2024.07.18	02:37:40.369	0.84088	0.84090			6
2024.07.18	02:37:41.276	0.84089				2
2024.07.18	02:37:41.650	0.84088				2
2024.07.18	02:37:46.661	0.84089	0.84091			6
2024.07.18	02:37:49.587	0.84088				2
2024.07.18	02:37:50.751	0.84091	0.84092			6
2024.07.18	02:37:51.968	0.84089	0.84091			6
2024.07.18	02:37:53.443	0.84090				2
2024.07.18	02:37:56.251		0.84092			4
2024.07.18	02:38:00.332	0.84090				2
2024.07.18	02:38:02.827	0.84091				2
2024.07.18	02:38:03.150	0.84094	0.84095			6
2024.07.18	02:38:06.605	0.84092	0.84093			6
2024.07.18	02:38:06.907	0.84094	0.84095			6
2024.07.18	02:38:11.006	0.84095	0.84096			6
2024.07.18	02:38:11.992	0.84094	0.84095			6
2024.07.18	02:38:20.123	0.84097	0.84098			6
2024.07.18	02:38:37.021	0.84098	0.84099			6
2024.07.18	02:39:00.284	0.84098				2
2024.07.18	02:39:10.003	0.84099	0.84100			6
2024.07.18	02:39:17.043	0.84100	0.84101			6
2024.07.18	02:39:27.040	0.84098	0.84099			6
2024.07.18	02:39:27.402	0.84099	0.84100			6
2024.07.18	02:39:38.229	0.84100	0.84101			6
2024.07.18	02:39:42.320	0.84099	0.84100			6
2024.07.18	02:39:42.652	0.84100	0.84101			6
2024.07.18	02:39:43.738	0.84099	0.84100			6
2024.07.18	02:39:44.148	0.84100	0.84101			6
2024.07.18	02:39:46.351	0.84101	0.84102			6
2024.07.18	02:39:54.974	0.84100	0.84101			6
2024.07.18	02:39:56.992	0.84099	0.84100			6
2024.07.18	02:39:59.971	0.84100	0.84101			6
2024.07.18	02:40:00.414	0.84100				2
2024.07.18	02:40:11.944	0.84101	0.84102			6
2024.07.18	02:40:12.687	0.84102	0.84103			6
2024.07.18	02:40:26.811	0.84103	0.84104			6
2024.07.18	02:40:27.817	0.84102	0.84103			6
2024.07.18	02:40:28.509	0.84103	0.84104			6
2024.07.18	02:40:49.288	0.84102	0.84103			6
2024.07.18	02:40:50.014	0.84103	0.84104			6
2024.07.18	02:40:51.045	0.84101	0.84102			6
2024.07.18	02:40:52.370	0.84100	0.84101			6
2024.07.18	02:40:54.726	0.84101	0.84102			6
2024.07.18	02:40:55.113	0.84103	0.84104			6
2024.07.18	02:41:00.360	0.84103				2
2024.07.18	02:41:02.701	0.84104	0.84105			6
2024.07.18	02:41:10.414	0.84105	0.84106			6
2024.07.18	02:41:26.785	0.84106	0.84107			6
2024.07.18	02:41:41.553	0.84105	0.84106			6
2024.07.18	02:41:47.997	0.84106	0.84107			6
2024.07.18	02:42:00.690	0.84106				2
2024.07.18	02:42:01.020	0.84105	0.84106			6
2024.07.18	02:42:01.385	0.84106	0.84107			6
2024.07.18	02:42:02.642	0.84105	0.84106			6
2024.07.18	02:42:05.859	0.84106	0.84107			6
2024.07.18	02:42:07.426	0.84105	0.84106			6
2024.07.18	02:42:11.682	0.84106	0.84107			6
2024.07.18	02:42:28.717	0.84107	0.84108			6
2024.07.18	02:42:29.019	0.84106	0.84107			6
2024.07.18	02:42:29.353	0.84107	0.84108			6
2024.07.18	02:42:34.767	0.84109	0.84110			6
2024.07.18	02:42:35.189	0.84108	0.84109			6
2024.07.18	02:42:43.332	0.84109	0.84110			6
2024.07.18	02:42:44.345	0.84110	0.84111			6
2024.07.18	02:42:45.208	0.84109	0.84110			6
2024.07.18	02:42:46.098	0.84108	0.84109			6
2024.07.18	02:42:48.419	0.84109	0.84110			6
2024.07.18	02:42:50.140	0.84110	0.84111			6
2024.07.18	02:42:53.051	0.84109	0.84110			6
2024.07.18	02:42:54.798	0.84110	0.84111			6
2024.07.18	02:42:59.263	0.84109	0.84110			6
2024.07.18	02:43:00.504	0.84109				2
2024.07.18	02:43:01.347	0.84110	0.84111			6
2024.07.18	02:43:03.105	0.84109	0.84110			6
2024.07.18	02:43:05.005	0.84110	0.84111			6
2024.07.18	02:43:06.186	0.84109	0.84110			6
2024.07.18	02:43:07.990	0.84110	0.84111			6
2024.07.18	02:43:09.806	0.84108	0.84109			6
2024.07.18	02:43:13.575	0.84109	0.84110			6
2024.07.18	02:43:16.500	0.84110	0.84111			6
2024.07.18	02:43:20.988	0.84109	0.84110			6
2024.07.18	02:43:29.661	0.84108	0.84109			6
2024.07.18	02:43:30.855	0.84109	0.84110			6
2024.07.18	02:43:32.623	0.84108	0.84109			6
2024.07.18	02:43:34.270	0.84109	0.84110			6
2024.07.18	02:43:35.316	0.84108	0.84109			6
2024.07.18	02:43:35.667	0.84109	0.84110			6
2024.07.18	02:43:45.041	0.84108	0.84109			6
2024.07.18	02:43:45.684	0.84109	0.84110			6
2024.07.18	02:43:46.070	0.84108	0.84109			6
2024.07.18	02:44:00.190	0.84108				2
2024.07.18	02:44:01.376	0.84109	0.84110			6
2024.07.18	02:44:03.124	0.84110	0.84111			6
2024.07.18	02:44:08.621	0.84109	0.84110			6
2024.07.18	02:44:09.664	0.84110	0.84111			6
2024.07.18	02:44:10.646	0.84109	0.84110			6
2024.07.18	02:44:11.793	0.84110	0.84111			6
2024.07.18	02:44:12.514	0.84109	0.84110			6
2024.07.18	02:44:13.999	0.84110	0.84111			6
2024.07.18	02:44:14.307	0.84111	0.84112			6
2024.07.18	02:44:14.672	0.84110	0.84111			6
2024.07.18	02:45:01.566	0.84110				2
2024.07.18	02:45:15.372		0.84111			4
2024.07.18	02:45:21.534	0.84111	0.84112			6
2024.07.18	02:45:29.792	0.84109	0.84110			6
2024.07.18	02:46:00.605	0.84109				2
2024.07.18	02:46:13.579	0.84110	0.84111			6
2024.07.18	02:46:20.983	0.84109	0.84110			6
2024.07.18	02:46:34.066	0.84110	0.84111			6
2024.07.18	02:46:37.954	0.84109	0.84110			6
2024.07.18	02:46:38.713	0.84108	0.84109			6
2024.07.18	02:46:39.614	0.84109	0.84110			6
2024.07.18	02:46:41.485	0.84110	0.84111			6
2024.07.18	02:46:48.118	0.84111	0.84112			6
2024.07.18	02:46:51.856	0.84110	0.84111			6
2024.07.18	02:46:52.856	0.84111	0.84112			6
2024.07.18	02:46:55.610	0.84110	0.84111			6
2024.07.18	02:47:00.322	0.84110				2
2024.07.18	02:47:16.235	0.84112	0.84113			6
2024.07.18	02:47:20.256	0.84111	0.84112			6
2024.07.18	02:47:20.594	0.84110	0.84111			6
2024.07.18	02:47:24.338	0.84109	0.84110			6
2024.07.18	02:47:25.377	0.84108	0.84109			6
2024.07.18	02:47:26.312	0.84109	0.84110			6
2024.07.18	02:47:32.455		0.84111			4
2024.07.18	02:47:36.401	0.84110	0.84112			6
2024.07.18	02:47:36.938		0.84113			4
2024.07.18	02:47:37.450	0.84109	0.84110			6
2024.07.18	02:47:48.120	0.84108	0.84109			6
2024.07.18	02:47:56.144	0.84110	0.84111			6
2024.07.18	02:48:00.119	0.84109	0.84110			6
2024.07.18	02:48:11.279	0.84110	0.84111			6
2024.07.18	02:48:11.582	0.84108	0.84109			6
2024.07.18	02:48:14.716	0.84109	0.84110			6
2024.07.18	02:48:15.080	0.84108	0.84109			6
2024.07.18	02:48:20.179	0.84109	0.84110			6
2024.07.18	02:48:36.234	0.84108	0.84109			6
2024.07.18	02:48:36.987	0.84109	0.84110			6
2024.07.18	02:48:45.272	0.84108	0.84109			6
2024.07.18	02:49:00.367	0.84108				2
2024.07.18	02:49:08.307	0.84109	0.84110			6
2024.07.18	02:49:09.347	0.84108	0.84109			6
2024.07.18	02:49:32.140	0.84109	0.84110			6
2024.07.18	02:49:54.484	0.84108				2
2024.07.18	02:50:00.498	0.84108				2
2024.07.18	02:50:11.373		0.84109			4
2024.07.18	02:50:14.755		0.84110			4
2024.07.18	02:50:28.552	0.84107	0.84108			6
2024.07.18	02:51:00.456	0.84107				2
2024.07.18	02:51:10.390	0.84106	0.84107			6
2024.07.18	02:51:18.443	0.84105	0.84106			6
2024.07.18	02:52:00.379	0.84104	0.84105			6
2024.07.18	02:52:00.687		0.84106			4
2024.07.18	02:52:02.091		0.84105			4
2024.07.18	02:52:03.038	0.84103	0.84104			6
2024.07.18	02:52:03.412	0.84104	0.84105			6
2024.07.18	02:52:15.201	0.84103	0.84104			6
2024.07.18	02:52:25.941	0.84104	0.84105			6
2024.07.18	02:52:35.662	0.84103	0.84104			6
2024.07.18	02:52:37.396	0.84104	0.84105			6
2024.07.18	02:52:58.122	0.84110	0.84111			6
2024.07.18	02:53:00.048	0.84110				2
2024.07.18	02:53:13.812	0.84109	0.84110			6
2024.07.18	02:53:21.827	0.84108	0.84109			6
2024.07.18	02:53:24.638	0.84109	0.84110			6
2024.07.18	02:53:26.192	0.84108	0.84109			6
2024.07.18	02:53:54.572	0.84111	0.84112			6
2024.07.18	02:53:55.232		0.84113			4
2024.07.18	02:53:59.154		0.84114			4
2024.07.18	02:53:59.774		0.84113			4
2024.07.18	02:54:00.169	0.84111				2
2024.07.18	02:54:01.379	0.84112				2
2024.07.18	02:54:01.860	0.84113	0.84114			6
2024.07.18	02:54:30.470	0.84112	0.84113			6
2024.07.18	02:54:31.198	0.84113	0.84114			6
2024.07.18	02:54:47.296	0.84112	0.84113			6
2024.07.18	02:54:58.312	0.84111	0.84112			6
2024.07.18	02:54:59.113	0.84112	0.84113			6
2024.07.18	02:55:00.240	0.84112				2
2024.07.18	02:55:17.481	0.84110	0.84111			6
2024.07.18	02:55:23.156	0.84109	0.84113			6
2024.07.18	02:55:23.481	0.84110				2
2024.07.18	02:55:23.857	0.84109				2
2024.07.18	02:55:27.414		0.84112			4
2024.07.18	02:55:27.841	0.84110				2
2024.07.18	02:55:32.258		0.84111			4
2024.07.18	02:55:33.783	0.84111	0.84112			6
2024.07.18	02:55:34.098	0.84110	0.84111			6
2024.07.18	02:55:35.776	0.84111	0.84112			6
2024.07.18	02:55:58.586	0.84110	0.84111			6
2024.07.18	02:55:59.950	0.84111	0.84112			6
2024.07.18	02:56:00.439	0.84111				2
2024.07.18	02:56:18.075	0.84110	0.84111			6
2024.07.18	02:56:21.472		0.84112			4
2024.07.18	02:56:22.312		0.84111			4
2024.07.18	02:56:22.626		0.84112			4
2024.07.18	02:56:24.011	0.84111				2
2024.07.18	02:56:24.846		0.84113			4
2024.07.18	02:56:25.163		0.84112			4
2024.07.18	02:56:27.420	0.84110	0.84111			6
2024.07.18	02:56:28.923		0.84112			4
2024.07.18	02:56:29.980	0.84109	0.84111			6
2024.07.18	02:56:30.289	0.84110				2
2024.07.18	02:56:45.226	0.84109	0.84110			6
2024.07.18	02:57:00.305	0.84109				2
2024.07.18	02:57:11.682	0.84110	0.84111			6
2024.07.18	02:57:14.240	0.84109	0.84110			6
2024.07.18	02:57:21.664	0.84108	0.84109			6
2024.07.18	02:57:22.503	0.84107	0.84108			6
2024.07.18	02:57:22.848	0.84108	0.84109			6
2024.07.18	02:57:35.583	0.84107	0.84108			6
2024.07.18	02:57:36.956	0.84108	0.84109			6
2024.07.18	02:57:46.794	0.84107	0.84108			6
2024.07.18	02:57:52.591	0.84108	0.84109			6
2024.07.18	02:58:00.489	0.84107	0.84108			6
2024.07.18	02:58:12.922	0.84108	0.84109			6
2024.07.18	02:58:14.080	0.84107	0.84108			6
2024.07.18	02:58:28.713	0.84106	0.84107			6
2024.07.18	02:58:30.317	0.84107	0.84108			6
2024.07.18	02:58:40.628	0.84106	0.84107			6
2024.07.18	02:58:40.949	0.84105	0.84106			6
2024.07.18	02:58:42.083	0.84106	0.84107			6
2024.07.18	02:58:46.201	0.84105	0.84106			6
2024.07.18	02:58:46.819	0.84106	0.84107			6
2024.07.18	02:59:00.237	0.84106				2
2024.07.18	02:59:01.633	0.84105	0.84106			6
2024.07.18	02:59:07.064	0.84104	0.84105			6
2024.07.18	02:59:14.136	0.84105	0.84106			6
2024.07.18	02:59:14.802	0.84104	0.84105			6
2024.07.18	02:59:18.689	0.84105	0.84106			6
2024.07.18	02:59:20.202	0.84104	0.84105			6
2024.07.18	02:59:20.931	0.84103	0.84104			6
2024.07.18	02:59:49.047	0.84101	0.84102			6
2024.07.18	02:59:49.373	0.84103	0.84104			6
2024.07.18	02:59:51.263	0.84102	0.84103			6
2024.07.18	02:59:56.159	0.84101	0.84102			6
2024.07.18	02:59:59.639	0.84103	0.84104			6
2024.07.18	03:00:00.289	0.84104	0.84105			6
2024.07.18	03:00:00.650	0.84103	0.84104			6
2024.07.18	03:00:02.024	0.84102	0.84103			6
2024.07.18	03:00:05.357	0.84101	0.84102			6
2024.07.18	03:00:15.523	0.84100	0.84101			6
2024.07.18	03:00:18.270	0.84101	0.84102			6
2024.07.18	03:00:21.178	0.84100	0.84101			6
2024.07.18	03:00:29.840	0.84099	0.84100			6
2024.07.18	03:00:30.544	0.84100	0.84101			6
2024.07.18	03:00:39.132	0.84099	0.84100			6
2024.07.18	03:00:40.099	0.84097	0.84098			6
2024.07.18	03:00:40.746	0.84096	0.84097			6
2024.07.18	03:00:41.067	0.84095	0.84096			6
2024.07.18	03:00:41.749	0.84094	0.84095			6
2024.07.18	03:00:43.212	0.84093	0.84094			6
2024.07.18	03:00:43.525	0.84094	0.84095			6
2024.07.18	03:00:46.004	0.84095	0.84096			6
2024.07.18	03:00:47.061	0.84096	0.84097			6
2024.07.18	03:00:56.103	0.84097	0.84098			6
2024.07.18	03:00:57.201	0.84096	0.84097			6
2024.07.18	03:00:57.848	0.84098	0.84099			6
2024.07.18	03:01:00.283	0.84097	0.84098			6
2024.07.18	03:01:05.289	0.84099	0.84100			6
2024.07.18	03:01:05.939	0.84098	0.84099			6
2024.07.18	03:01:07.788	0.84099	0.84100			6
2024.07.18	03:01:08.140	0.84098	0.84099			6
2024.07.18	03:01:15.411	0.84097	0.84098			6
2024.07.18	03:01:24.216	0.84096	0.84097			6
2024.07.18	03:01:24.539	0.84097	0.84098			6
2024.07.18	03:01:25.262	0.84096	0.84097			6
2024.07.18	03:01:30.050	0.84097	0.84098			6
2024.07.18	03:01:36.227	0.84096	0.84097			6
2024.07.18	03:01:38.770	0.84097	0.84098			6
2024.07.18	03:01:39.165	0.84096	0.84097			6
2024.07.18	03:01:40.001	0.84097	0.84098			6
2024.07.18	03:01:40.681	0.84096	0.84097			6
2024.07.18	03:01:47.043	0.84097	0.84098			6
2024.07.18	03:01:49.692	0.84096	0.84097			6
2024.07.18	03:02:00.376	0.84096				2
2024.07.18	03:02:03.416	0.84097	0.84098			6
2024.07.18	03:02:04.829	0.84096	0.84097			6
2024.07.18	03:02:05.179	0.84095	0.84096			6
2024.07.18	03:02:05.496	0.84094	0.84095			6
2024.07.18	03:02:05.817	0.84095	0.84096			6
2024.07.18	03:02:09.759	0.84094	0.84095			6
2024.07.18	03:02:13.754	0.84093				2
2024.07.18	03:02:16.191		0.84094			4
2024.07.18	03:02:16.502	0.84092	0.84093			6
2024.07.18	03:02:23.647	0.84093	0.84094			6
2024.07.18	03:02:24.006	0.84092	0.84093			6
2024.07.18	03:02:36.362	0.84091	0.84092			6
2024.07.18	03:02:36.686	0.84092	0.84093			6
2024.07.18	03:02:49.922	0.84091	0.84092			6
2024.07.18	03:02:52.766	0.84092	0.84093			6
2024.07.18	03:02:55.491	0.84093	0.84094			6
2024.07.18	03:02:56.246	0.84092	0.84093			6
2024.07.18	03:03:00.041	0.84092				2
2024.07.18	03:03:00.347	0.84095	0.84096			6
2024.07.18	03:03:01.006	0.84096	0.84097			6
2024.07.18	03:03:04.352	0.84097	0.84098			6
2024.07.18	03:03:10.956	0.84096	0.84097			6
2024.07.18	03:03:13.244	0.84097	0.84098			6
2024.07.18	03:03:21.609	0.84098	0.84099			6
2024.07.18	03:03:21.927	0.84097	0.84098			6
2024.07.18	03:03:23.042	0.84096				2
2024.07.18	03:03:23.452	0.84098	0.84099			6
2024.07.18	03:03:25.612	0.84097	0.84098			6
2024.07.18	03:03:28.082	0.84098	0.84099			6
2024.07.18	03:03:28.822	0.84097	0.84098			6
2024.07.18	03:03:29.798	0.84096	0.84097			6
2024.07.18	03:03:33.231	0.84097	0.84098			6
2024.07.18	03:03:37.505	0.84096	0.84097			6
2024.07.18	03:03:42.219	0.84097	0.84098			6
2024.07.18	03:03:45.251	0.84096	0.84097			6
2024.07.18	03:03:50.805	0.84098	0.84099			6
2024.07.18	03:03:52.050	0.84097	0.84098			6
2024.07.18	03:03:54.934	0.84098	0.84099			6
2024.07.18	03:04:00.109	0.84099	0.84100			6
2024.07.18	03:04:00.516	0.84100	0.84101			6
2024.07.18	03:04:08.929	0.84101	0.84102			6
2024.07.18	03:04:10.018	0.84102	0.84103			6
2024.07.18	03:04:10.648	0.84103	0.84104			6
2024.07.18	03:04:16.389	0.84102	0.84103			6
2024.07.18	03:04:17.401	0.84103	0.84104			6
2024.07.18	03:04:31.790	0.84104	0.84105			6
2024.07.18	03:04:35.167	0.84103	0.84104			6
2024.07.18	03:04:35.527	0.84104	0.84105			6
2024.07.18	03:04:39.154	0.84105	0.84106			6
2024.07.18	03:04:43.207	0.84106	0.84107			6
2024.07.18	03:04:43.564	0.84105	0.84106			6
2024.07.18	03:04:43.926	0.84104	0.84105			6
2024.07.18	03:04:45.415	0.84105	0.84106			6
2024.07.18	03:04:46.685	0.84104	0.84105			6
2024.07.18	03:04:57.426	0.84105	0.84106			6
2024.07.18	03:04:59.432	0.84104	0.84105			6
2024.07.18	03:05:00.204	0.84104				2
2024.07.18	03:05:01.256	0.84107	0.84108			6
2024.07.18	03:05:01.564	0.84108	0.84109			6
2024.07.18	03:05:02.345	0.84107	0.84108			6
2024.07.18	03:05:06.866	0.84106	0.84107			6
2024.07.18	03:05:07.310	0.84107	0.84108			6
2024.07.18	03:05:07.970	0.84106	0.84107			6
2024.07.18	03:05:08.283	0.84105	0.84106			6
2024.07.18	03:05:11.666	0.84106	0.84107			6
2024.07.18	03:05:24.614	0.84105	0.84106			6
2024.07.18	03:05:26.961	0.84104	0.84105			6
2024.07.18	03:05:39.542	0.84103				2
2024.07.18	03:05:39.872		0.84104			4
2024.07.18	03:05:52.542	0.84102	0.84103			6
2024.07.18	03:05:54.169	0.84103	0.84104			6
2024.07.18	03:05:56.241	0.84102	0.84103			6
2024.07.18	03:06:00.341	0.84102				2
2024.07.18	03:06:02.352	0.84101	0.84102			6
2024.07.18	03:06:03.417	0.84102	0.84103			6
2024.07.18	03:06:04.925	0.84101	0.84102			6
2024.07.18	03:06:07.922	0.84102	0.84103			6
2024.07.18	03:06:15.656	0.84101	0.84102			6
2024.07.18	03:06:18.954	0.84102	0.84103			6
2024.07.18	03:06:19.323	0.84101	0.84102			6
2024.07.18	03:06:21.962	0.84102	0.84103			6
2024.07.18	03:06:22.650	0.84101	0.84102			6
2024.07.18	03:06:23.449	0.84102	0.84103			6
2024.07.18	03:06:24.220	0.84101	0.84102			6
2024.07.18	03:06:26.288	0.84102	0.84103			6
2024.07.18	03:06:26.878	0.84101	0.84102			6
2024.07.18	03:06:35.747	0.84102	0.84103			6
2024.07.18	03:06:37.467	0.84101	0.84102			6
2024.07.18	03:06:38.611	0.84102	0.84103			6
2024.07.18	03:06:43.203	0.84101	0.84102			6
2024.07.18	03:06:48.820	0.84102	0.84103			6
2024.07.18	03:06:58.459	0.84103	0.84104			6
2024.07.18	03:06:58.765	0.84102	0.84103			6
2024.07.18	03:07:00.462	0.84102				2
2024.07.18	03:07:02.096	0.84104	0.84105			6
2024.07.18	03:07:03.881	0.84105	0.84106			6
2024.07.18	03:07:04.684	0.84104	0.84105			6
2024.07.18	03:07:12.678	0.84105	0.84106			6
2024.07.18	03:07:13.068	0.84104	0.84105			6
2024.07.18	03:07:13.371	0.84105	0.84106			6
2024.07.18	03:07:15.371	0.84104	0.84105			6
2024.07.18	03:07:16.088	0.84105	0.84106			6
2024.07.18	03:07:19.767	0.84104	0.84105			6
2024.07.18	03:07:23.069	0.84105	0.84106			6
2024.07.18	03:07:23.384	0.84104	0.84105			6
2024.07.18	03:07:28.156	0.84105	0.84106			6
2024.07.18	03:07:36.496	0.84104	0.84105			6
2024.07.18	03:07:38.341	0.84103	0.84104			6
2024.07.18	03:07:38.663	0.84102	0.84103			6
2024.07.18	03:07:41.763	0.84103	0.84104			6
2024.07.18	03:07:43.093	0.84102	0.84103			6
2024.07.18	03:07:43.749	0.84103	0.84104			6
2024.07.18	03:07:51.028	0.84104	0.84105			6
2024.07.18	03:07:59.420	0.84105	0.84106			6
2024.07.18	03:08:00.167	0.84105				2
2024.07.18	03:08:16.977	0.84104	0.84105			6
2024.07.18	03:08:22.587	0.84103	0.84104			6
2024.07.18	03:08:23.769	0.84104	0.84105			6
2024.07.18	03:08:30.489	0.84103	0.84104			6
2024.07.18	03:08:36.272	0.84102	0.84103			6
2024.07.18	03:08:37.163	0.84103	0.84104			6
2024.07.18	03:08:46.054	0.84104	0.84105			6
2024.07.18	03:08:51.276	0.84103	0.84104			6
2024.07.18	03:08:51.676	0.84104	0.84105			6
2024.07.18	03:08:53.048	0.84103	0.84104			6
2024.07.18	03:08:57.328	0.84104	0.84105			6
2024.07.18	03:08:59.617	0.84103	0.84104			6
2024.07.18	03:09:00.509	0.84103				2
2024.07.18	03:09:00.825	0.84104	0.84105			6
2024.07.18	03:09:01.501	0.84103	0.84104			6
2024.07.18	03:09:03.324	0.84102	0.84103			6
2024.07.18	03:09:19.385	0.84101	0.84102			6
2024.07.18	03:09:19.697	0.84102	0.84103			6
2024.07.18	03:09:20.002	0.84101	0.84102			6
2024.07.18	03:09:21.415	0.84102	0.84103			6
2024.07.18	03:09:36.403	0.84101	0.84102			6
2024.07.18	03:09:43.268	0.84100	0.84101			6
2024.07.18	03:09:51.077	0.84101	0.84102			6
2024.07.18	03:09:55.716	0.84102	0.84103			6
2024.07.18	03:09:56.116	0.84101	0.84102			6
2024.07.18	03:10:00.179	0.84101				2
2024.07.18	03:10:05.429	0.84100				2
2024.07.18	03:10:07.699	0.84101				2
2024.07.18	03:10:08.730	0.84102	0.84103			6
2024.07.18	03:10:15.294	0.84101	0.84102			6
2024.07.18	03:10:21.528	0.84102	0.84103			6
2024.07.18	03:10:22.560	0.84101	0.84102			6
2024.07.18	03:10:29.940	0.84102	0.84103			6
2024.07.18	03:10:30.271	0.84101	0.84102			6
2024.07.18	03:10:38.828	0.84102	0.84103			6
2024.07.18	03:10:39.482	0.84101	0.84102			6
2024.07.18	03:10:40.872	0.84102	0.84103			6
2024.07.18	03:10:49.051	0.84101	0.84102			6
2024.07.18	03:10:50.054	0.84102	0.84103			6
2024.07.18	03:10:52.343	0.84100	0.84102			6
2024.07.18	03:10:53.965		0.84103			4
2024.07.18	03:10:54.918	0.84102				2
2024.07.18	03:10:55.542	0.84100	0.84102			6
2024.07.18	03:10:57.569	0.84099				2
2024.07.18	03:10:57.886	0.84098	0.84100			6
2024.07.18	03:11:00.415	0.84097				2
2024.07.18	03:11:00.724		0.84099			4
2024.07.18	03:11:03.167	0.84096				2
2024.07.18	03:11:03.920	0.84097				2
2024.07.18	03:11:05.383	0.84096				2
2024.07.18	03:11:06.158	0.84097				2
2024.07.18	03:11:06.628		0.84098			4
2024.07.18	03:11:20.889		0.84099			4
2024.07.18	03:11:22.149	0.84096				2
2024.07.18	03:11:27.551	0.84097				2
2024.07.18	03:11:28.203	0.84096				2
2024.07.18	03:11:28.535	0.84097				2
2024.07.18	03:11:29.235	0.84096				2
2024.07.18	03:11:50.029	0.84097				2
2024.07.18	03:11:50.596	0.84099	0.84100			6
2024.07.18	03:11:52.653	0.84097	0.84099			6
2024.07.18	03:12:00.114	0.84097				2
2024.07.18	03:12:01.064		0.84100			4
2024.07.18	03:12:11.298		0.84099			4
2024.07.18	03:12:16.903	0.84096	0.84098			6
2024.07.18	03:12:17.209		0.84097			4
2024.07.18	03:12:17.520		0.84098			4
2024.07.18	03:12:17.826	0.84097				2
2024.07.18	03:12:18.138	0.84098	0.84099			6
2024.07.18	03:12:22.070	0.84097	0.84098			6
2024.07.18	03:12:32.213		0.84099			4
2024.07.18	03:12:32.588		0.84098			4
2024.07.18	03:12:33.186	0.84098	0.84099			6
2024.07.18	03:12:45.794	0.84099	0.84100			6
2024.07.18	03:12:51.645	0.84100	0.84101			6
2024.07.18	03:12:54.544	0.84099	0.84100			6
2024.07.18	03:13:00.375	0.84099				2
2024.07.18	03:13:03.114	0.84098	0.84099			6
2024.07.18	03:13:09.707	0.84099	0.84100			6
2024.07.18	03:13:17.005	0.84098	0.84099			6
2024.07.18	03:13:24.693	0.84099	0.84100			6
2024.07.18	03:13:26.645	0.84098	0.84099			6
2024.07.18	03:13:27.638	0.84099	0.84100			6
2024.07.18	03:13:28.574	0.84098	0.84099			6
2024.07.18	03:13:29.293	0.84099	0.84100			6
2024.07.18	03:13:30.364	0.84098	0.84099			6
2024.07.18	03:13:33.241	0.84099	0.84100			6
2024.07.18	03:13:38.411	0.84100	0.84101			6
2024.07.18	03:13:40.510	0.84099	0.84100			6
2024.07.18	03:13:47.476	0.84100	0.84101			6
2024.07.18	03:13:53.965	0.84099	0.84100			6
2024.07.18	03:13:59.781	0.84100	0.84101			6
2024.07.18	03:14:00.163	0.84100				2
2024.07.18	03:14:00.550	0.84098	0.84099			6
2024.07.18	03:14:03.222	0.84099	0.84100			6
2024.07.18	03:14:15.938	0.84101	0.84102			6
2024.07.18	03:14:16.346	0.84099	0.84100			6
2024.07.18	03:14:33.580	0.84098	0.84099			6
2024.07.18	03:14:35.442	0.84099	0.84100			6
2024.07.18	03:14:36.560	0.84098	0.84099			6
2024.07.18	03:14:38.495	0.84099	0.84100			6
2024.07.18	03:14:41.359	0.84098	0.84099			6
2024.07.18	03:14:42.944	0.84099	0.84100			6
2024.07.18	03:15:00.064	0.84099				2
2024.07.18	03:15:01.665	0.84100	0.84101			6
2024.07.18	03:15:03.562	0.84101	0.84102			6
2024.07.18	03:15:04.599	0.84100	0.84101			6
2024.07.18	03:15:12.525	0.84099	0.84100			6
2024.07.18	03:15:35.583	0.84098	0.84099			6
2024.07.18	03:15:58.380	0.84099	0.84100			6
2024.07.18	03:16:00.480	0.84099				2
2024.07.18	03:16:07.772	0.84098	0.84099			6
2024.07.18	03:16:10.493	0.84099	0.84100			6
2024.07.18	03:16:48.213	0.84100	0.84101			6
2024.07.18	03:16:49.814	0.84099	0.84100			6
2024.07.18	03:16:59.469	0.84100	0.84101			6
2024.07.18	03:17:00.169	0.84100				2
2024.07.18	03:17:01.558	0.84099	0.84100			6
2024.07.18	03:17:03.265	0.84098	0.84099			6
2024.07.18	03:17:09.487	0.84099	0.84100			6
2024.07.18	03:17:11.107	0.84098	0.84099			6
2024.07.18	03:17:15.818	0.84099	0.84100			6
2024.07.18	03:17:20.439	0.84098	0.84099			6
2024.07.18	03:17:22.125	0.84099	0.84100			6
2024.07.18	03:17:23.212	0.84098	0.84099			6
2024.07.18	03:17:25.226	0.84099	0.84100			6
2024.07.18	03:17:25.631	0.84098	0.84099			6
2024.07.18	03:17:26.784	0.84099	0.84100			6
2024.07.18	03:17:27.113	0.84098	0.84099			6
2024.07.18	03:17:30.469	0.84099	0.84100			6
2024.07.18	03:17:58.465	0.84098	0.84099			6
2024.07.18	03:18:00.359	0.84099	0.84100			6
2024.07.18	03:18:01.981	0.84098	0.84099			6
2024.07.18	03:18:02.687	0.84099	0.84100			6
2024.07.18	03:18:08.569	0.84098	0.84099			6
2024.07.18	03:18:11.463	0.84097	0.84098			6
2024.07.18	03:18:14.664	0.84098	0.84099			6
2024.07.18	03:18:14.970	0.84099	0.84100			6
2024.07.18	03:18:18.285	0.84098	0.84099			6
2024.07.18	03:18:19.264	0.84099	0.84100			6
2024.07.18	03:18:36.417	0.84100	0.84101			6
2024.07.18	03:18:43.158	0.84101	0.84102			6
2024.07.18	03:18:43.582	0.84100	0.84101			6
2024.07.18	03:18:46.679	0.84101	0.84102			6
2024.07.18	03:18:47.512	0.84100	0.84101			6
2024.07.18	03:18:48.313	0.84101	0.84102			6
2024.07.18	03:18:53.806	0.84100	0.84101			6
2024.07.18	03:18:59.908	0.84101	0.84102			6
2024.07.18	03:19:00.238	0.84100	0.84101			6
2024.07.18	03:19:00.555	0.84101	0.84102			6
2024.07.18	03:19:05.040	0.84100	0.84101			6
2024.07.18	03:19:09.431		0.84102			4
2024.07.18	03:19:09.890	0.84101				2
2024.07.18	03:19:15.349	0.84100	0.84101			6
2024.07.18	03:19:52.400	0.84101	0.84102			6
2024.07.18	03:19:56.318	0.84100	0.84101			6
2024.07.18	03:20:00.470	0.84100				2
2024.07.18	03:20:10.985	0.84099	0.84100			6
2024.07.18	03:20:26.371	0.84100	0.84101			6
2024.07.18	03:20:26.966	0.84099	0.84100			6
2024.07.18	03:20:29.031	0.84100	0.84101			6
2024.07.18	03:20:41.375	0.84101	0.84102			6
2024.07.18	03:20:42.011	0.84100	0.84101			6
2024.07.18	03:21:00.317	0.84100				2
2024.07.18	03:21:03.585	0.84099	0.84100			6
2024.07.18	03:21:03.926	0.84098	0.84099			6
2024.07.18	03:21:05.479	0.84099	0.84100			6
2024.07.18	03:21:44.340	0.84100	0.84101			6
2024.07.18	03:21:44.673	0.84099	0.84100			6
2024.07.18	03:21:46.045	0.84098				2
2024.07.18	03:21:47.309	0.84100	0.84101			6
2024.07.18	03:21:48.371	0.84098	0.84100			6
2024.07.18	03:21:48.680		0.84101			4
2024.07.18	03:21:49.454	0.84099	0.84100			6
2024.07.18	03:21:51.514	0.84098	0.84101			6
2024.07.18	03:21:52.350	0.84100				2
2024.07.18	03:21:52.711	0.84101	0.84102			6
2024.07.18	03:21:53.167	0.84100	0.84101			6
2024.07.18	03:21:54.875	0.84101	0.84102			6
2024.07.18	03:21:56.266	0.84100	0.84101			6
2024.07.18	03:22:00.287	0.84100				2
2024.07.18	03:22:03.232	0.84101	0.84102			6
2024.07.18	03:22:08.260	0.84102	0.84103			6
2024.07.18	03:22:10.324	0.84101	0.84102			6
2024.07.18	03:22:10.654	0.84102	0.84103			6
2024.07.18	03:22:15.799	0.84101	0.84102			6
2024.07.18	03:22:17.546	0.84102	0.84103			6
2024.07.18	03:22:17.883	0.84101	0.84102			6
2024.07.18	03:22:18.347	0.84102	0.84103			6
2024.07.18	03:22:19.174	0.84103	0.84104			6
2024.07.18	03:22:34.531	0.84104	0.84105			6
2024.07.18	03:22:35.932	0.84103	0.84104			6
2024.07.18	03:22:36.737	0.84104	0.84105			6
2024.07.18	03:22:38.840	0.84103	0.84104			6
2024.07.18	03:22:39.213	0.84104	0.84105			6
2024.07.18	03:22:43.287	0.84105	0.84106			6
2024.07.18	03:22:43.626	0.84106	0.84107			6
2024.07.18	03:22:45.558	0.84105	0.84106			6
2024.07.18	03:22:48.013	0.84106	0.84107			6
2024.07.18	03:22:49.531	0.84104	0.84105			6
2024.07.18	03:22:52.293	0.84106	0.84107			6
2024.07.18	03:22:53.312	0.84105	0.84106			6
2024.07.18	03:22:54.295	0.84104	0.84105			6
2024.07.18	03:22:54.910	0.84105	0.84106			6
2024.07.18	03:22:57.312	0.84104	0.84105			6
2024.07.18	03:22:57.993	0.84105	0.84106			6
2024.07.18	03:22:58.374	0.84104	0.84105			6
2024.07.18	03:23:00.046	0.84104				2
2024.07.18	03:23:00.357	0.84105	0.84106			6
2024.07.18	03:23:02.054	0.84106	0.84107			6
2024.07.18	03:23:03.746	0.84105	0.84106			6
2024.07.18	03:23:05.406	0.84106	0.84107			6
2024.07.18	03:23:07.867	0.84105	0.84106			6
2024.07.18	03:23:08.185	0.84106	0.84107			6
2024.07.18	03:23:10.424	0.84107	0.84108			6
2024.07.18	03:23:11.617	0.84106	0.84107			6
2024.07.18	03:23:17.684	0.84103	0.84104			6
2024.07.18	03:23:30.611	0.84104	0.84106			6
2024.07.18	03:23:30.924	0.84106	0.84107			6
2024.07.18	03:23:36.183	0.84107	0.84108			6
2024.07.18	03:23:36.884	0.84106	0.84107			6
2024.07.18	03:23:37.329	0.84107	0.84108			6
2024.07.18	03:23:37.951	0.84106	0.84107			6
2024.07.18	03:23:40.353	0.84107	0.84108			6
2024.07.18	03:23:43.695	0.84108	0.84109			6
2024.07.18	03:23:44.042	0.84107	0.84108			6
2024.07.18	03:24:00.351	0.84107				2
2024.07.18	03:24:08.171	0.84108	0.84109			6
2024.07.18	03:24:08.484	0.84105	0.84106			6
2024.07.18	03:24:09.318	0.84106	0.84107			6
2024.07.18	03:24:09.661	0.84105	0.84106			6
2024.07.18	03:24:16.391	0.84106	0.84107			6
2024.07.18	03:24:16.699	0.84105	0.84106			6
2024.07.18	03:24:24.159	0.84106	0.84107			6
2024.07.18	03:24:26.093	0.84105	0.84106			6
2024.07.18	03:24:26.457	0.84106	0.84107			6
2024.07.18	03:24:26.798	0.84105	0.84106			6
2024.07.18	03:24:28.350	0.84106	0.84107			6
2024.07.18	03:24:28.737	0.84105	0.84106			6
2024.07.18	03:24:46.365	0.84106	0.84107			6
2024.07.18	03:24:48.152	0.84105	0.84106			6
2024.07.18	03:24:48.841	0.84106	0.84107			6
2024.07.18	03:24:49.338	0.84105	0.84106			6
2024.07.18	03:24:50.566	0.84103	0.84104			6
2024.07.18	03:24:51.839	0.84104	0.84105			6
2024.07.18	03:24:52.709	0.84105	0.84106			6
2024.07.18	03:24:54.722	0.84104	0.84105			6
2024.07.18	03:24:56.982	0.84105	0.84106			6
2024.07.18	03:25:00.355	0.84103	0.84105			6
2024.07.18	03:25:00.684	0.84104				2
2024.07.18	03:25:09.228	0.84103	0.84104			6
2024.07.18	03:25:10.246	0.84104	0.84105			6
2024.07.18	03:25:10.577	0.84103	0.84104			6
2024.07.18	03:25:12.289	0.84105	0.84106			6
2024.07.18	03:25:13.830	0.84104	0.84105			6
2024.07.18	03:25:15.480	0.84105	0.84106			6
2024.07.18	03:25:16.682	0.84104	0.84105			6
2024.07.18	03:25:23.255	0.84103	0.84104			6
2024.07.18	03:25:23.907	0.84104	0.84105			6
2024.07.18	03:25:27.268	0.84103	0.84104			6
2024.07.18	03:25:30.076	0.84102	0.84103			6
2024.07.18	03:25:31.615	0.84103	0.84104			6
2024.07.18	03:25:35.620	0.84102	0.84103			6
2024.07.18	03:25:39.612	0.84103	0.84104			6
2024.07.18	03:25:41.219	0.84104	0.84105			6
2024.07.18	03:25:44.481	0.84103	0.84104			6
2024.07.18	03:25:46.405	0.84104	0.84105			6
2024.07.18	03:25:48.657	0.84103	0.84104			6
2024.07.18	03:25:51.428	0.84104	0.84105			6
2024.07.18	03:25:52.383	0.84103	0.84104			6
2024.07.18	03:26:00.788	0.84103				2
2024.07.18	03:26:06.371	0.84102	0.84103			6
2024.07.18	03:26:16.753	0.84101	0.84102			6
2024.07.18	03:26:17.577	0.84102	0.84103			6
2024.07.18	03:26:19.243	0.84103	0.84104			6
2024.07.18	03:26:21.350	0.84104	0.84105			6
2024.07.18	03:26:22.041	0.84103	0.84104			6
2024.07.18	03:26:22.735	0.84104	0.84105			6
2024.07.18	03:26:24.199	0.84103	0.84104			6
2024.07.18	03:26:27.427	0.84104	0.84105			6
2024.07.18	03:26:30.413	0.84103	0.84104			6
2024.07.18	03:26:36.441	0.84104	0.84105			6
2024.07.18	03:26:40.513	0.84103	0.84104			6
2024.07.18	03:26:41.466	0.84104	0.84105			6
2024.07.18	03:26:46.562	0.84103	0.84104			6
2024.07.18	03:26:53.641	0.84104	0.84105			6
2024.07.18	03:26:54.038	0.84103	0.84104			6
2024.07.18	03:26:58.332	0.84104	0.84105			6
2024.07.18	03:27:00.167	0.84104				2
2024.07.18	03:27:04.791	0.84103	0.84104			6
2024.07.18	03:27:16.752	0.84102	0.84103			6
2024.07.18	03:27:17.111	0.84103	0.84104			6
2024.07.18	03:27:24.818	0.84104	0.84105			6
2024.07.18	03:27:25.731	0.84103	0.84104			6
2024.07.18	03:27:30.362	0.84102	0.84103			6
2024.07.18	03:27:30.662	0.84103	0.84104			6
2024.07.18	03:27:31.121	0.84102	0.84103			6
2024.07.18	03:27:31.421	0.84103	0.84104			6
2024.07.18	03:27:37.477	0.84102	0.84103			6
