<DATE>	<TIME>	<BID>	<ASK>	<LAST>	<VOLUME>	<FLAGS>
2024.09.05	00:00:00.029	0.84270	0.84309			6
2024.09.05	00:00:00.429	0.84224	0.84428			6
2024.09.05	00:00:01.046	0.84248	0.84351			6
2024.09.05	00:00:02.217		0.84347			4
2024.09.05	00:00:02.868	0.84225	0.84429			6
2024.09.05	00:00:03.398	0.84248	0.84347			6
2024.09.05	00:00:31.363	0.84247	0.84362			6
2024.09.05	00:00:44.335	0.84248				2
2024.09.05	00:01:00.347	0.84248				2
2024.09.05	00:01:01.074		0.84363			4
2024.09.05	00:02:00.381	0.84248				2
2024.09.05	00:02:01.054	0.84250				2
2024.09.05	00:02:03.340		0.84363			4
2024.09.05	00:03:01.054	0.84253	0.84360			6
2024.09.05	00:04:00.375	0.84253				2
2024.09.05	00:04:01.076		0.84362			4
2024.09.05	00:05:00.339	0.84253				2
2024.09.05	00:05:00.825		0.84361			4
2024.09.05	00:05:09.851		0.84360			4
2024.09.05	00:05:10.750		0.84358			4
2024.09.05	00:05:11.255		0.84356			4
2024.09.05	00:05:12.352		0.84361			4
2024.09.05	00:05:13.336		0.84355			4
2024.09.05	00:05:14.361		0.84354			4
2024.09.05	00:05:15.764		0.84353			4
2024.09.05	00:05:19.337		0.84361			4
2024.09.05	00:05:20.335		0.84355			4
2024.09.05	00:05:21.122		0.84361			4
2024.09.05	00:05:21.428		0.84350			4
2024.09.05	00:05:22.333		0.84361			4
2024.09.05	00:05:23.380		0.84354			4
2024.09.05	00:05:24.356		0.84361			4
2024.09.05	00:05:25.113		0.84358			4
2024.09.05	00:05:25.434		0.84355			4
2024.09.05	00:05:27.360		0.84361			4
2024.09.05	00:05:29.333		0.84359			4
2024.09.05	00:05:30.060		0.84361			4
2024.09.05	00:05:30.374		0.84359			4
2024.09.05	00:05:31.342		0.84361			4
2024.09.05	00:05:32.361		0.84355			4
2024.09.05	00:05:33.372		0.84361			4
2024.09.05	00:05:34.926		0.84360			4
2024.09.05	00:05:35.333		0.84361			4
2024.09.05	00:05:36.335		0.84359			4
2024.09.05	00:05:37.341		0.84361			4
2024.09.05	00:05:43.333		0.84358			4
2024.09.05	00:05:44.116		0.84360			4
2024.09.05	00:05:45.334		0.84358			4
2024.09.05	00:05:46.368		0.84361			4
2024.09.05	00:05:49.031		0.84360			4
2024.09.05	00:05:49.344		0.84357			4
2024.09.05	00:05:50.384		0.84361			4
2024.09.05	00:05:51.385		0.84359			4
2024.09.05	00:05:52.373		0.84357			4
2024.09.05	00:05:53.334		0.84359			4
2024.09.05	00:05:53.891		0.84361			4
2024.09.05	00:05:54.345		0.84349			4
2024.09.05	00:05:55.332		0.84361			4
2024.09.05	00:06:00.370	0.84253	0.84360			6
2024.09.05	00:06:00.706		0.84359			4
2024.09.05	00:06:01.048	0.84252				2
2024.09.05	00:06:01.390		0.84361			4
2024.09.05	00:06:02.339		0.84359			4
2024.09.05	00:06:03.074		0.84358			4
2024.09.05	00:06:03.379		0.84361			4
2024.09.05	00:06:06.155		0.84360			4
2024.09.05	00:06:10.352		0.84359			4
2024.09.05	00:06:11.357		0.84360			4
2024.09.05	00:06:14.368		0.84355			4
2024.09.05	00:06:17.336		0.84361			4
2024.09.05	00:06:18.332		0.84360			4
2024.09.05	00:06:19.337		0.84356			4
2024.09.05	00:06:24.340		0.84355			4
2024.09.05	00:06:25.339		0.84350			4
2024.09.05	00:06:31.342		0.84358			4
2024.09.05	00:06:32.343		0.84359			4
2024.09.05	00:06:33.335		0.84355			4
2024.09.05	00:06:34.352		0.84361			4
2024.09.05	00:06:36.357		0.84357			4
2024.09.05	00:06:38.339		0.84361			4
2024.09.05	00:06:40.223		0.84358			4
2024.09.05	00:06:41.340		0.84349			4
2024.09.05	00:06:44.382		0.84353			4
2024.09.05	00:06:44.783		0.84354			4
2024.09.05	00:06:45.347		0.84359			4
2024.09.05	00:06:47.348		0.84355			4
2024.09.05	00:06:48.338		0.84357			4
2024.09.05	00:06:49.757		0.84355			4
2024.09.05	00:06:50.377		0.84360			4
2024.09.05	00:06:51.352		0.84355			4
2024.09.05	00:06:52.348		0.84357			4
2024.09.05	00:06:53.335		0.84351			4
2024.09.05	00:06:54.420		0.84352			4
2024.09.05	00:06:55.424		0.84348			4
2024.09.05	00:06:56.388		0.84344			4
2024.09.05	00:06:57.387		0.84345			4
2024.09.05	00:06:58.335		0.84349			4
2024.09.05	00:07:00.349	0.84252	0.84351			6
2024.09.05	00:07:01.347		0.84347			4
2024.09.05	00:07:02.334		0.84357			4
2024.09.05	00:07:03.340		0.84361			4
2024.09.05	00:07:06.340		0.84357			4
2024.09.05	00:07:08.342		0.84358			4
2024.09.05	00:07:09.717		0.84360			4
2024.09.05	00:07:13.333		0.84355			4
2024.09.05	00:07:14.339		0.84361			4
2024.09.05	00:07:16.334		0.84358			4
2024.09.05	00:07:17.385		0.84359			4
2024.09.05	00:07:18.340		0.84361			4
2024.09.05	00:07:20.400		0.84360			4
2024.09.05	00:07:29.414		0.84359			4
2024.09.05	00:07:30.334		0.84360			4
2024.09.05	00:07:31.338		0.84358			4
2024.09.05	00:07:38.334		0.84361			4
2024.09.05	00:07:39.335		0.84360			4
2024.09.05	00:07:40.341		0.84361			4
2024.09.05	00:07:44.340		0.84354			4
2024.09.05	00:07:45.338		0.84361			4
2024.09.05	00:07:46.338		0.84357			4
2024.09.05	00:07:51.337		0.84352			4
2024.09.05	00:07:52.381		0.84358			4
2024.09.05	00:07:52.815		0.84359			4
2024.09.05	00:07:54.382		0.84360			4
2024.09.05	00:08:00.342	0.84252				2
2024.09.05	00:08:01.048	0.84254				2
2024.09.05	00:08:02.334		0.84365			4
2024.09.05	00:08:03.339		0.84360			4
2024.09.05	00:08:04.346		0.84354			4
2024.09.05	00:08:05.346		0.84359			4
2024.09.05	00:08:06.345		0.84360			4
2024.09.05	00:08:07.354		0.84357			4
2024.09.05	00:08:08.347		0.84360			4
2024.09.05	00:08:11.334		0.84354			4
2024.09.05	00:08:12.349		0.84362			4
2024.09.05	00:08:13.347		0.84361			4
2024.09.05	00:08:15.333		0.84357			4
2024.09.05	00:08:18.348		0.84352			4
2024.09.05	00:08:22.355		0.84351			4
2024.09.05	00:08:23.101		0.84352			4
2024.09.05	00:08:23.422		0.84353			4
2024.09.05	00:08:28.342		0.84354			4
2024.09.05	00:08:31.354		0.84353			4
2024.09.05	00:08:32.358		0.84358			4
2024.09.05	00:08:33.335		0.84355			4
2024.09.05	00:08:34.368		0.84356			4
2024.09.05	00:08:42.335		0.84355			4
2024.09.05	00:08:50.333		0.84354			4
2024.09.05	00:08:51.333		0.84361			4
2024.09.05	00:08:52.340		0.84357			4
2024.09.05	00:08:53.811		0.84358			4
2024.09.05	00:09:00.339	0.84254				2
2024.09.05	00:09:06.353		0.84357			4
2024.09.05	00:09:14.335		0.84352			4
2024.09.05	00:09:15.221		0.84365			4
2024.09.05	00:09:16.337		0.84357			4
2024.09.05	00:09:19.337		0.84356			4
2024.09.05	00:09:24.660		0.84357			4
2024.09.05	00:09:26.226		0.84355			4
2024.09.05	00:09:27.335		0.84351			4
2024.09.05	00:09:28.357		0.84353			4
2024.09.05	00:09:29.332		0.84354			4
2024.09.05	00:09:30.341		0.84355			4
2024.09.05	00:09:34.388		0.84354			4
2024.09.05	00:09:34.866		0.84357			4
2024.09.05	00:09:36.349		0.84356			4
2024.09.05	00:09:37.337		0.84357			4
2024.09.05	00:09:43.341		0.84352			4
2024.09.05	00:09:44.371		0.84355			4
2024.09.05	00:09:45.336		0.84361			4
2024.09.05	00:09:49.835		0.84360			4
2024.09.05	00:09:54.336		0.84357			4
2024.09.05	00:09:55.096		0.84358			4
2024.09.05	00:09:56.333		0.84353			4
2024.09.05	00:09:57.349		0.84363			4
2024.09.05	00:09:58.342		0.84359			4
2024.09.05	00:10:00.350	0.84254	0.84325			6
2024.09.05	00:10:01.235		0.84326			4
2024.09.05	00:10:03.351		0.84323			4
2024.09.05	00:10:04.341		0.84325			4
2024.09.05	00:10:04.793		0.84324			4
2024.09.05	00:10:05.179		0.84323			4
2024.09.05	00:10:07.343		0.84324			4
2024.09.05	00:10:18.333		0.84321			4
2024.09.05	00:10:19.336		0.84325			4
2024.09.05	00:10:20.350		0.84324			4
2024.09.05	00:10:22.331		0.84323			4
2024.09.05	00:10:22.964		0.84324			4
2024.09.05	00:10:27.101		0.84322			4
2024.09.05	00:10:27.419		0.84324			4
2024.09.05	00:10:30.336		0.84323			4
2024.09.05	00:10:43.343		0.84322			4
2024.09.05	00:10:44.346		0.84323			4
2024.09.05	00:10:46.825		0.84322			4
2024.09.05	00:10:49.333		0.84323			4
2024.09.05	00:10:50.337		0.84324			4
2024.09.05	00:10:51.093		0.84323			4
2024.09.05	00:10:51.411		0.84324			4
2024.09.05	00:10:52.339		0.84322			4
2024.09.05	00:10:53.343		0.84323			4
2024.09.05	00:10:54.332		0.84322			4
2024.09.05	00:10:56.332		0.84320			4
2024.09.05	00:10:57.334		0.84324			4
2024.09.05	00:10:58.088		0.84320			4
2024.09.05	00:10:58.396		0.84321			4
2024.09.05	00:11:00.309	0.84254				2
2024.09.05	00:11:00.897	0.84256				2
2024.09.05	00:11:11.334		0.84323			4
2024.09.05	00:11:11.657		0.84322			4
2024.09.05	00:11:20.334		0.84321			4
2024.09.05	00:11:21.336		0.84320			4
2024.09.05	00:11:22.332		0.84321			4
2024.09.05	00:11:32.337		0.84320			4
2024.09.05	00:11:33.337		0.84321			4
2024.09.05	00:11:34.338		0.84320			4
2024.09.05	00:11:38.335		0.84321			4
2024.09.05	00:11:39.339		0.84320			4
2024.09.05	00:11:42.338		0.84321			4
2024.09.05	00:11:47.333		0.84320			4
2024.09.05	00:11:53.339		0.84321			4
2024.09.05	00:11:54.336		0.84320			4
2024.09.05	00:11:56.838		0.84321			4
2024.09.05	00:11:57.333		0.84320			4
2024.09.05	00:12:00.334	0.84256				2
2024.09.05	00:12:00.842		0.84322			4
2024.09.05	00:12:07.336		0.84321			4
2024.09.05	00:12:12.336		0.84320			4
2024.09.05	00:12:13.333		0.84321			4
2024.09.05	00:12:20.332		0.84320			4
2024.09.05	00:12:21.335		0.84321			4
2024.09.05	00:12:29.340		0.84320			4
2024.09.05	00:12:30.335		0.84321			4
2024.09.05	00:12:32.342		0.84320			4
2024.09.05	00:12:32.887		0.84321			4
2024.09.05	00:12:48.335		0.84320			4
2024.09.05	00:12:49.333		0.84321			4
2024.09.05	00:13:00.339	0.84256				2
2024.09.05	00:13:04.334		0.84320			4
2024.09.05	00:13:05.338		0.84321			4
2024.09.05	00:13:13.334		0.84320			4
2024.09.05	00:13:14.334		0.84321			4
2024.09.05	00:13:15.338		0.84320			4
2024.09.05	00:13:16.334		0.84321			4
2024.09.05	00:13:22.333		0.84320			4
2024.09.05	00:13:23.334		0.84321			4
2024.09.05	00:13:25.332		0.84320			4
2024.09.05	00:13:27.092		0.84319			4
2024.09.05	00:13:27.399		0.84320			4
2024.09.05	00:13:29.334		0.84319			4
2024.09.05	00:13:30.332		0.84320			4
2024.09.05	00:13:42.333		0.84319			4
2024.09.05	00:13:43.339		0.84320			4
2024.09.05	00:13:49.334		0.84319			4
2024.09.05	00:13:50.348		0.84320			4
2024.09.05	00:13:50.704		0.84319			4
2024.09.05	00:13:51.335		0.84320			4
2024.09.05	00:13:55.335		0.84319			4
2024.09.05	00:13:56.333		0.84320			4
2024.09.05	00:13:58.341		0.84319			4
2024.09.05	00:14:00.335	0.84256				2
2024.09.05	00:14:00.844		0.84320			4
2024.09.05	00:14:01.332		0.84319			4
2024.09.05	00:14:02.334		0.84320			4
2024.09.05	00:14:04.339		0.84319			4
2024.09.05	00:14:09.338		0.84320			4
2024.09.05	00:14:10.332		0.84319			4
2024.09.05	00:14:13.332		0.84320			4
2024.09.05	00:14:16.334		0.84319			4
2024.09.05	00:14:18.338		0.84320			4
2024.09.05	00:14:20.336		0.84319			4
2024.09.05	00:14:25.335		0.84320			4
2024.09.05	00:14:26.340		0.84319			4
2024.09.05	00:14:31.333		0.84320			4
2024.09.05	00:14:32.333		0.84319			4
2024.09.05	00:14:38.335		0.84320			4
2024.09.05	00:14:40.334		0.84319			4
2024.09.05	00:14:42.342		0.84320			4
2024.09.05	00:14:44.332		0.84319			4
2024.09.05	00:14:45.335		0.84320			4
2024.09.05	00:14:51.338		0.84318			4
2024.09.05	00:14:52.337		0.84320			4
2024.09.05	00:14:58.335		0.84318			4
2024.09.05	00:14:59.339		0.84320			4
2024.09.05	00:15:00.334	0.84256				2
2024.09.05	00:15:02.332		0.84321			4
2024.09.05	00:15:04.207		0.84322			4
2024.09.05	00:15:05.342		0.84321			4
2024.09.05	00:15:08.332		0.84322			4
2024.09.05	00:15:10.337		0.84323			4
2024.09.05	00:15:12.337		0.84322			4
2024.09.05	00:15:18.333		0.84321			4
2024.09.05	00:15:20.332		0.84322			4
2024.09.05	00:15:23.333		0.84321			4
2024.09.05	00:15:24.334		0.84322			4
2024.09.05	00:15:27.384		0.84323			4
2024.09.05	00:15:29.332		0.84322			4
2024.09.05	00:15:30.336		0.84323			4
2024.09.05	00:15:32.332		0.84322			4
2024.09.05	00:15:33.335		0.84323			4
2024.09.05	00:15:34.167		0.84324			4
2024.09.05	00:15:36.178	0.84257	0.84325			6
2024.09.05	00:15:38.335	0.84256				2
2024.09.05	00:15:38.957		0.84329			4
2024.09.05	00:15:55.339	0.84262				2
2024.09.05	00:15:56.337	0.84256				2
2024.09.05	00:16:00.333	0.84256				2
2024.09.05	00:16:08.334		0.84330			4
2024.09.05	00:16:09.340		0.84329			4
2024.09.05	00:16:23.334		0.84328			4
2024.09.05	00:16:24.334		0.84329			4
2024.09.05	00:16:26.106		0.84327			4
2024.09.05	00:16:26.424		0.84328			4
2024.09.05	00:16:41.334		0.84326			4
2024.09.05	00:16:43.745		0.84324			4
2024.09.05	00:16:44.336		0.84326			4
2024.09.05	00:16:45.334		0.84324			4
2024.09.05	00:16:47.331		0.84325			4
2024.09.05	00:17:00.336	0.84256				2
2024.09.05	00:17:03.336		0.84324			4
2024.09.05	00:17:04.341		0.84325			4
2024.09.05	00:17:10.333		0.84324			4
2024.09.05	00:17:11.117		0.84325			4
2024.09.05	00:17:17.334		0.84324			4
2024.09.05	00:17:18.340		0.84325			4
2024.09.05	00:17:24.335		0.84324			4
2024.09.05	00:17:25.334		0.84325			4
2024.09.05	00:17:28.334		0.84324			4
2024.09.05	00:17:29.342		0.84325			4
2024.09.05	00:17:31.334		0.84323			4
2024.09.05	00:17:32.343		0.84325			4
2024.09.05	00:17:35.334		0.84324			4
2024.09.05	00:17:36.338		0.84325			4
2024.09.05	00:17:45.336		0.84324			4
2024.09.05	00:17:46.337		0.84325			4
2024.09.05	00:18:00.335	0.84256				2
2024.09.05	00:18:15.337		0.84324			4
2024.09.05	00:18:15.678		0.84323			4
2024.09.05	00:18:16.350		0.84325			4
2024.09.05	00:18:27.336		0.84326			4
2024.09.05	00:18:28.333		0.84325			4
2024.09.05	00:18:34.335		0.84324			4
2024.09.05	00:18:34.805		0.84325			4
2024.09.05	00:18:46.335		0.84324			4
2024.09.05	00:18:47.343		0.84325			4
2024.09.05	00:19:00.332	0.84256				2
2024.09.05	00:19:02.334		0.84324			4
2024.09.05	00:19:03.305		0.84325			4
2024.09.05	00:19:15.333		0.84324			4
2024.09.05	00:19:16.211		0.84325			4
2024.09.05	00:19:21.192		0.84324			4
2024.09.05	00:19:22.343		0.84325			4
2024.09.05	00:19:34.335		0.84324			4
2024.09.05	00:19:34.730		0.84325			4
2024.09.05	00:19:40.338		0.84324			4
2024.09.05	00:19:41.339		0.84325			4
2024.09.05	00:19:54.340		0.84326			4
2024.09.05	00:19:55.284		0.84325			4
2024.09.05	00:20:00.333	0.84256				2
2024.09.05	00:20:01.332		0.84327			4
2024.09.05	00:20:14.760		0.84326			4
2024.09.05	00:20:15.335		0.84327			4
2024.09.05	00:20:20.337		0.84328			4
2024.09.05	00:20:21.007		0.84327			4
2024.09.05	00:20:38.106		0.84329			4
2024.09.05	00:20:38.416		0.84327			4
2024.09.05	00:20:48.337		0.84326			4
2024.09.05	00:20:50.333		0.84327			4
2024.09.05	00:20:51.335		0.84326			4
2024.09.05	00:20:52.337		0.84327			4
2024.09.05	00:20:59.335		0.84326			4
2024.09.05	00:21:00.334	0.84256	0.84327			6
2024.09.05	00:21:00.889	0.84251	0.84326			6
2024.09.05	00:21:01.334		0.84327			4
2024.09.05	00:21:03.874		0.84326			4
2024.09.05	00:21:04.340		0.84327			4
2024.09.05	00:21:11.333		0.84326			4
2024.09.05	00:21:12.334		0.84327			4
2024.09.05	00:21:14.270		0.84326			4
2024.09.05	00:21:16.339		0.84327			4
2024.09.05	00:21:20.334		0.84326			4
2024.09.05	00:21:22.981		0.84327			4
2024.09.05	00:21:26.334		0.84326			4
2024.09.05	00:21:27.335		0.84327			4
2024.09.05	00:21:28.337		0.84325			4
2024.09.05	00:21:29.342		0.84326			4
2024.09.05	00:21:30.335		0.84327			4
2024.09.05	00:21:48.335		0.84326			4
2024.09.05	00:21:49.339	0.84262	0.84327			6
2024.09.05	00:21:50.343	0.84265	0.84329			6
2024.09.05	00:21:50.709	0.84267	0.84331			6
2024.09.05	00:21:51.332	0.84269	0.84333			6
2024.09.05	00:21:51.731	0.84266	0.84330			6
2024.09.05	00:21:52.807	0.84267	0.84331			6
2024.09.05	00:21:53.334	0.84262	0.84327			6
2024.09.05	00:21:53.703	0.84269	0.84332			6
2024.09.05	00:21:54.340	0.84266	0.84330			6
2024.09.05	00:21:55.333	0.84268	0.84331			6
2024.09.05	00:21:55.809	0.84269	0.84333			6
2024.09.05	00:21:58.333	0.84268	0.84332			6
2024.09.05	00:21:59.240	0.84270	0.84334			6
2024.09.05	00:22:00.333	0.84269	0.84333			6
2024.09.05	00:22:01.334	0.84266	0.84330			6
2024.09.05	00:22:01.806	0.84268	0.84332			6
2024.09.05	00:22:02.333	0.84270	0.84334			6
2024.09.05	00:22:03.333	0.84265	0.84329			6
2024.09.05	00:22:05.339	0.84266	0.84330			6
2024.09.05	00:22:05.952	0.84261	0.84325			6
2024.09.05	00:22:06.343	0.84256				2
2024.09.05	00:22:07.336	0.84268	0.84332			6
2024.09.05	00:22:07.808	0.84263	0.84327			6
2024.09.05	00:22:08.338	0.84260	0.84325			6
2024.09.05	00:22:08.710	0.84267	0.84331			6
2024.09.05	00:22:09.333	0.84268	0.84332			6
2024.09.05	00:22:11.339	0.84263	0.84327			6
2024.09.05	00:22:12.005	0.84264	0.84328			6
2024.09.05	00:22:16.342	0.84269	0.84332			6
2024.09.05	00:22:19.384	0.84270	0.84334			6
2024.09.05	00:22:19.805		0.84335			4
2024.09.05	00:22:27.337		0.84336			4
2024.09.05	00:22:29.295		0.84334			4
2024.09.05	00:22:30.333	0.84266	0.84329			6
2024.09.05	00:22:31.292	0.84268	0.84331			6
2024.09.05	00:22:32.340		0.84332			4
2024.09.05	00:22:32.839	0.84267	0.84331			6
2024.09.05	00:22:33.336	0.84264	0.84328			6
2024.09.05	00:22:34.338	0.84268	0.84332			6
2024.09.05	00:22:35.423	0.84266	0.84330			6
2024.09.05	00:22:36.339	0.84261	0.84325			6
2024.09.05	00:22:37.338	0.84255				2
2024.09.05	00:22:38.333	0.84265	0.84329			6
2024.09.05	00:22:39.339	0.84269	0.84333			6
2024.09.05	00:22:40.335	0.84268	0.84332			6
2024.09.05	00:22:41.333	0.84270	0.84334			6
2024.09.05	00:22:41.704	0.84269	0.84333			6
2024.09.05	00:22:42.333	0.84263	0.84327			6
2024.09.05	00:22:43.339	0.84259	0.84325			6
2024.09.05	00:22:44.332	0.84265	0.84329			6
2024.09.05	00:22:44.632	0.84268	0.84331			6
2024.09.05	00:22:45.334	0.84267				2
2024.09.05	00:22:45.905	0.84269	0.84332			6
2024.09.05	00:22:46.335	0.84267	0.84331			6
2024.09.05	00:22:47.341	0.84268	0.84332			6
2024.09.05	00:22:49.334	0.84265	0.84329			6
2024.09.05	00:22:49.805	0.84264	0.84328			6
2024.09.05	00:22:50.339	0.84263	0.84327			6
2024.09.05	00:22:51.332	0.84268	0.84332			6
2024.09.05	00:22:52.120	0.84270	0.84333			6
2024.09.05	00:22:52.422		0.84335			4
2024.09.05	00:22:54.345	0.84259	0.84324			6
2024.09.05	00:22:55.225	0.84251				2
2024.09.05	00:22:56.338	0.84266	0.84330			6
2024.09.05	00:22:56.704	0.84263	0.84327			6
2024.09.05	00:22:57.116	0.84270	0.84339			6
2024.09.05	00:22:57.425	0.84263	0.84327			6
2024.09.05	00:22:58.335	0.84269	0.84332			6
2024.09.05	00:22:59.334	0.84262	0.84326			6
2024.09.05	00:23:00.334	0.84269	0.84333			6
2024.09.05	00:23:02.338	0.84266	0.84330			6
2024.09.05	00:23:02.703	0.84270	0.84334			6
2024.09.05	00:23:03.334	0.84262	0.84326			6
2024.09.05	00:23:05.351	0.84265	0.84329			6
2024.09.05	00:23:06.340	0.84263	0.84327			6
2024.09.05	00:23:07.336	0.84266	0.84330			6
2024.09.05	00:23:08.333	0.84270	0.84338			6
2024.09.05	00:23:09.333	0.84262	0.84326			6
2024.09.05	00:23:10.332	0.84269	0.84333			6
2024.09.05	00:23:11.334	0.84266	0.84329			6
2024.09.05	00:23:12.015	0.84269	0.84333			6
2024.09.05	00:23:12.334	0.84262	0.84326			6
2024.09.05	00:23:13.339	0.84267	0.84331			6
2024.09.05	00:23:14.334	0.84270	0.84336			6
2024.09.05	00:23:14.884	0.84264	0.84327			6
2024.09.05	00:23:15.336	0.84270	0.84334			6
2024.09.05	00:23:16.335	0.84264	0.84332			6
2024.09.05	00:23:16.648		0.84328			4
2024.09.05	00:23:18.342	0.84270	0.84334			6
2024.09.05	00:23:19.335	0.84266	0.84326			6
2024.09.05	00:23:19.641		0.84330			4
2024.09.05	00:23:20.362	0.84261	0.84325			6
2024.09.05	00:23:20.883	0.84260				2
2024.09.05	00:23:21.337	0.84259				2
2024.09.05	00:23:21.905	0.84258				2
2024.09.05	00:23:22.335	0.84267	0.84331			6
2024.09.05	00:23:23.332	0.84265	0.84328			6
2024.09.05	00:23:24.336	0.84264	0.84327			6
2024.09.05	00:23:25.347	0.84266	0.84329			6
2024.09.05	00:23:26.337	0.84260	0.84324			6
2024.09.05	00:23:27.008	0.84263	0.84327			6
2024.09.05	00:23:27.338	0.84253	0.84325			6
2024.09.05	00:23:28.334	0.84261				2
2024.09.05	00:23:29.337	0.84262	0.84326			6
2024.09.05	00:23:30.008	0.84263	0.84327			6
2024.09.05	00:23:30.335	0.84261	0.84325			6
2024.09.05	00:23:30.906	0.84252				2
2024.09.05	00:23:31.337	0.84262				2
2024.09.05	00:23:32.334	0.84261				2
2024.09.05	00:23:32.703	0.84267	0.84331			6
2024.09.05	00:23:33.335	0.84266	0.84330			6
2024.09.05	00:23:33.907	0.84256	0.84325			6
2024.09.05	00:23:34.336	0.84263	0.84326			6
2024.09.05	00:23:35.364	0.84259	0.84325			6
2024.09.05	00:23:35.704	0.84267	0.84330			6
2024.09.05	00:23:36.335	0.84269	0.84333			6
2024.09.05	00:23:37.335	0.84268	0.84332			6
2024.09.05	00:23:38.335	0.84260	0.84325			6
2024.09.05	00:23:38.881	0.84261				2
2024.09.05	00:23:39.334	0.84253	0.84324			6
2024.09.05	00:23:40.334	0.84255	0.84325			6
2024.09.05	00:23:40.806	0.84252				2
2024.09.05	00:23:41.342	0.84264	0.84327			6
2024.09.05	00:23:43.333	0.84254	0.84326			6
2024.09.05	00:23:44.334	0.84271	0.84334			6
2024.09.05	00:23:44.707	0.84269	0.84333			6
2024.09.05	00:23:45.333	0.84270	0.84334			6
2024.09.05	00:23:46.333	0.84268	0.84332			6
2024.09.05	00:23:47.337	0.84266	0.84329			6
2024.09.05	00:23:47.709	0.84255	0.84327			6
2024.09.05	00:23:48.314	0.84260				2
2024.09.05	00:23:48.905	0.84259				2
2024.09.05	00:23:49.333	0.84267	0.84331			6
2024.09.05	00:23:49.810	0.84268	0.84332			6
2024.09.05	00:23:50.339	0.84256	0.84326			6
2024.09.05	00:23:50.704	0.84254				2
2024.09.05	00:23:51.333	0.84262				2
2024.09.05	00:23:52.337	0.84265	0.84328			6
2024.09.05	00:23:52.806	0.84266	0.84330			6
2024.09.05	00:23:53.334	0.84256	0.84325			6
2024.09.05	00:23:53.881	0.84263	0.84327			6
2024.09.05	00:23:54.307	0.84254	0.84326			6
2024.09.05	00:23:54.905	0.84249				2
2024.09.05	00:23:55.334	0.84255				2
2024.09.05	00:23:56.334	0.84262	0.84327			6
2024.09.05	00:23:57.334	0.84257				2
2024.09.05	00:23:58.332	0.84266	0.84330			6
2024.09.05	00:23:58.818	0.84268	0.84331			6
2024.09.05	00:23:59.334	0.84270	0.84333			6
2024.09.05	00:23:59.740	0.84271	0.84335			6
2024.09.05	00:24:00.332	0.84270	0.84333			6
2024.09.05	00:24:00.674	0.84269				2
2024.09.05	00:24:01.206	0.84265	0.84328			6
2024.09.05	00:24:02.338	0.84264	0.84327			6
2024.09.05	00:24:03.334	0.84270	0.84334			6
2024.09.05	00:24:04.346	0.84257	0.84326			6
2024.09.05	00:24:05.338	0.84255	0.84325			6
2024.09.05	00:24:05.703	0.84262				2
2024.09.05	00:24:06.336	0.84265	0.84328			6
2024.09.05	00:24:07.334	0.84253	0.84325			6
2024.09.05	00:24:08.343	0.84250				2
2024.09.05	00:24:09.335	0.84253	0.84326			6
2024.09.05	00:24:10.334	0.84266	0.84329			6
2024.09.05	00:24:10.805	0.84265	0.84328			6
2024.09.05	00:24:11.334	0.84262	0.84326			6
2024.09.05	00:24:11.713	0.84269	0.84332			6
2024.09.05	00:24:12.342	0.84268	0.84331			6
2024.09.05	00:24:12.907	0.84263	0.84327			6
2024.09.05	00:24:13.337	0.84269	0.84332			6
2024.09.05	00:24:13.810	0.84264	0.84328			6
2024.09.05	00:24:14.183	0.84259	0.84324			6
2024.09.05	00:24:14.556	0.84258				2
2024.09.05	00:24:15.340	0.84257	0.84325			6
2024.09.05	00:24:15.909	0.84252				2
2024.09.05	00:24:16.333	0.84270	0.84327			6
2024.09.05	00:24:16.646		0.84333			4
2024.09.05	00:24:18.336		0.84334			4
2024.09.05	00:24:19.336	0.84267	0.84331			6
2024.09.05	00:24:19.808	0.84270	0.84333			6
2024.09.05	00:24:20.333	0.84262	0.84325			6
2024.09.05	00:24:20.959	0.84254				2
2024.09.05	00:24:21.338	0.84257	0.84324			6
2024.09.05	00:24:21.678	0.84265	0.84328			6
2024.09.05	00:24:22.342	0.84255	0.84325			6
2024.09.05	00:24:23.333	0.84266	0.84329			6
2024.09.05	00:24:23.704	0.84267	0.84331			6
2024.09.05	00:24:24.907	0.84251	0.84325			6
2024.09.05	00:24:26.332	0.84248				2
2024.09.05	00:24:27.338	0.84262				2
2024.09.05	00:24:27.915	0.84259				2
2024.09.05	00:24:28.335	0.84260	0.84324			6
2024.09.05	00:24:29.351	0.84265	0.84328			6
2024.09.05	00:24:29.715	0.84256	0.84326			6
2024.09.05	00:24:30.337	0.84266	0.84330			6
2024.09.05	00:24:31.334	0.84257	0.84325			6
2024.09.05	00:24:32.338	0.84255				2
2024.09.05	00:24:33.009	0.84253				2
2024.09.05	00:24:33.334	0.84262	0.84326			6
2024.09.05	00:24:34.334	0.84269	0.84332			6
2024.09.05	00:24:34.640	0.84264	0.84327			6
2024.09.05	00:24:35.341	0.84251	0.84325			6
2024.09.05	00:24:36.336	0.84259	0.84326			6
2024.09.05	00:24:37.337	0.84267	0.84330			6
2024.09.05	00:24:37.805	0.84248	0.84324			6
2024.09.05	00:24:38.339	0.84250	0.84325			6
2024.09.05	00:24:38.750	0.84252				2
2024.09.05	00:24:39.313	0.84255	0.84326			6
2024.09.05	00:24:40.334	0.84248	0.84325			6
2024.09.05	00:24:40.807	0.84250				2
2024.09.05	00:24:41.334	0.84253				2
2024.09.05	00:24:42.333	0.84270	0.84333			6
2024.09.05	00:24:43.337	0.84266	0.84330			6
2024.09.05	00:24:44.334	0.84257	0.84325			6
2024.09.05	00:24:45.338	0.84263	0.84327			6
2024.09.05	00:24:46.337	0.84264				2
2024.09.05	00:24:46.806	0.84255	0.84326			6
2024.09.05	00:24:47.337	0.84264	0.84327			6
2024.09.05	00:24:47.703	0.84256	0.84325			6
2024.09.05	00:24:48.336	0.84252	0.84324			6
2024.09.05	00:24:48.911	0.84262	0.84326			6
2024.09.05	00:24:49.335	0.84264	0.84327			6
2024.09.05	00:24:50.334	0.84267	0.84330			6
2024.09.05	00:24:50.654	0.84260	0.84326			6
2024.09.05	00:24:51.335	0.84259	0.84324			6
2024.09.05	00:24:51.914	0.84263	0.84327			6
2024.09.05	00:24:52.340	0.84254	0.84324			6
2024.09.05	00:24:53.334	0.84266	0.84330			6
2024.09.05	00:24:53.730	0.84262	0.84326			6
2024.09.05	00:24:54.333	0.84264	0.84327			6
2024.09.05	00:24:55.335	0.84260	0.84326			6
2024.09.05	00:24:55.806	0.84261				2
2024.09.05	00:24:56.332	0.84263				2
2024.09.05	00:24:56.703	0.84261				2
2024.09.05	00:24:58.339	0.84259	0.84325			6
2024.09.05	00:24:59.341	0.84253	0.84326			6
2024.09.05	00:25:00.319	0.84263				2
2024.09.05	00:25:01.335	0.84264	0.84327			6
2024.09.05	00:25:01.805	0.84262	0.84326			6
2024.09.05	00:25:02.337	0.84266	0.84330			6
2024.09.05	00:25:03.334	0.84268	0.84331			6
2024.09.05	00:25:05.333	0.84265	0.84329			6
2024.09.05	00:25:06.339	0.84251	0.84324			6
2024.09.05	00:25:07.336	0.84260	0.84325			6
2024.09.05	00:25:07.805	0.84263	0.84327			6
2024.09.05	00:25:08.335	0.84252	0.84324			6
2024.09.05	00:25:09.336	0.84261	0.84325			6
2024.09.05	00:25:10.334	0.84265	0.84329			6
2024.09.05	00:25:11.334	0.84263	0.84327			6
2024.09.05	00:25:11.962	0.84266	0.84330			6
2024.09.05	00:25:12.335	0.84256	0.84325			6
2024.09.05	00:25:13.336	0.84253	0.84324			6
2024.09.05	00:25:13.810	0.84262	0.84326			6
2024.09.05	00:25:14.334	0.84266	0.84330			6
2024.09.05	00:25:14.898	0.84262	0.84327			6
2024.09.05	00:25:15.332	0.84257	0.84325			6
2024.09.05	00:25:16.378		0.84324			4
2024.09.05	00:25:16.806	0.84261	0.84326			6
2024.09.05	00:25:17.337	0.84263	0.84327			6
2024.09.05	00:25:18.333		0.84328			4
2024.09.05	00:25:19.336	0.84268	0.84333			6
2024.09.05	00:25:20.339	0.84257	0.84325			6
2024.09.05	00:25:21.334	0.84259	0.84324			6
2024.09.05	00:25:21.873	0.84254				2
2024.09.05	00:25:22.337	0.84264	0.84329			6
2024.09.05	00:25:22.657	0.84261	0.84326			6
2024.09.05	00:25:23.334	0.84268	0.84333			6
2024.09.05	00:25:23.704	0.84267	0.84331			6
2024.09.05	00:25:24.009	0.84270	0.84335			6
2024.09.05	00:25:24.337	0.84268	0.84333			6
2024.09.05	00:25:25.343	0.84269	0.84334			6
2024.09.05	00:25:26.213	0.84259	0.84325			6
2024.09.05	00:25:27.334	0.84257				2
2024.09.05	00:25:28.336	0.84262	0.84327			6
2024.09.05	00:25:29.334	0.84259	0.84325			6
2024.09.05	00:25:30.007	0.84257				2
2024.09.05	00:25:30.335	0.84262	0.84327			6
2024.09.05	00:25:30.906	0.84261	0.84326			6
2024.09.05	00:25:31.340	0.84255	0.84325			6
2024.09.05	00:25:32.339	0.84262	0.84327			6
2024.09.05	00:25:33.333	0.84263	0.84328			6
2024.09.05	00:25:34.333	0.84261	0.84326			6
2024.09.05	00:25:35.334	0.84265	0.84330			6
2024.09.05	00:25:36.337	0.84269	0.84334			6
2024.09.05	00:25:37.334	0.84261	0.84327			6
2024.09.05	00:25:38.336	0.84263	0.84328			6
2024.09.05	00:25:38.703	0.84266	0.84331			6
2024.09.05	00:25:39.339	0.84263	0.84328			6
2024.09.05	00:25:39.728	0.84261	0.84326			6
2024.09.05	00:25:40.334	0.84269	0.84334			6
2024.09.05	00:25:41.334	0.84257	0.84326			6
2024.09.05	00:25:42.336	0.84255	0.84327			6
2024.09.05	00:25:42.913	0.84253				2
2024.09.05	00:25:43.338	0.84263	0.84328			6
2024.09.05	00:25:44.335	0.84264	0.84329			6
2024.09.05	00:25:45.008	0.84265	0.84330			6
2024.09.05	00:25:45.333	0.84260	0.84326			6
2024.09.05	00:25:45.732	0.84266	0.84331			6
2024.09.05	00:25:46.335	0.84264	0.84329			6
2024.09.05	00:25:46.810	0.84261	0.84327			6
2024.09.05	00:25:47.430	0.84260				2
2024.09.05	00:25:49.332	0.84267	0.84333			6
2024.09.05	00:25:50.335	0.84263	0.84328			6
2024.09.05	00:25:50.703	0.84268	0.84333			6
2024.09.05	00:25:51.335	0.84261	0.84327			6
2024.09.05	00:25:51.861	0.84259				2
2024.09.05	00:25:52.333	0.84264	0.84330			6
2024.09.05	00:25:53.336	0.84260	0.84327			6
2024.09.05	00:25:53.703	0.84262	0.84328			6
2024.09.05	00:25:54.339	0.84267	0.84333			6
2024.09.05	00:25:55.334	0.84262	0.84328			6
2024.09.05	00:25:56.344	0.84263				2
2024.09.05	00:25:56.704	0.84260	0.84327			6
2024.09.05	00:25:58.336	0.84264	0.84330			6
2024.09.05	00:25:59.334	0.84266	0.84331			6
2024.09.05	00:25:59.704	0.84259	0.84328			6
2024.09.05	00:26:00.334	0.84266	0.84331			6
2024.09.05	00:26:01.344	0.84261	0.84327			6
2024.09.05	00:26:02.337	0.84263	0.84329			6
2024.09.05	00:26:02.931	0.84264	0.84330			6
2024.09.05	00:26:03.336	0.84261	0.84328			6
2024.09.05	00:26:04.334	0.84266				2
2024.09.05	00:26:04.644		0.84332			4
2024.09.05	00:26:05.340	0.84260	0.84326			6
2024.09.05	00:26:05.705	0.84268	0.84333			6
2024.09.05	00:26:06.337	0.84265	0.84330			6
2024.09.05	00:26:07.335	0.84262	0.84328			6
2024.09.05	00:26:07.804	0.84263	0.84329			6
2024.09.05	00:26:08.334	0.84258	0.84327			6
2024.09.05	00:26:08.704	0.84257				2
2024.09.05	00:26:09.335	0.84263	0.84328			6
2024.09.05	00:26:10.334	0.84259	0.84329			6
2024.09.05	00:26:11.334	0.84254				2
2024.09.05	00:26:12.334	0.84266	0.84332			6
2024.09.05	00:26:13.339	0.84263	0.84329			6
2024.09.05	00:26:14.333	0.84260	0.84328			6
2024.09.05	00:26:15.345	0.84264	0.84330			6
2024.09.05	00:26:16.336	0.84263	0.84328			6
2024.09.05	00:26:17.334		0.84329			4
2024.09.05	00:26:18.334	0.84269	0.84335			6
2024.09.05	00:26:19.333	0.84268	0.84334			6
2024.09.05	00:26:19.806	0.84270	0.84336			6
2024.09.05	00:26:20.334	0.84264	0.84330			6
2024.09.05	00:26:20.703	0.84266	0.84332			6
2024.09.05	00:26:21.332	0.84255	0.84328			6
2024.09.05	00:26:22.332	0.84257				2
2024.09.05	00:26:22.806	0.84263				2
2024.09.05	00:26:23.336	0.84265	0.84331			6
2024.09.05	00:26:23.714	0.84267	0.84333			6
2024.09.05	00:26:24.334	0.84263	0.84329			6
2024.09.05	00:26:25.332	0.84256				2
2024.09.05	00:26:25.807	0.84261				2
2024.09.05	00:26:26.334	0.84266	0.84332			6
2024.09.05	00:26:27.334	0.84263	0.84329			6
2024.09.05	00:26:29.334	0.84266	0.84332			6
2024.09.05	00:26:30.345	0.84267	0.84333			6
2024.09.05	00:26:31.390	0.84254	0.84327			6
2024.09.05	00:26:32.334	0.84255	0.84326			6
2024.09.05	00:26:32.707	0.84251	0.84327			6
2024.09.05	00:26:33.333	0.84255				2
2024.09.05	00:26:34.333	0.84261	0.84329			6
2024.09.05	00:26:35.107	0.84265	0.84331			6
2024.09.05	00:26:35.417	0.84259	0.84329			6
2024.09.05	00:26:36.362	0.84265	0.84331			6
2024.09.05	00:26:36.728	0.84259	0.84329			6
2024.09.05	00:26:37.338	0.84263				2
2024.09.05	00:26:37.726	0.84261	0.84328			6
2024.09.05	00:26:38.334	0.84252				2
2024.09.05	00:26:39.334	0.84267	0.84333			6
2024.09.05	00:26:41.333	0.84266	0.84332			6
2024.09.05	00:26:42.334	0.84270	0.84336			6
2024.09.05	00:26:43.338	0.84261	0.84328			6
2024.09.05	00:26:44.334	0.84258	0.84327			6
2024.09.05	00:26:44.703	0.84265	0.84331			6
2024.09.05	00:26:45.341	0.84249	0.84327			6
2024.09.05	00:26:46.335	0.84257	0.84328			6
2024.09.05	00:26:46.808	0.84260				2
2024.09.05	00:26:47.335	0.84267	0.84333			6
2024.09.05	00:26:47.707	0.84265	0.84331			6
2024.09.05	00:26:48.339	0.84267	0.84333			6
2024.09.05	00:26:48.911	0.84266	0.84332			6
2024.09.05	00:26:49.340	0.84258	0.84327			6
2024.09.05	00:26:50.339	0.84265	0.84331			6
2024.09.05	00:26:50.783	0.84262	0.84328			6
2024.09.05	00:26:51.335	0.84265	0.84331			6
2024.09.05	00:26:53.336	0.84262	0.84328			6
2024.09.05	00:26:54.008	0.84266	0.84332			6
2024.09.05	00:26:54.341	0.84265	0.84331			6
2024.09.05	00:26:55.337	0.84269	0.84338			6
2024.09.05	00:26:55.644	0.84264	0.84330			6
2024.09.05	00:26:56.344	0.84257	0.84328			6
2024.09.05	00:26:57.335	0.84255				2
2024.09.05	00:26:57.905	0.84254				2
2024.09.05	00:26:58.336	0.84264	0.84330			6
2024.09.05	00:26:59.362	0.84262	0.84328			6
2024.09.05	00:27:00.335	0.84263	0.84329			6
2024.09.05	00:27:01.344	0.84265	0.84331			6
2024.09.05	00:27:01.810	0.84268	0.84334			6
2024.09.05	00:27:02.422	0.84266	0.84336			6
2024.09.05	00:27:02.723	0.84269	0.84335			6
2024.09.05	00:27:03.338	0.84255	0.84328			6
2024.09.05	00:27:04.333		0.84326			4
2024.09.05	00:27:05.339	0.84269	0.84335			6
2024.09.05	00:27:05.704	0.84260	0.84327			6
2024.09.05	00:27:06.342		0.84328			4
2024.09.05	00:27:07.335	0.84261	0.84329			6
2024.09.05	00:27:08.336	0.84263				2
2024.09.05	00:27:09.334	0.84258	0.84328			6
2024.09.05	00:27:10.334	0.84262				2
2024.09.05	00:27:11.334	0.84269	0.84335			6
2024.09.05	00:27:11.880	0.84267	0.84333			6
2024.09.05	00:27:12.334	0.84266	0.84332			6
2024.09.05	00:27:13.339	0.84262	0.84328			6
2024.09.05	00:27:14.249	0.84266	0.84332			6
2024.09.05	00:27:15.334	0.84262	0.84328			6
2024.09.05	00:27:16.336	0.84261	0.84327			6
2024.09.05	00:27:17.337	0.84263	0.84329			6
2024.09.05	00:27:17.703	0.84267	0.84333			6
2024.09.05	00:27:18.335	0.84263	0.84329			6
2024.09.05	00:27:19.333	0.84259	0.84327			6
2024.09.05	00:27:20.333	0.84263	0.84329			6
2024.09.05	00:27:21.307	0.84269	0.84335			6
2024.09.05	00:27:21.907	0.84267	0.84333			6
2024.09.05	00:27:22.336	0.84261	0.84327			6
2024.09.05	00:27:23.337	0.84259	0.84325			6
2024.09.05	00:27:24.339	0.84256	0.84326			6
2024.09.05	00:27:25.333	0.84264	0.84330			6
2024.09.05	00:27:26.337	0.84262	0.84328			6
2024.09.05	00:27:27.005	0.84259	0.84327			6
2024.09.05	00:27:27.335	0.84256				2
2024.09.05	00:27:27.905	0.84260				2
2024.09.05	00:27:28.334	0.84261				2
2024.09.05	00:27:28.809	0.84258				2
2024.09.05	00:27:29.335	0.84251	0.84326			6
2024.09.05	00:27:29.703	0.84252				2
2024.09.05	00:27:30.335	0.84263	0.84329			6
2024.09.05	00:27:31.333	0.84259	0.84328			6
2024.09.05	00:27:31.806	0.84258	0.84327			6
2024.09.05	00:27:32.334	0.84259				2
2024.09.05	00:27:33.332	0.84262	0.84328			6
2024.09.05	00:27:33.637	0.84263	0.84329			6
2024.09.05	00:27:34.337	0.84264	0.84330			6
2024.09.05	00:27:35.337	0.84260	0.84327			6
2024.09.05	00:27:35.706	0.84261				2
2024.09.05	00:27:36.348	0.84268	0.84334			6
2024.09.05	00:27:36.783	0.84266	0.84332			6
2024.09.05	00:27:37.333	0.84265	0.84331			6
2024.09.05	00:27:38.338	0.84262	0.84328			6
2024.09.05	00:27:38.718	0.84261	0.84327			6
2024.09.05	00:27:39.335	0.84260				2
2024.09.05	00:27:40.342	0.84267	0.84333			6
2024.09.05	00:27:41.338	0.84261	0.84327			6
2024.09.05	00:27:42.729	0.84265	0.84331			6
2024.09.05	00:27:44.333	0.84268	0.84334			6
2024.09.05	00:27:45.335	0.84260	0.84326			6
2024.09.05	00:27:46.334	0.84266	0.84332			6
2024.09.05	00:27:46.638	0.84265	0.84331			6
2024.09.05	00:27:47.338	0.84268	0.84334			6
2024.09.05	00:27:47.940	0.84265	0.84331			6
2024.09.05	00:27:49.333	0.84263	0.84329			6
2024.09.05	00:27:49.805	0.84261	0.84327			6
2024.09.05	00:27:50.334	0.84266	0.84332			6
2024.09.05	00:27:50.832	0.84267	0.84333			6
2024.09.05	00:27:51.338	0.84268	0.84334			6
2024.09.05	00:27:52.338	0.84262	0.84328			6
2024.09.05	00:27:53.332	0.84264	0.84330			6
2024.09.05	00:27:53.711	0.84260	0.84327			6
2024.09.05	00:27:54.337		0.84326			4
2024.09.05	00:27:55.333	0.84262	0.84328			6
2024.09.05	00:27:56.333	0.84260	0.84326			6
2024.09.05	00:27:56.876	0.84262	0.84328			6
2024.09.05	00:27:57.333	0.84263	0.84329			6
2024.09.05	00:27:58.335	0.84265	0.84330			6
2024.09.05	00:28:00.129	0.84267	0.84333			6
2024.09.05	00:28:01.465	0.84268	0.84334			6
2024.09.05	00:28:03.723	0.84269	0.84335			6
2024.09.05	00:28:04.049	0.84270	0.84336			6
2024.09.05	00:28:10.410	0.84272	0.84340			6
2024.09.05	00:28:16.094		0.84337			4
2024.09.05	00:28:22.222	0.84271				2
2024.09.05	00:28:22.983	0.84273	0.84338			6
2024.09.05	00:28:55.099		0.84337			4
2024.09.05	00:28:55.505		0.84339			4
2024.09.05	00:29:01.279	0.84273				2
2024.09.05	00:29:05.411	0.84274				2
2024.09.05	00:29:09.640	0.84273	0.84337			6
2024.09.05	00:29:10.413	0.84274	0.84338			6
2024.09.05	00:29:16.028		0.84339			4
2024.09.05	00:29:19.205	0.84275	0.84338			6
2024.09.05	00:29:26.312		0.84339			4
2024.09.05	00:29:34.509		0.84338			4
2024.09.05	00:29:46.396		0.84337			4
2024.09.05	00:29:54.604		0.84338			4
2024.09.05	00:30:00.376	0.84275	0.84337			6
2024.09.05	00:30:02.881		0.84338			4
2024.09.05	00:30:06.909		0.84337			4
2024.09.05	00:30:14.011	0.84276				2
2024.09.05	00:30:14.336		0.84338			4
2024.09.05	00:30:15.380	0.84279	0.84341			6
2024.09.05	00:30:15.682	0.84278	0.84343			6
2024.09.05	00:30:16.034	0.84277	0.84344			6
2024.09.05	00:30:18.944	0.84276	0.84345			6
2024.09.05	00:30:22.430	0.84275	0.84346			6
2024.09.05	00:30:22.773		0.84343			4
2024.09.05	00:30:23.106		0.84344			4
2024.09.05	00:30:25.804		0.84346			4
2024.09.05	00:30:26.109		0.84345			4
2024.09.05	00:30:29.087	0.84276				2
2024.09.05	00:30:29.676		0.84346			4
2024.09.05	00:30:32.558	0.84277				2
2024.09.05	00:30:33.009	0.84278				2
2024.09.05	00:30:34.925	0.84277				2
2024.09.05	00:30:36.458	0.84278	0.84345			6
2024.09.05	00:30:37.378		0.84346			4
2024.09.05	00:30:38.405		0.84344			4
2024.09.05	00:30:39.675	0.84281	0.84341			6
2024.09.05	00:30:41.571		0.84346			4
2024.09.05	00:30:44.246		0.84344			4
2024.09.05	00:30:48.006		0.84343			4
2024.09.05	00:30:50.891		0.84344			4
2024.09.05	00:30:55.819		0.84343			4
2024.09.05	00:31:00.901	0.84282				2
2024.09.05	00:31:02.339	0.84279	0.84337			6
2024.09.05	00:31:02.641	0.84282	0.84339			6
2024.09.05	00:31:03.138	0.84280	0.84338			6
2024.09.05	00:31:03.439	0.84281	0.84340			6
2024.09.05	00:31:04.337		0.84338			4
2024.09.05	00:31:05.706		0.84339			4
2024.09.05	00:31:06.333	0.84280	0.84338			6
2024.09.05	00:31:07.338	0.84279	0.84337			6
2024.09.05	00:31:08.104	0.84280	0.84338			6
2024.09.05	00:31:08.405	0.84279	0.84337			6
2024.09.05	00:31:09.203		0.84336			4
2024.09.05	00:31:10.334	0.84278				2
2024.09.05	00:31:11.708	0.84279	0.84337			6
2024.09.05	00:31:12.334	0.84278	0.84336			6
2024.09.05	00:31:13.332	0.84277	0.84335			6
2024.09.05	00:31:15.333		0.84334			4
2024.09.05	00:31:16.332	0.84276				2
2024.09.05	00:31:16.761		0.84333			4
2024.09.05	00:31:23.338	0.84275	0.84332			6
2024.09.05	00:31:31.047		0.84331			4
2024.09.05	00:31:34.207	0.84274				2
2024.09.05	00:31:34.806	0.84275	0.84332			6
2024.09.05	00:31:38.335		0.84331			4
2024.09.05	00:31:39.333	0.84274				2
2024.09.05	00:31:41.334	0.84275				2
2024.09.05	00:31:44.104	0.84276	0.84332			6
2024.09.05	00:31:44.407	0.84275	0.84331			6
2024.09.05	00:31:47.665		0.84330			4
2024.09.05	00:31:49.807	0.84274				2
2024.09.05	00:31:52.332	0.84275				2
2024.09.05	00:31:58.339	0.84274	0.84329			6
2024.09.05	00:32:00.332	0.84275	0.84330			6
2024.09.05	00:32:01.333	0.84274	0.84329			6
2024.09.05	00:32:02.338	0.84275	0.84330			6
2024.09.05	00:32:03.332	0.84274	0.84329			6
2024.09.05	00:32:03.641	0.84275	0.84330			6
2024.09.05	00:32:07.335	0.84276				2
2024.09.05	00:32:08.333	0.84275				2
2024.09.05	00:32:08.821		0.84329			4
2024.09.05	00:32:11.333		0.84330			4
2024.09.05	00:32:12.006		0.84329			4
2024.09.05	00:32:28.332		0.84328			4
2024.09.05	00:32:29.885		0.84329			4
2024.09.05	00:32:33.004		0.84328			4
2024.09.05	00:32:34.334	0.84276	0.84329			6
2024.09.05	00:32:36.872	0.84275				2
2024.09.05	00:32:39.332	0.84276				2
2024.09.05	00:32:41.110	0.84275	0.84328			6
2024.09.05	00:32:44.241	0.84276	0.84329			6
2024.09.05	00:32:47.334	0.84275	0.84328			6
2024.09.05	00:32:50.333	0.84276				2
2024.09.05	00:32:51.343	0.84275				2
2024.09.05	00:32:53.338	0.84276				2
2024.09.05	00:32:55.340	0.84275				2
2024.09.05	00:32:56.333	0.84276	0.84329			6
2024.09.05	00:32:58.336		0.84328			4
2024.09.05	00:33:00.335	0.84275				2
2024.09.05	00:33:01.658	0.84274				2
2024.09.05	00:33:02.709	0.84275				2
2024.09.05	00:33:05.705	0.84276				2
2024.09.05	00:33:07.332		0.84329			4
2024.09.05	00:33:10.333		0.84328			4
2024.09.05	00:33:15.868	0.84277	0.84329			6
2024.09.05	00:33:17.334	0.84276	0.84328			6
2024.09.05	00:33:22.332	0.84277				2
2024.09.05	00:33:25.335		0.84329			4
2024.09.05	00:33:29.334		0.84328			4
2024.09.05	00:33:30.337		0.84329			4
2024.09.05	00:33:31.810		0.84328			4
2024.09.05	00:33:37.808	0.84276				2
2024.09.05	00:33:44.272	0.84277	0.84329			6
2024.09.05	00:33:45.332	0.84278				2
2024.09.05	00:33:46.072	0.84277	0.84328			6
2024.09.05	00:33:48.335	0.84276				2
2024.09.05	00:33:50.044	0.84277				2
2024.09.05	00:33:56.104	0.84276	0.84327			6
2024.09.05	00:33:58.334	0.84277	0.84328			6
2024.09.05	00:34:00.334	0.84277				2
2024.09.05	00:34:02.331	0.84278				2
2024.09.05	00:34:03.013	0.84277	0.84327			6
2024.09.05	00:34:04.338		0.84328			4
2024.09.05	00:34:08.334	0.84278				2
2024.09.05	00:34:08.928	0.84280	0.84331			6
2024.09.05	00:34:09.335	0.84279	0.84330			6
2024.09.05	00:34:12.333	0.84280	0.84331			6
2024.09.05	00:34:14.906	0.84281				2
2024.09.05	00:34:18.339	0.84280				2
2024.09.05	00:34:19.061	0.84281	0.84332			6
2024.09.05	00:34:21.729	0.84282				2
2024.09.05	00:34:22.339	0.84280	0.84330			6
2024.09.05	00:34:24.338	0.84279				2
2024.09.05	00:34:26.156	0.84280				2
2024.09.05	00:34:31.334		0.84331			4
2024.09.05	00:34:32.887	0.84281				2
2024.09.05	00:34:40.334	0.84280	0.84330			6
2024.09.05	00:34:43.332		0.84331			4
2024.09.05	00:34:44.336	0.84281				2
2024.09.05	00:34:47.335	0.84282	0.84332			6
2024.09.05	00:34:50.910	0.84280	0.84330			6
2024.09.05	00:34:51.303	0.84278	0.84328			6
2024.09.05	00:34:52.333	0.84279	0.84329			6
2024.09.05	00:34:53.334	0.84278	0.84328			6
2024.09.05	00:34:56.334		0.84327			4
2024.09.05	00:34:57.331		0.84328			4
2024.09.05	00:35:00.333	0.84278				2
2024.09.05	00:35:01.810	0.84277	0.84327			6
2024.09.05	00:35:02.344	0.84278				2
2024.09.05	00:35:03.373		0.84328			4
2024.09.05	00:35:05.332	0.84277	0.84327			6
2024.09.05	00:35:09.170		0.84326			4
2024.09.05	00:35:11.334		0.84327			4
2024.09.05	00:35:13.072	0.84278				2
2024.09.05	00:35:14.336	0.84277				2
2024.09.05	00:35:15.333		0.84326			4
2024.09.05	00:35:18.612	0.84278	0.84327			6
2024.09.05	00:35:20.259	0.84277	0.84326			6
2024.09.05	00:35:21.335		0.84327			4
2024.09.05	00:35:22.335		0.84326			4
2024.09.05	00:35:29.321	0.84278	0.84327			6
2024.09.05	00:35:30.335	0.84277	0.84326			6
2024.09.05	00:35:35.333	0.84278				2
2024.09.05	00:35:37.332	0.84277				2
2024.09.05	00:35:39.333	0.84278				2
2024.09.05	00:35:40.331	0.84277				2
2024.09.05	00:35:41.113	0.84278				2
2024.09.05	00:35:41.433	0.84277				2
2024.09.05	00:35:41.813	0.84278				2
2024.09.05	00:35:42.755		0.84327			4
2024.09.05	00:35:45.332	0.84279				2
2024.09.05	00:35:45.756	0.84278	0.84326			6
2024.09.05	00:35:46.338	0.84279	0.84327			6
2024.09.05	00:35:46.804		0.84328			4
2024.09.05	00:35:47.333	0.84278	0.84327			6
2024.09.05	00:35:50.336		0.84326			4
2024.09.05	00:35:52.332		0.84327			4
2024.09.05	00:35:53.333	0.84279				2
2024.09.05	00:35:55.333		0.84328			4
2024.09.05	00:35:57.341	0.84278	0.84326			6
2024.09.05	00:36:00.008	0.84278				2
2024.09.05	00:36:00.334	0.84279	0.84327			6
2024.09.05	00:36:04.333	0.84280				2
2024.09.05	00:36:05.334	0.84279				2
2024.09.05	00:36:06.332	0.84280	0.84328			6
2024.09.05	00:36:07.334	0.84279	0.84327			6
2024.09.05	00:36:12.005	0.84280	0.84328			6
2024.09.05	00:36:13.334	0.84279	0.84327			6
2024.09.05	00:36:15.332	0.84280				2
2024.09.05	00:36:18.332		0.84328			4
2024.09.05	00:36:19.339		0.84327			4
2024.09.05	00:36:21.338	0.84279	0.84326			6
2024.09.05	00:36:22.339	0.84280	0.84328			6
2024.09.05	00:36:24.338	0.84279	0.84327			6
2024.09.05	00:36:26.334		0.84326			4
2024.09.05	00:36:26.707	0.84281	0.84328			6
2024.09.05	00:36:27.334	0.84279	0.84326			6
2024.09.05	00:36:28.513	0.84280	0.84328			6
2024.09.05	00:36:29.334	0.84278	0.84326			6
2024.09.05	00:36:30.339	0.84279				2
2024.09.05	00:36:32.332		0.84327			4
2024.09.05	00:36:33.333	0.84280				2
2024.09.05	00:36:34.337	0.84279	0.84326			6
2024.09.05	00:36:34.808	0.84280	0.84327			6
2024.09.05	00:36:37.805	0.84279	0.84326			6
2024.09.05	00:36:38.901	0.84280	0.84328			6
2024.09.05	00:36:40.335	0.84281				2
2024.09.05	00:36:41.332	0.84279	0.84326			6
2024.09.05	00:36:42.335	0.84280	0.84327			6
2024.09.05	00:36:43.332	0.84279	0.84326			6
2024.09.05	00:36:45.340	0.84280	0.84327			6
2024.09.05	00:36:46.790	0.84279	0.84326			6
2024.09.05	00:36:47.336	0.84280	0.84327			6
2024.09.05	00:36:48.775	0.84279	0.84326			6
2024.09.05	00:36:51.337	0.84280	0.84327			6
2024.09.05	00:36:51.887	0.84279	0.84326			6
2024.09.05	00:36:53.704	0.84280	0.84327			6
2024.09.05	00:36:55.806	0.84281				2
2024.09.05	00:36:56.334	0.84280	0.84326			6
2024.09.05	00:36:57.338		0.84327			4
2024.09.05	00:36:58.334	0.84281				2
2024.09.05	00:36:58.650	0.84280	0.84326			6
2024.09.05	00:36:59.340		0.84327			4
2024.09.05	00:37:00.333	0.84280	0.84326			6
2024.09.05	00:37:03.333		0.84327			4
2024.09.05	00:37:04.113	0.84281				2
2024.09.05	00:37:04.435		0.84328			4
2024.09.05	00:37:05.334	0.84282				2
2024.09.05	00:37:06.336	0.84281				2
2024.09.05	00:37:07.189		0.84327			4
2024.09.05	00:37:09.137		0.84328			4
2024.09.05	00:37:09.443		0.84327			4
2024.09.05	00:37:09.758	0.84282	0.84329			6
2024.09.05	00:37:10.333		0.84328			4
2024.09.05	00:37:12.333	0.84281				2
2024.09.05	00:37:13.810	0.84282				2
2024.09.05	00:37:14.333	0.84283	0.84329			6
2024.09.05	00:37:17.336	0.84282	0.84328			6
2024.09.05	00:37:18.304	0.84283	0.84329			6
2024.09.05	00:37:19.213	0.84282	0.84328			6
2024.09.05	00:37:20.705	0.84283	0.84329			6
2024.09.05	00:37:23.332	0.84284	0.84330			6
2024.09.05	00:37:24.134	0.84282	0.84328			6
2024.09.05	00:37:24.450	0.84283	0.84329			6
2024.09.05	00:37:25.506	0.84284	0.84332			6
2024.09.05	00:37:26.332	0.84283	0.84329			6
2024.09.05	00:37:26.641	0.84281	0.84327			6
2024.09.05	00:37:27.338	0.84282	0.84329			6
2024.09.05	00:37:28.210		0.84328			4
2024.09.05	00:37:29.333	0.84283	0.84329			6
2024.09.05	00:37:33.729	0.84282	0.84328			6
2024.09.05	00:37:35.342	0.84281	0.84327			6
2024.09.05	00:37:36.336	0.84282	0.84328			6
2024.09.05	00:37:38.332	0.84283				2
2024.09.05	00:37:39.335	0.84281	0.84327			6
2024.09.05	00:37:40.339	0.84282	0.84328			6
2024.09.05	00:37:41.337	0.84281	0.84327			6
2024.09.05	00:37:41.715	0.84282	0.84328			6
2024.09.05	00:37:42.745	0.84283	0.84329			6
2024.09.05	00:37:43.705	0.84282	0.84328			6
2024.09.05	00:37:44.707	0.84283	0.84329			6
2024.09.05	00:37:46.208	0.84282	0.84328			6
2024.09.05	00:37:46.626	0.84281	0.84327			6
2024.09.05	00:37:47.828	0.84282	0.84328			6
2024.09.05	00:37:48.324		0.84327			4
2024.09.05	00:37:48.623		0.84328			4
2024.09.05	00:37:50.338	0.84283				2
2024.09.05	00:37:51.334	0.84282				2
2024.09.05	00:37:52.204	0.84283	0.84329			6
2024.09.05	00:37:52.527	0.84284	0.84331			6
2024.09.05	00:37:53.069		0.84332			4
2024.09.05	00:37:53.393	0.84283	0.84328			6
2024.09.05	00:37:55.331	0.84284	0.84330			6
2024.09.05	00:37:56.210	0.84285	0.84331			6
2024.09.05	00:37:57.333	0.84284	0.84330			6
2024.09.05	00:37:58.122	0.84283	0.84328			6
2024.09.05	00:37:58.442	0.84285	0.84331			6
2024.09.05	00:37:59.334		0.84330			4
2024.09.05	00:37:59.707	0.84286	0.84331			6
2024.09.05	00:38:00.153	0.84286				2
2024.09.05	00:38:01.336	0.84285	0.84330			6
2024.09.05	00:38:02.167	0.84284				2
2024.09.05	00:38:02.491	0.84286	0.84332			6
2024.09.05	00:38:03.332		0.84331			4
2024.09.05	00:38:04.809	0.84287	0.84333			6
2024.09.05	00:38:05.334	0.84285	0.84330			6
2024.09.05	00:38:05.704	0.84287	0.84333			6
2024.09.05	00:38:06.339		0.84334			4
2024.09.05	00:38:07.331	0.84286	0.84331			6
2024.09.05	00:38:08.333	0.84284	0.84329			6
2024.09.05	00:38:08.641	0.84285	0.84330			6
2024.09.05	00:38:09.333	0.84283	0.84329			6
2024.09.05	00:38:10.333	0.84286	0.84331			6
2024.09.05	00:38:11.336	0.84279	0.84329			6
2024.09.05	00:38:12.335	0.84283				2
2024.09.05	00:38:12.712	0.84284	0.84330			6
2024.09.05	00:38:13.068	0.84275	0.84327			6
2024.09.05	00:38:13.380	0.84277	0.84326			6
2024.09.05	00:38:13.811	0.84275				2
2024.09.05	00:38:14.705	0.84276				2
2024.09.05	00:38:15.710	0.84273				2
2024.09.05	00:38:16.328	0.84280				2
2024.09.05	00:38:17.340	0.84278	0.84325			6
2024.09.05	00:38:19.339	0.84279				2
2024.09.05	00:38:20.334	0.84278				2
2024.09.05	00:38:21.336	0.84279	0.84324			6
2024.09.05	00:38:24.341	0.84278				2
2024.09.05	00:38:25.666	0.84279				2
2024.09.05	00:38:27.089	0.84278	0.84323			6
2024.09.05	00:38:29.334	0.84277				2
2024.09.05	00:38:30.333	0.84278				2
2024.09.05	00:38:32.745	0.84277	0.84322			6
2024.09.05	00:38:33.058	0.84278	0.84323			6
2024.09.05	00:38:33.371	0.84277				2
2024.09.05	00:38:34.333		0.84322			4
2024.09.05	00:38:34.759	0.84276				2
2024.09.05	00:38:35.404	0.84274				2
2024.09.05	00:38:37.037	0.84276				2
2024.09.05	00:38:38.333	0.84277				2
2024.09.05	00:38:39.334		0.84323			4
2024.09.05	00:38:44.332	0.84278				2
2024.09.05	00:38:47.155	0.84276	0.84322			6
2024.09.05	00:38:47.480	0.84274				2
2024.09.05	00:38:49.338	0.84272				2
2024.09.05	00:38:50.262	0.84274				2
2024.09.05	00:38:50.706	0.84273				2
2024.09.05	00:38:52.154	0.84272				2
2024.09.05	00:38:53.335	0.84273	0.84321			6
2024.09.05	00:38:57.335	0.84272				2
2024.09.05	00:38:59.333	0.84273				2
2024.09.05	00:39:00.004	0.84272				2
2024.09.05	00:39:04.437	0.84273				2
2024.09.05	00:39:05.336	0.84274				2
2024.09.05	00:39:06.331	0.84273				2
2024.09.05	00:39:12.334	0.84272				2
2024.09.05	00:39:14.333	0.84273				2
2024.09.05	00:39:15.333	0.84272				2
2024.09.05	00:39:17.336	0.84273				2
2024.09.05	00:39:20.333	0.84274				2
2024.09.05	00:39:21.010	0.84272				2
2024.09.05	00:39:29.333	0.84271				2
2024.09.05	00:39:30.333	0.84272				2
2024.09.05	00:39:35.336	0.84274				2
2024.09.05	00:39:36.333	0.84273				2
2024.09.05	00:39:37.338	0.84274				2
2024.09.05	00:39:38.332	0.84273				2
2024.09.05	00:39:39.333	0.84274				2
2024.09.05	00:39:42.908	0.84273				2
2024.09.05	00:39:44.106	0.84274				2
2024.09.05	00:39:45.333	0.84273				2
2024.09.05	00:39:47.336	0.84274				2
2024.09.05	00:39:48.006	0.84273				2
2024.09.05	00:39:48.332	0.84272				2
2024.09.05	00:39:49.332	0.84265	0.84320			6
2024.09.05	00:39:49.703	0.84264	0.84317			6
2024.09.05	00:39:52.335	0.84270				2
2024.09.05	00:39:53.338	0.84272	0.84318			6
2024.09.05	00:39:54.335	0.84273	0.84317			6
2024.09.05	00:39:55.334	0.84269				2
2024.09.05	00:39:55.720	0.84263				2
2024.09.05	00:39:56.333	0.84268				2
2024.09.05	00:39:57.655	0.84267				2
2024.09.05	00:39:58.808	0.84270	0.84316			6
2024.09.05	00:39:59.334	0.84273	0.84317			6
2024.09.05	00:40:00.307	0.84267				2
2024.09.05	00:40:00.725	0.84261				2
2024.09.05	00:40:01.335	0.84268				2
2024.09.05	00:40:02.332	0.84269				2
2024.09.05	00:40:02.886	0.84273				2
2024.09.05	00:40:03.337	0.84274	0.84318			6
2024.09.05	00:40:04.809	0.84273	0.84317			6
2024.09.05	00:40:05.333	0.84274				2
2024.09.05	00:40:06.332	0.84272				2
2024.09.05	00:40:07.333	0.84273				2
2024.09.05	00:40:09.336	0.84274				2
2024.09.05	00:40:10.341		0.84318			4
2024.09.05	00:40:11.336		0.84317			4
2024.09.05	00:40:11.721	0.84271				2
2024.09.05	00:40:12.331	0.84272				2
2024.09.05	00:40:13.332	0.84273				2
2024.09.05	00:40:14.334	0.84272				2
2024.09.05	00:40:15.690	0.84273				2
2024.09.05	00:40:16.721	0.84272				2
2024.09.05	00:40:17.324	0.84271	0.84316			6
2024.09.05	00:40:18.332	0.84273	0.84317			6
2024.09.05	00:40:19.332	0.84272	0.84316			6
2024.09.05	00:40:20.333	0.84274	0.84318			6
2024.09.05	00:40:20.635	0.84273	0.84317			6
2024.09.05	00:40:23.110	0.84274				2
2024.09.05	00:40:24.338	0.84273				2
2024.09.05	00:40:25.338		0.84316			4
2024.09.05	00:40:26.216	0.84274	0.84317			6
2024.09.05	00:40:27.335	0.84273				2
2024.09.05	00:40:28.331	0.84271				2
2024.09.05	00:40:29.332	0.84272				2
2024.09.05	00:40:30.333	0.84271				2
2024.09.05	00:40:31.101	0.84273	0.84316			6
2024.09.05	00:40:31.425	0.84262				2
2024.09.05	00:40:32.333	0.84270				2
2024.09.05	00:40:34.333	0.84271				2
2024.09.05	00:40:35.333	0.84270				2
2024.09.05	00:40:37.371	0.84274	0.84317			6
2024.09.05	00:40:40.334	0.84275	0.84318			6
2024.09.05	00:40:41.227	0.84274	0.84317			6
2024.09.05	00:40:42.336	0.84273				2
2024.09.05	00:40:45.604	0.84274				2
2024.09.05	00:40:57.376		0.84316			4
2024.09.05	00:40:57.752		0.84317			4
2024.09.05	00:41:05.969	0.84274				2
2024.09.05	00:41:08.405	0.84273	0.84316			6
2024.09.05	00:41:12.681	0.84274				2
2024.09.05	00:41:16.204		0.84317			4
2024.09.05	00:41:18.159		0.84316			4
2024.09.05	00:41:21.607	0.84273				2
2024.09.05	00:41:34.033	0.84271				2
2024.09.05	00:41:34.340	0.84273				2
2024.09.05	00:41:37.445	0.84271				2
2024.09.05	00:41:42.007	0.84270				2
2024.09.05	00:41:49.851		0.84315			4
2024.09.05	00:41:50.232	0.84271				2
2024.09.05	00:41:52.709	0.84270	0.84316			6
2024.09.05	00:41:54.161		0.84315			4
2024.09.05	00:41:57.335		0.84316			4
2024.09.05	00:42:01.627	0.84269				2
2024.09.05	00:42:11.104	0.84270				2
2024.09.05	00:42:13.508	0.84269				2
2024.09.05	00:42:16.064	0.84270	0.84315			6
2024.09.05	00:42:20.103		0.84316			4
2024.09.05	00:42:27.533	0.84271	0.84315			6
2024.09.05	00:42:30.124	0.84273	0.84316			6
2024.09.05	00:42:32.105	0.84272				2
2024.09.05	00:42:36.281	0.84273				2
2024.09.05	00:42:37.338	0.84272	0.84315			6
2024.09.05	00:42:39.603	0.84271				2
2024.09.05	00:42:41.948	0.84261	0.84313			6
2024.09.05	00:42:43.133	0.84259				2
2024.09.05	00:42:43.682	0.84260	0.84314			6
2024.09.05	00:42:47.112	0.84262	0.84313			6
2024.09.05	00:42:48.844	0.84264	0.84314			6
2024.09.05	00:42:51.905		0.84313			4
2024.09.05	00:42:56.104	0.84263				2
2024.09.05	00:43:00.125	0.84262				2
2024.09.05	00:43:05.376	0.84265	0.84309			6
2024.09.05	00:43:07.416	0.84266				2
2024.09.05	00:43:14.625	0.84267	0.84310			6
2024.09.05	00:43:15.414	0.84266	0.84309			6
2024.09.05	00:43:21.285	0.84264	0.84313			6
2024.09.05	00:43:28.628		0.84314			4
2024.09.05	00:43:31.662	0.84263				2
2024.09.05	00:43:44.105	0.84264				2
2024.09.05	00:43:44.536	0.84265				2
2024.09.05	00:43:58.257		0.84315			4
2024.09.05	00:44:00.312	0.84266				2
2024.09.05	00:44:09.339	0.84265				2
2024.09.05	00:44:27.578	0.84264				2
2024.09.05	00:44:27.903	0.84265	0.84314			6
2024.09.05	00:44:28.712	0.84266	0.84315			6
2024.09.05	00:44:30.186	0.84267				2
2024.09.05	00:44:33.607	0.84266				2
2024.09.05	00:44:34.999	0.84267				2
2024.09.05	00:44:38.543	0.84266				2
2024.09.05	00:44:51.912	0.84265				2
2024.09.05	00:44:55.104	0.84266				2
2024.09.05	00:44:55.802	0.84265				2
2024.09.05	00:45:00.889	0.84265				2
2024.09.05	00:45:01.507	0.84271	0.84314			6
2024.09.05	00:45:03.285	0.84265	0.84315			6
2024.09.05	00:45:06.476	0.84277	0.84303			6
2024.09.05	00:45:37.713	0.84279	0.84300			6
2024.09.05	00:45:47.409	0.84280				2
2024.09.05	00:46:01.030	0.84280				2
2024.09.05	00:46:08.408	0.84279				2
2024.09.05	00:46:27.441	0.84278				2
2024.09.05	00:46:28.896	0.84277	0.84299			6
2024.09.05	00:46:32.623	0.84278				2
2024.09.05	00:46:37.626		0.84300			4
2024.09.05	00:46:45.845	0.84277				2
2024.09.05	00:46:54.304		0.84299			4
2024.09.05	00:47:00.895	0.84277				2
2024.09.05	00:47:01.796	0.84280	0.84300			6
2024.09.05	00:47:03.258	0.84276	0.84299			6
2024.09.05	00:47:24.569	0.84275				2
2024.09.05	00:47:32.138	0.84276	0.84300			6
2024.09.05	00:47:32.654	0.84279				2
2024.09.05	00:47:43.808	0.84280	0.84301			6
2024.09.05	00:47:45.055	0.84281				2
2024.09.05	00:47:55.812		0.84302			4
2024.09.05	00:48:03.949	0.84281				2
2024.09.05	00:48:10.205	0.84280	0.84301			6
2024.09.05	00:48:20.837		0.84302			4
2024.09.05	00:48:23.711		0.84301			4
2024.09.05	00:48:33.035		0.84302			4
2024.09.05	00:48:43.504	0.84281				2
2024.09.05	00:48:44.923		0.84303			4
2024.09.05	00:48:51.541		0.84302			4
2024.09.05	00:48:58.140	0.84280	0.84303			6
2024.09.05	00:48:58.444		0.84302			4
2024.09.05	00:48:59.799	0.84281				2
2024.09.05	00:49:01.946	0.84280				2
2024.09.05	00:49:10.215	0.84281				2
2024.09.05	00:49:18.982	0.84280				2
2024.09.05	00:49:19.465	0.84279	0.84301			6
2024.09.05	00:49:21.607	0.84278				2
2024.09.05	00:49:22.307	0.84281	0.84303			6
2024.09.05	00:50:00.362	0.84281				2
2024.09.05	00:50:02.705	0.84280	0.84302			6
2024.09.05	00:50:07.806	0.84279				2
2024.09.05	00:50:13.504	0.84280				2
2024.09.05	00:50:15.235	0.84281	0.84303			6
2024.09.05	00:50:16.805	0.84280	0.84302			6
2024.09.05	00:50:18.099	0.84281				2
2024.09.05	00:50:18.717	0.84278	0.84304			6
2024.09.05	00:50:19.155	0.84280	0.84305			6
2024.09.05	00:50:22.601	0.84281				2
2024.09.05	00:50:24.005	0.84282				2
2024.09.05	00:50:28.055	0.84281				2
2024.09.05	00:50:32.913		0.84304			4
2024.09.05	00:50:34.179	0.84279				2
2024.09.05	00:50:39.605	0.84280				2
2024.09.05	00:50:46.204	0.84279				2
2024.09.05	00:50:50.404	0.84280				2
2024.09.05	00:50:53.233	0.84281	0.84302			6
2024.09.05	00:50:56.618		0.84303			4
2024.09.05	00:50:57.106	0.84280	0.84301			6
2024.09.05	00:50:58.079	0.84281	0.84302			6
2024.09.05	00:50:59.672	0.84282	0.84303			6
2024.09.05	00:51:00.747	0.84281	0.84302			6
2024.09.05	00:51:03.173	0.84279	0.84303			6
2024.09.05	00:51:06.307	0.84280				2
2024.09.05	00:51:18.797	0.84279				2
2024.09.05	00:51:19.479	0.84281				2
2024.09.05	00:51:19.781	0.84279				2
2024.09.05	00:51:20.121	0.84280	0.84302			6
2024.09.05	00:51:23.001	0.84278				2
2024.09.05	00:51:27.511	0.84279				2
2024.09.05	00:51:37.513		0.84303			4
2024.09.05	00:51:44.836	0.84278				2
2024.09.05	00:51:47.712	0.84279				2
2024.09.05	00:51:53.160	0.84280				2
2024.09.05	00:51:55.025	0.84281				2
2024.09.05	00:51:55.506	0.84279				2
2024.09.05	00:52:00.163	0.84279				2
2024.09.05	00:52:01.037	0.84281				2
2024.09.05	00:52:03.363	0.84280				2
2024.09.05	00:52:05.980	0.84281	0.84304			6
2024.09.05	00:52:15.205	0.84283	0.84305			6
2024.09.05	00:52:20.189	0.84282	0.84304			6
2024.09.05	00:52:26.178	0.84283	0.84305			6
2024.09.05	00:52:38.773	0.84282	0.84304			6
2024.09.05	00:52:41.287	0.84281				2
2024.09.05	00:52:41.592	0.84282				2
2024.09.05	00:52:59.045		0.84305			4
2024.09.05	00:52:59.383	0.84283				2
2024.09.05	00:53:05.864	0.84283				2
2024.09.05	00:53:07.824		0.84306			4
2024.09.05	00:53:09.427	0.84282				2
2024.09.05	00:53:10.799	0.84283				2
2024.09.05	00:53:13.551	0.84282	0.84305			6
2024.09.05	00:53:20.412	0.84281	0.84304			6
2024.09.05	00:53:37.227		0.84305			4
2024.09.05	00:54:00.360	0.84281				2
2024.09.05	00:54:00.789	0.84282				2
2024.09.05	00:54:03.904	0.84283	0.84306			6
2024.09.05	00:54:10.865	0.84281	0.84305			6
2024.09.05	00:54:25.371	0.84282				2
2024.09.05	00:54:27.107	0.84283	0.84306			6
2024.09.05	00:54:35.933	0.84285	0.84307			6
2024.09.05	00:54:45.904		0.84308			4
2024.09.05	00:54:49.313	0.84286	0.84309			6
2024.09.05	00:54:57.901	0.84284	0.84307			6
2024.09.05	00:54:58.427	0.84283	0.84306			6
2024.09.05	00:55:00.747	0.84285	0.84307			6
2024.09.05	00:55:03.012	0.84284				2
2024.09.05	00:55:19.650	0.84282	0.84305			6
2024.09.05	00:55:20.275	0.84283	0.84306			6
2024.09.05	00:55:20.620	0.84282	0.84305			6
2024.09.05	00:55:36.631	0.84283	0.84306			6
2024.09.05	00:55:41.403	0.84282				2
2024.09.05	00:55:42.453	0.84283				2
2024.09.05	00:55:48.713	0.84282				2
2024.09.05	00:55:49.721	0.84281	0.84305			6
2024.09.05	00:55:50.498		0.84304			4
2024.09.05	00:55:54.606	0.84280				2
2024.09.05	00:56:00.275	0.84281				2
2024.09.05	00:56:00.606	0.84283	0.84306			6
2024.09.05	00:56:07.218		0.84307			4
2024.09.05	00:56:36.727	0.84282				2
2024.09.05	00:57:03.344	0.84282	0.84306			6
2024.09.05	00:57:05.420	0.84280	0.84305			6
2024.09.05	00:57:07.665	0.84281				2
2024.09.05	00:57:20.384		0.84306			4
2024.09.05	00:57:21.468	0.84284	0.84309			6
2024.09.05	00:57:21.812	0.84285				2
2024.09.05	00:57:22.396		0.84310			4
2024.09.05	00:57:22.926	0.84287	0.84311			6
2024.09.05	00:57:24.866	0.84286				2
2024.09.05	00:57:27.828	0.84287	0.84312			6
2024.09.05	00:57:28.224	0.84286	0.84311			6
2024.09.05	00:57:28.682	0.84294	0.84317			6
2024.09.05	00:57:28.995		0.84316			4
2024.09.05	00:57:29.707		0.84318			4
2024.09.05	00:57:30.728		0.84317			4
2024.09.05	00:57:31.735		0.84318			4
2024.09.05	00:57:34.061		0.84317			4
2024.09.05	00:57:38.864		0.84318			4
2024.09.05	00:57:40.356		0.84317			4
2024.09.05	00:57:40.805		0.84321			4
2024.09.05	00:57:41.437		0.84319			4
2024.09.05	00:57:44.324		0.84318			4
2024.09.05	00:57:51.222		0.84320			4
2024.09.05	00:57:51.776		0.84319			4
2024.09.05	00:57:54.919	0.84295				2
2024.09.05	00:57:56.802	0.84297				2
2024.09.05	00:58:00.148	0.84297	0.84321			6
2024.09.05	00:58:04.908	0.84296	0.84320			6
2024.09.05	00:58:08.863	0.84295				2
2024.09.05	00:58:09.179	0.84294	0.84317			6
2024.09.05	00:58:10.242	0.84293				2
2024.09.05	00:58:18.555	0.84292				2
2024.09.05	00:58:22.458		0.84316			4
2024.09.05	00:58:32.405		0.84317			4
2024.09.05	00:58:40.804	0.84291	0.84316			6
2024.09.05	00:58:51.810	0.84292				2
2024.09.05	00:58:52.505	0.84294	0.84318			6
2024.09.05	00:59:02.404	0.84293	0.84317			6
2024.09.05	00:59:08.916	0.84292	0.84316			6
2024.09.05	01:00:00.309	0.84293	0.84318			6
2024.09.05	01:00:00.625		0.84320			4
2024.09.05	01:00:01.308	0.84294	0.84319			6
2024.09.05	01:00:02.358	0.84296				2
2024.09.05	01:00:03.022	0.84292	0.84314			6
2024.09.05	01:00:03.526	0.84294	0.84318			6
2024.09.05	01:00:03.911		0.84317			4
2024.09.05	01:00:04.547		0.84318			4
2024.09.05	01:00:05.368	0.84293				2
2024.09.05	01:00:07.137	0.84291	0.84314			6
2024.09.05	01:00:07.870		0.84315			4
2024.09.05	01:00:08.360	0.84290	0.84314			6
2024.09.05	01:00:10.703	0.84288	0.84312			6
2024.09.05	01:00:11.020	0.84280	0.84306			6
2024.09.05	01:00:11.353	0.84278	0.84305			6
2024.09.05	01:00:12.225	0.84282				2
2024.09.05	01:00:13.932	0.84281				2
2024.09.05	01:00:15.350	0.84283	0.84307			6
2024.09.05	01:00:16.314	0.84282	0.84305			6
2024.09.05	01:00:19.652	0.84283				2
2024.09.05	01:00:19.962	0.84288	0.84300			6
2024.09.05	01:00:20.266	0.84287	0.84302			6
2024.09.05	01:00:21.277		0.84303			4
2024.09.05	01:00:21.595	0.84288				2
2024.09.05	01:00:23.330		0.84300			4
2024.09.05	01:00:25.382	0.84286	0.84305			6
2024.09.05	01:00:28.875	0.84283	0.84303			6
2024.09.05	01:00:30.251		0.84305			4
2024.09.05	01:00:30.885	0.84287	0.84303			6
2024.09.05	01:00:31.344	0.84288	0.84300			6
2024.09.05	01:00:31.793	0.84283	0.84301			6
2024.09.05	01:00:32.872		0.84300			4
2024.09.05	01:00:33.397	0.84288				2
2024.09.05	01:00:36.359	0.84286	0.84302			6
2024.09.05	01:00:36.871	0.84285				2
2024.09.05	01:00:37.212	0.84287				2
2024.09.05	01:00:38.636	0.84285				2
2024.09.05	01:00:40.891	0.84287	0.84300			6
2024.09.05	01:00:42.490	0.84284	0.84302			6
2024.09.05	01:00:42.987	0.84287	0.84300			6
2024.09.05	01:00:43.722	0.84289	0.84305			6
2024.09.05	01:00:44.105	0.84295	0.84307			6
2024.09.05	01:00:44.426	0.84293	0.84309			6
2024.09.05	01:00:45.083	0.84294				2
2024.09.05	01:00:45.472		0.84308			4
2024.09.05	01:00:48.255		0.84310			4
2024.09.05	01:00:50.298	0.84292	0.84311			6
2024.09.05	01:00:53.062	0.84293				2
2024.09.05	01:00:54.099	0.84296	0.84308			6
2024.09.05	01:00:55.031		0.84309			4
2024.09.05	01:00:56.687	0.84293	0.84310			6
2024.09.05	01:00:57.662	0.84296	0.84309			6
2024.09.05	01:00:58.060	0.84295	0.84311			6
2024.09.05	01:00:58.801		0.84308			4
2024.09.05	01:01:00.306	0.84296	0.84311			6
2024.09.05	01:01:01.085		0.84310			4
2024.09.05	01:01:02.561		0.84309			4
2024.09.05	01:01:03.512		0.84311			4
2024.09.05	01:01:06.605		0.84310			4
2024.09.05	01:01:08.152		0.84309			4
2024.09.05	01:01:10.160		0.84308			4
2024.09.05	01:01:14.929	0.84297	0.84307			6
2024.09.05	01:01:15.669		0.84308			4
2024.09.05	01:01:32.403		0.84307			4
2024.09.05	01:01:32.725	0.84299	0.84308			6
2024.09.05	01:01:33.278		0.84309			4
2024.09.05	01:01:36.541	0.84296				2
2024.09.05	01:01:38.265	0.84297				2
2024.09.05	01:01:38.584	0.84296				2
2024.09.05	01:01:39.540	0.84295				2
2024.09.05	01:01:59.831	0.84294	0.84308			6
2024.09.05	01:02:00.361	0.84294				2
2024.09.05	01:02:02.039	0.84293				2
2024.09.05	01:02:03.029	0.84292	0.84307			6
2024.09.05	01:02:11.631		0.84306			4
2024.09.05	01:02:12.169		0.84305			4
2024.09.05	01:02:12.518		0.84304			4
2024.09.05	01:02:14.370	0.84293				2
2024.09.05	01:02:16.619	0.84292				2
2024.09.05	01:02:17.370	0.84293				2
2024.09.05	01:02:18.370	0.84294				2
2024.09.05	01:02:19.370	0.84293				2
2024.09.05	01:02:19.921	0.84294				2
2024.09.05	01:02:20.375	0.84293				2
2024.09.05	01:02:21.305	0.84295				2
2024.09.05	01:02:23.370	0.84293				2
2024.09.05	01:02:24.540	0.84294				2
2024.09.05	01:02:25.543	0.84295				2
2024.09.05	01:02:26.918	0.84293	0.84305			6
2024.09.05	01:02:29.374	0.84294				2
2024.09.05	01:02:46.642	0.84295				2
2024.09.05	01:02:48.311		0.84304			4
2024.09.05	01:03:00.422	0.84295				2
2024.09.05	01:03:21.488	0.84296	0.84306			6
2024.09.05	01:03:22.173	0.84297	0.84308			6
2024.09.05	01:03:25.728		0.84309			4
2024.09.05	01:03:26.378	0.84296	0.84308			6
2024.09.05	01:03:30.472		0.84307			4
2024.09.05	01:03:37.781	0.84297				2
2024.09.05	01:03:38.758	0.84293	0.84305			6
2024.09.05	01:03:39.122		0.84304			4
2024.09.05	01:03:39.464	0.84297				2
2024.09.05	01:03:42.606	0.84296	0.84305			6
2024.09.05	01:03:45.606		0.84304			4
2024.09.05	01:04:00.607	0.84296				2
2024.09.05	01:04:01.357	0.84297				2
2024.09.05	01:04:07.709	0.84296				2
2024.09.05	01:04:08.217		0.84305			4
2024.09.05	01:04:29.297		0.84306			4
2024.09.05	01:04:40.272	0.84298	0.84304			6
2024.09.05	01:05:00.304	0.84297				2
2024.09.05	01:05:12.034	0.84298				2
2024.09.05	01:05:20.197		0.84307			4
2024.09.05	01:05:23.649	0.84300				2
2024.09.05	01:05:25.206		0.84308			4
2024.09.05	01:05:26.604		0.84309			4
2024.09.05	01:05:26.913	0.84299	0.84308			6
2024.09.05	01:05:27.605	0.84300	0.84309			6
2024.09.05	01:05:49.365	0.84301				2
2024.09.05	01:05:49.735	0.84304	0.84312			6
2024.09.05	01:05:52.720		0.84311			4
2024.09.05	01:05:53.336	0.84302	0.84308			6
2024.09.05	01:05:53.822	0.84303				2
2024.09.05	01:05:55.824	0.84301	0.84310			6
2024.09.05	01:05:56.313	0.84302				2
2024.09.05	01:05:58.218	0.84303	0.84311			6
2024.09.05	01:05:59.719		0.84310			4
2024.09.05	01:06:00.377	0.84303				2
2024.09.05	01:06:08.854	0.84305	0.84311			6
2024.09.05	01:06:13.209		0.84312			4
2024.09.05	01:06:13.981	0.84304				2
2024.09.05	01:06:15.353	0.84303	0.84309			6
2024.09.05	01:06:16.953	0.84302	0.84310			6
2024.09.05	01:06:21.143	0.84304	0.84314			6
2024.09.05	01:06:21.458		0.84313			4
2024.09.05	01:06:23.411		0.84312			4
2024.09.05	01:06:24.606	0.84303	0.84311			6
2024.09.05	01:06:29.037	0.84304	0.84313			6
2024.09.05	01:06:29.407		0.84312			4
2024.09.05	01:06:31.504	0.84305	0.84313			6
2024.09.05	01:06:32.084		0.84312			4
2024.09.05	01:06:32.450	0.84304				2
2024.09.05	01:06:34.991	0.84305	0.84313			6
2024.09.05	01:06:35.571	0.84309	0.84316			6
2024.09.05	01:06:38.112		0.84317			4
2024.09.05	01:06:44.999	0.84307	0.84315			6
2024.09.05	01:06:47.425	0.84309	0.84316			6
2024.09.05	01:06:50.610	0.84308	0.84315			6
2024.09.05	01:06:52.805		0.84316			4
2024.09.05	01:06:57.606	0.84309				2
2024.09.05	01:06:59.239	0.84308	0.84315			6
2024.09.05	01:07:00.438	0.84308	0.84316			6
2024.09.05	01:07:01.682		0.84315			4
2024.09.05	01:07:04.204	0.84307				2
2024.09.05	01:07:36.706	0.84305	0.84312			6
2024.09.05	01:07:50.404		0.84313			4
2024.09.05	01:07:52.813		0.84312			4
2024.09.05	01:08:00.674	0.84305				2
2024.09.05	01:08:02.537	0.84307				2
2024.09.05	01:08:05.503	0.84306				2
2024.09.05	01:08:16.353	0.84307				2
2024.09.05	01:08:25.207		0.84313			4
2024.09.05	01:08:26.728	0.84308	0.84315			6
2024.09.05	01:08:38.155	0.84304	0.84311			6
2024.09.05	01:08:43.204	0.84303	0.84310			6
2024.09.05	01:08:58.804	0.84304	0.84311			6
2024.09.05	01:09:00.441	0.84304				2
2024.09.05	01:09:11.379	0.84305				2
2024.09.05	01:09:21.733	0.84304				2
2024.09.05	01:09:22.051	0.84302	0.84309			6
2024.09.05	01:09:23.082	0.84301	0.84307			6
2024.09.05	01:09:23.646	0.84302				2
2024.09.05	01:09:25.897	0.84301				2
2024.09.05	01:09:28.430	0.84304	0.84311			6
2024.09.05	01:09:33.386	0.84305	0.84312			6
2024.09.05	01:09:34.335	0.84306	0.84313			6
2024.09.05	01:09:55.852	0.84305	0.84311			6
2024.09.05	01:10:00.511	0.84305				2
2024.09.05	01:10:02.861		0.84312			4
2024.09.05	01:10:03.609	0.84306	0.84313			6
2024.09.05	01:10:15.607	0.84305				2
2024.09.05	01:10:15.932		0.84312			4
2024.09.05	01:10:20.106	0.84304				2
2024.09.05	01:10:20.863	0.84305				2
2024.09.05	01:10:31.578	0.84306	0.84315			6
2024.09.05	01:10:34.512		0.84314			4
2024.09.05	01:10:41.835	0.84305	0.84313			6
2024.09.05	01:11:00.434	0.84304	0.84311			6
2024.09.05	01:11:00.876	0.84305	0.84310			6
2024.09.05	01:11:01.375	0.84304				2
2024.09.05	01:11:02.565	0.84305				2
2024.09.05	01:11:11.376	0.84304				2
2024.09.05	01:11:11.767	0.84305				2
2024.09.05	01:11:12.454	0.84303				2
2024.09.05	01:11:15.305		0.84309			4
2024.09.05	01:11:28.053	0.84302				2
2024.09.05	01:11:43.804	0.84303				2
2024.09.05	01:11:55.233	0.84304	0.84311			6
2024.09.05	01:11:55.536	0.84305				2
2024.09.05	01:11:58.205	0.84303	0.84310			6
2024.09.05	01:12:01.191	0.84303				2
2024.09.05	01:12:01.602	0.84304				2
2024.09.05	01:12:03.009		0.84309			4
2024.09.05	01:12:21.803	0.84303				2
2024.09.05	01:12:39.723	0.84302				2
2024.09.05	01:12:43.208	0.84303	0.84310			6
2024.09.05	01:12:51.605	0.84308	0.84314			6
2024.09.05	01:12:51.920	0.84307	0.84313			6
2024.09.05	01:12:54.605		0.84314			4
2024.09.05	01:13:00.401	0.84308				2
2024.09.05	01:13:10.805	0.84307				2
2024.09.05	01:13:17.614	0.84309	0.84315			6
2024.09.05	01:13:32.028		0.84316			4
2024.09.05	01:13:34.805		0.84315			4
2024.09.05	01:13:56.105	0.84308				2
2024.09.05	01:13:59.836	0.84306	0.84314			6
2024.09.05	01:14:00.375	0.84306				2
2024.09.05	01:14:02.870	0.84304	0.84310			6
2024.09.05	01:14:05.827	0.84303				2
2024.09.05	01:14:06.937	0.84304				2
2024.09.05	01:14:10.803		0.84311			4
2024.09.05	01:14:18.309		0.84310			4
2024.09.05	01:14:23.409	0.84303				2
2024.09.05	01:14:40.827	0.84304				2
2024.09.05	01:14:44.733	0.84303				2
2024.09.05	01:15:00.378	0.84303				2
2024.09.05	01:15:02.194	0.84304				2
2024.09.05	01:15:03.307	0.84303				2
2024.09.05	01:15:06.608	0.84304				2
2024.09.05	01:15:18.989		0.84310			4
2024.09.05	01:15:20.658	0.84305				2
2024.09.05	01:15:22.204		0.84311			4
2024.09.05	01:15:27.906		0.84310			4
2024.09.05	01:15:33.538		0.84311			4
2024.09.05	01:15:33.850	0.84306	0.84313			6
2024.09.05	01:15:34.489	0.84308	0.84314			6
2024.09.05	01:15:36.813	0.84309				2
2024.09.05	01:16:00.519	0.84309				2
2024.09.05	01:16:04.591		0.84313			4
2024.09.05	01:16:04.904	0.84308	0.84314			6
2024.09.05	01:16:14.104	0.84309				2
2024.09.05	01:16:15.480	0.84308	0.84313			6
2024.09.05	01:16:16.291	0.84309				2
2024.09.05	01:16:23.107		0.84314			4
2024.09.05	01:17:02.174	0.84308				2
2024.09.05	01:17:12.796	0.84309				2
2024.09.05	01:17:23.274		0.84314			4
2024.09.05	01:17:25.281	0.84310				2
2024.09.05	01:17:27.606		0.84315			4
2024.09.05	01:17:45.362	0.84309				2
2024.09.05	01:17:46.771	0.84311				2
2024.09.05	01:17:51.242	0.84310				2
2024.09.05	01:17:56.250	0.84311				2
2024.09.05	01:18:00.366	0.84311				2
2024.09.05	01:18:03.116	0.84313	0.84316			6
2024.09.05	01:18:06.004		0.84317			4
2024.09.05	01:18:13.640	0.84312	0.84316			6
2024.09.05	01:18:16.806		0.84315			4
2024.09.05	01:18:25.577	0.84311	0.84316			6
2024.09.05	01:18:30.611		0.84315			4
2024.09.05	01:18:37.683		0.84316			4
2024.09.05	01:18:46.818	0.84310				2
2024.09.05	01:18:50.125	0.84311				2
2024.09.05	01:19:04.545	0.84311				2
2024.09.05	01:19:07.203		0.84315			4
2024.09.05	01:19:14.850	0.84306	0.84312			6
2024.09.05	01:19:19.505		0.84311			4
2024.09.05	01:19:33.974	0.84307				2
2024.09.05	01:19:34.290	0.84306				2
2024.09.05	01:20:00.310	0.84306				2
2024.09.05	01:20:02.562		0.84310			4
2024.09.05	01:20:03.206	0.84310	0.84314			6
2024.09.05	01:20:13.909	0.84309				2
2024.09.05	01:20:25.504		0.84313			4
2024.09.05	01:20:30.363		0.84314			4
2024.09.05	01:20:39.911		0.84313			4
2024.09.05	01:21:00.422	0.84309				2
2024.09.05	01:21:20.170	0.84308	0.84314			6
2024.09.05	01:21:20.484	0.84310	0.84316			6
2024.09.05	01:21:28.805	0.84311	0.84317			6
2024.09.05	01:21:40.772	0.84314	0.84318			6
2024.09.05	01:21:43.629	0.84315	0.84319			6
2024.09.05	01:21:58.511	0.84314				2
2024.09.05	01:22:00.993	0.84314				2
2024.09.05	01:22:10.898	0.84315				2
2024.09.05	01:22:40.409	0.84314				2
2024.09.05	01:22:42.300	0.84312	0.84316			6
2024.09.05	01:22:50.598	0.84310				2
2024.09.05	01:22:56.104		0.84315			4
2024.09.05	01:23:00.350	0.84310				2
2024.09.05	01:23:37.580	0.84309	0.84314			6
2024.09.05	01:23:41.412	0.84310	0.84315			6
2024.09.05	01:24:00.701	0.84310				2
2024.09.05	01:24:01.583	0.84309				2
2024.09.05	01:24:11.345	0.84310				2
2024.09.05	01:24:17.408	0.84309				2
2024.09.05	01:24:22.807		0.84314			4
2024.09.05	01:25:00.071	0.84309				2
2024.09.05	01:25:05.346	0.84308	0.84313			6
2024.09.05	01:25:10.274	0.84309	0.84314			6
2024.09.05	01:25:35.373	0.84310	0.84317			6
2024.09.05	01:25:37.206	0.84311				2
2024.09.05	01:25:40.580	0.84312				2
2024.09.05	01:25:47.107	0.84311				2
2024.09.05	01:25:51.773		0.84316			4
2024.09.05	01:25:55.853	0.84310	0.84317			6
2024.09.05	01:26:00.608	0.84311				2
2024.09.05	01:26:01.873		0.84316			4
2024.09.05	01:26:05.406	0.84310	0.84315			6
2024.09.05	01:26:52.675	0.84308	0.84314			6
2024.09.05	01:26:53.963		0.84313			4
2024.09.05	01:27:01.144	0.84308				2
2024.09.05	01:27:08.986	0.84309	0.84314			6
2024.09.05	01:27:09.604	0.84310	0.84315			6
2024.09.05	01:27:43.425		0.84316			4
2024.09.05	01:27:43.989	0.84311				2
2024.09.05	01:27:49.506		0.84317			4
2024.09.05	01:27:52.504	0.84312				2
2024.09.05	01:28:01.428	0.84312				2
2024.09.05	01:28:07.187	0.84313	0.84318			6
2024.09.05	01:29:01.612	0.84313				2
2024.09.05	01:29:07.540		0.84318			4
2024.09.05	01:29:23.211		0.84315			4
2024.09.05	01:29:34.714	0.84309	0.84313			6
2024.09.05	01:29:47.109	0.84310				2
2024.09.05	01:30:00.309	0.84310	0.84312			6
2024.09.05	01:30:01.577	0.84308	0.84313			6
2024.09.05	01:30:03.352	0.84309	0.84312			6
2024.09.05	01:30:04.402		0.84310			4
2024.09.05	01:30:07.621	0.84308	0.84312			6
2024.09.05	01:30:18.126		0.84311			4
2024.09.05	01:30:29.406	0.84309				2
2024.09.05	01:30:33.093	0.84313	0.84315			6
2024.09.05	01:30:50.892		0.84316			4
2024.09.05	01:31:01.139	0.84313				2
2024.09.05	01:31:05.081	0.84311	0.84314			6
2024.09.05	01:31:05.726		0.84313			4
2024.09.05	01:31:08.485	0.84310				2
2024.09.05	01:31:12.024	0.84311				2
2024.09.05	01:31:15.003	0.84310				2
2024.09.05	01:31:34.579		0.84312			4
2024.09.05	01:31:41.960	0.84309				2
2024.09.05	01:31:42.321	0.84308	0.84313			6
2024.09.05	01:31:43.805	0.84309				2
2024.09.05	01:31:54.004	0.84310				2
2024.09.05	01:31:54.667	0.84309				2
2024.09.05	01:32:00.432	0.84309				2
2024.09.05	01:32:10.357		0.84312			4
2024.09.05	01:32:21.906	0.84308				2
2024.09.05	01:32:23.704	0.84309				2
2024.09.05	01:32:57.007	0.84310				2
2024.09.05	01:33:00.786	0.84310				2
2024.09.05	01:33:05.378	0.84309				2
2024.09.05	01:33:08.105	0.84310				2
2024.09.05	01:33:10.563		0.84312			4
2024.09.05	01:33:15.091	0.84309				2
2024.09.05	01:33:19.864	0.84310				2
2024.09.05	01:33:41.407	0.84309				2
2024.09.05	01:33:45.604	0.84310				2
2024.09.05	01:33:56.198	0.84309				2
2024.09.05	01:34:00.124	0.84309				2
2024.09.05	01:34:00.874	0.84310				2
2024.09.05	01:34:10.902		0.84312			4
2024.09.05	01:34:41.104	0.84309				2
2024.09.05	01:35:00.805	0.84309				2
2024.09.05	01:35:04.966	0.84308				2
2024.09.05	01:35:11.116		0.84312			4
2024.09.05	01:35:20.599		0.84310			4
2024.09.05	01:35:25.695	0.84309				2
2024.09.05	01:35:28.474	0.84308				2
2024.09.05	01:35:36.607	0.84307	0.84309			6
2024.09.05	01:35:36.971	0.84306				2
2024.09.05	01:35:42.440	0.84308	0.84312			6
2024.09.05	01:36:00.216	0.84308				2
2024.09.05	01:36:10.415	0.84306	0.84310			6
2024.09.05	01:36:10.752	0.84305				2
2024.09.05	01:36:16.208	0.84306				2
2024.09.05	01:36:38.404	0.84307				2
2024.09.05	01:36:51.278	0.84308	0.84314			6
2024.09.05	01:36:51.582	0.84311				2
2024.09.05	01:36:56.739		0.84313			4
2024.09.05	01:37:02.351	0.84311				2
2024.09.05	01:37:12.904	0.84310				2
2024.09.05	01:37:23.405	0.84311				2
2024.09.05	01:37:59.757		0.84313			4
2024.09.05	01:38:00.168	0.84311				2
2024.09.05	01:38:02.999	0.84308				2
2024.09.05	01:38:04.352		0.84312			4
2024.09.05	01:38:13.805	0.84309				2
2024.09.05	01:38:40.249	0.84310	0.84313			6
2024.09.05	01:38:43.630		0.84311			4
2024.09.05	01:38:50.407	0.84309				2
2024.09.05	01:39:02.339	0.84307	0.84312			6
2024.09.05	01:39:03.792	0.84308	0.84311			6
2024.09.05	01:39:07.014	0.84309				2
2024.09.05	01:39:16.514	0.84308				2
2024.09.05	01:39:19.137	0.84307	0.84312			6
2024.09.05	01:39:20.583		0.84311			4
2024.09.05	01:39:21.231		0.84312			4
2024.09.05	01:39:24.039	0.84308				2
2024.09.05	01:39:24.370	0.84307				2
2024.09.05	01:39:26.811	0.84308				2
2024.09.05	01:39:45.871		0.84311			4
2024.09.05	01:39:54.932	0.84307				2
2024.09.05	01:39:56.753	0.84308				2
2024.09.05	01:40:01.344	0.84308				2
2024.09.05	01:40:25.044	0.84309				2
2024.09.05	01:40:27.380	0.84308	0.84312			6
2024.09.05	01:40:27.691	0.84307				2
2024.09.05	01:40:32.008	0.84308				2
2024.09.05	01:40:35.068	0.84310				2
2024.09.05	01:40:55.553	0.84309				2
2024.09.05	01:41:00.561	0.84309				2
2024.09.05	01:41:06.607	0.84308				2
2024.09.05	01:41:06.964	0.84307	0.84311			6
2024.09.05	01:41:15.904	0.84308				2
2024.09.05	01:41:20.503		0.84310			4
2024.09.05	01:41:20.854		0.84311			4
2024.09.05	01:41:22.673	0.84307				2
2024.09.05	01:41:24.989		0.84312			4
2024.09.05	01:41:31.807	0.84308				2
2024.09.05	01:41:35.195	0.84309				2
2024.09.05	01:41:37.097	0.84310				2
2024.09.05	01:41:37.489	0.84308	0.84311			6
2024.09.05	01:41:37.854	0.84307				2
2024.09.05	01:41:43.323		0.84312			4
2024.09.05	01:41:46.839	0.84308				2
2024.09.05	01:41:47.693		0.84313			4
2024.09.05	01:41:51.278	0.84309	0.84314			6
2024.09.05	01:41:52.454	0.84310				2
2024.09.05	01:41:55.383	0.84309				2
2024.09.05	01:42:01.258	0.84309	0.84313			6
2024.09.05	01:42:08.138		0.84314			4
2024.09.05	01:42:11.106		0.84313			4
2024.09.05	01:42:12.782	0.84310	0.84314			6
2024.09.05	01:42:13.710	0.84309				2
2024.09.05	01:42:14.900	0.84310	0.84315			6
2024.09.05	01:42:16.875	0.84309	0.84314			6
2024.09.05	01:42:20.580	0.84310				2
2024.09.05	01:42:34.142	0.84309	0.84315			6
2024.09.05	01:42:42.203	0.84310	0.84314			6
2024.09.05	01:42:44.757	0.84311	0.84315			6
2024.09.05	01:42:45.891	0.84310	0.84314			6
2024.09.05	01:43:00.105	0.84310				2
2024.09.05	01:43:16.804	0.84309	0.84313			6
2024.09.05	01:43:23.595		0.84314			4
2024.09.05	01:43:43.985	0.84310	0.84315			6
2024.09.05	01:44:01.060	0.84310				2
2024.09.05	01:44:03.031		0.84314			4
2024.09.05	01:44:10.565		0.84315			4
2024.09.05	01:44:10.943		0.84314			4
2024.09.05	01:44:20.374	0.84309				2
2024.09.05	01:44:37.213	0.84310				2
2024.09.05	01:44:46.806	0.84309				2
2024.09.05	01:45:02.388	0.84309				2
2024.09.05	01:45:06.074		0.84313			4
2024.09.05	01:45:13.204		0.84314			4
2024.09.05	01:45:24.358		0.84313			4
2024.09.05	01:45:24.667	0.84308	0.84312			6
2024.09.05	01:45:34.614	0.84309	0.84313			6
2024.09.05	01:45:38.407		0.84314			4
2024.09.05	01:45:39.054	0.84310				2
2024.09.05	01:45:50.895		0.84313			4
2024.09.05	01:46:00.365	0.84310				2
2024.09.05	01:46:02.610	0.84309				2
2024.09.05	01:46:04.702	0.84308				2
2024.09.05	01:46:14.406	0.84309				2
2024.09.05	01:46:28.806	0.84310				2
2024.09.05	01:46:30.169		0.84314			4
2024.09.05	01:46:50.540		0.84313			4
2024.09.05	01:46:53.646		0.84314			4
2024.09.05	01:46:57.371		0.84313			4
2024.09.05	01:47:00.624	0.84310				2
2024.09.05	01:47:08.588	0.84309	0.84315			6
2024.09.05	01:47:08.912	0.84310	0.84313			6
2024.09.05	01:47:09.782		0.84315			4
2024.09.05	01:47:10.142		0.84313			4
2024.09.05	01:47:14.403	0.84311				2
2024.09.05	01:47:18.146		0.84314			4
2024.09.05	01:47:35.151		0.84315			4
2024.09.05	01:47:40.296	0.84312	0.84317			6
2024.09.05	01:47:45.360	0.84313				2
2024.09.05	01:47:46.691		0.84318			4
2024.09.05	01:47:53.611	0.84314	0.84319			6
2024.09.05	01:48:01.329	0.84314				2
2024.09.05	01:48:02.843		0.84318			4
2024.09.05	01:48:06.311	0.84315				2
2024.09.05	01:48:21.008	0.84314				2
2024.09.05	01:48:47.641		0.84316			4
2024.09.05	01:48:48.587		0.84317			4
2024.09.05	01:49:05.093	0.84312	0.84314			6
2024.09.05	01:49:20.547	0.84310	0.84315			6
2024.09.05	01:49:21.912	0.84311				2
2024.09.05	01:49:22.351		0.84313			4
2024.09.05	01:49:22.684		0.84315			4
2024.09.05	01:49:24.503	0.84313				2
2024.09.05	01:49:33.904	0.84312				2
2024.09.05	01:50:00.007	0.84312				2
2024.09.05	01:50:23.488		0.84315			4
2024.09.05	01:50:23.930	0.84313				2
2024.09.05	01:50:35.617	0.84311	0.84312			6
2024.09.05	01:50:56.318	0.84310				2
2024.09.05	01:51:00.077	0.84310				2
2024.09.05	01:51:27.304	0.84311				2
2024.09.05	01:51:28.280		0.84313			4
2024.09.05	01:51:31.074	0.84310				2
2024.09.05	01:51:35.006		0.84314			4
2024.09.05	01:51:35.413		0.84312			4
2024.09.05	01:51:36.034		0.84314			4
2024.09.05	01:51:43.505	0.84311				2
2024.09.05	01:51:50.619		0.84313			4
2024.09.05	01:52:02.776	0.84311				2
2024.09.05	01:52:09.029	0.84312				2
2024.09.05	01:52:15.014	0.84311				2
2024.09.05	01:52:43.789		0.84314			4
2024.09.05	01:52:44.581	0.84312	0.84315			6
2024.09.05	01:52:44.883	0.84314	0.84316			6
2024.09.05	01:52:45.810	0.84315	0.84319			6
2024.09.05	01:52:53.477	0.84316				2
2024.09.05	01:53:00.580	0.84316				2
2024.09.05	01:53:10.424		0.84318			4
2024.09.05	01:53:15.159	0.84312	0.84316			6
2024.09.05	01:53:15.524		0.84315			4
2024.09.05	01:53:25.117	0.84313	0.84316			6
2024.09.05	01:53:39.304	0.84314				2
2024.09.05	01:53:39.789		0.84317			4
2024.09.05	01:54:00.898	0.84314				2
2024.09.05	01:54:04.487	0.84313				2
2024.09.05	01:54:05.061		0.84316			4
2024.09.05	01:54:05.365	0.84314				2
2024.09.05	01:54:11.259		0.84317			4
2024.09.05	01:54:12.004	0.84315				2
2024.09.05	01:54:23.011	0.84313				2
2024.09.05	01:54:30.128	0.84315				2
2024.09.05	01:54:32.808		0.84318			4
2024.09.05	01:54:41.577	0.84314	0.84317			6
2024.09.05	01:54:46.834	0.84315	0.84318			6
2024.09.05	01:54:53.201		0.84317			4
2024.09.05	01:54:54.200	0.84316				2
2024.09.05	01:54:55.900	0.84314				2
2024.09.05	01:55:03.396	0.84315				2
2024.09.05	01:55:16.078	0.84314				2
2024.09.05	01:55:17.701	0.84315				2
2024.09.05	01:55:20.357		0.84316			4
2024.09.05	01:55:21.583	0.84314				2
2024.09.05	01:55:47.406	0.84313				2
2024.09.05	01:56:00.564	0.84313				2
2024.09.05	01:56:05.408	0.84314				2
2024.09.05	01:56:21.378		0.84316			4
2024.09.05	01:56:40.182		0.84315			4
2024.09.05	01:56:40.903	0.84313				2
2024.09.05	01:56:46.574		0.84316			4
2024.09.05	01:56:47.506	0.84314	0.84315			6
2024.09.05	01:57:01.504	0.84313				2
2024.09.05	01:57:05.224	0.84314	0.84319			6
2024.09.05	01:57:06.399	0.84315	0.84320			6
2024.09.05	01:57:20.721	0.84316	0.84321			6
2024.09.05	01:57:21.553	0.84317				2
2024.09.05	01:57:29.705		0.84322			4
2024.09.05	01:57:32.671		0.84321			4
2024.09.05	01:57:40.800		0.84322			4
2024.09.05	01:58:00.269	0.84317	0.84321			6
2024.09.05	01:58:06.273		0.84322			4
2024.09.05	01:58:27.186		0.84321			4
2024.09.05	01:58:40.368		0.84322			4
2024.09.05	01:58:42.370		0.84321			4
2024.09.05	01:59:00.762	0.84317				2
2024.09.05	01:59:04.938		0.84322			4
2024.09.05	01:59:14.870	0.84318				2
2024.09.05	01:59:50.706		0.84323			4
2024.09.05	02:00:00.376	0.84321	0.84324			6
2024.09.05	02:00:02.105		0.84325			4
2024.09.05	02:00:06.434	0.84322	0.84326			6
2024.09.05	02:00:17.780	0.84321				2
2024.09.05	02:00:29.516		0.84325			4
2024.09.05	02:00:47.404	0.84322				2
2024.09.05	02:01:00.430	0.84322				2
2024.09.05	02:01:04.811	0.84321				2
2024.09.05	02:01:24.658		0.84324			4
2024.09.05	02:01:28.018	0.84320				2
2024.09.05	02:01:31.425	0.84319				2
2024.09.05	02:01:33.006	0.84320				2
2024.09.05	02:01:39.722		0.84323			4
2024.09.05	02:01:42.388	0.84319	0.84322			6
2024.09.05	02:01:46.767	0.84320				2
2024.09.05	02:01:58.786	0.84318				2
2024.09.05	02:01:59.291		0.84321			4
2024.09.05	02:02:00.301	0.84318				2
2024.09.05	02:02:02.416	0.84316	0.84320			6
2024.09.05	02:02:20.078	0.84315	0.84319			6
2024.09.05	02:02:30.606	0.84314	0.84318			6
2024.09.05	02:02:32.475		0.84319			4
2024.09.05	02:02:33.531	0.84315				2
2024.09.05	02:02:38.105	0.84314				2
2024.09.05	02:02:44.406	0.84315				2
2024.09.05	02:02:48.796	0.84314	0.84318			6
2024.09.05	02:03:00.451	0.84314				2
2024.09.05	02:03:13.273		0.84317			4
2024.09.05	02:03:14.384	0.84313				2
2024.09.05	02:03:17.242	0.84312	0.84316			6
2024.09.05	02:03:18.061		0.84317			4
2024.09.05	02:03:19.598		0.84316			4
2024.09.05	02:03:30.273	0.84311	0.84315			6
2024.09.05	02:03:32.919	0.84312	0.84316			6
2024.09.05	02:03:39.761	0.84311				2
2024.09.05	02:03:42.693	0.84312				2
2024.09.05	02:03:44.412	0.84313	0.84318			6
2024.09.05	02:03:46.865		0.84317			4
2024.09.05	02:03:51.755	0.84312	0.84316			6
2024.09.05	02:04:00.199	0.84312				2
2024.09.05	02:04:14.621		0.84317			4
2024.09.05	02:04:16.006	0.84311	0.84316			6
2024.09.05	02:04:16.402	0.84312				2
2024.09.05	02:04:20.406	0.84311				2
2024.09.05	02:04:21.922	0.84313	0.84317			6
2024.09.05	02:04:22.374		0.84316			4
2024.09.05	02:04:23.284	0.84312				2
2024.09.05	02:04:26.924	0.84313	0.84317			6
2024.09.05	02:04:28.491	0.84312	0.84316			6
2024.09.05	02:04:32.275	0.84311				2
2024.09.05	02:04:46.505		0.84315			4
2024.09.05	02:04:55.574	0.84310	0.84314			6
2024.09.05	02:05:00.070	0.84310				2
2024.09.05	02:05:10.070		0.84313			4
2024.09.05	02:05:14.433	0.84309				2
2024.09.05	02:05:47.900		0.84312			4
2024.09.05	02:06:00.323	0.84309				2
2024.09.05	02:06:27.761		0.84313			4
2024.09.05	02:06:37.056		0.84312			4
2024.09.05	02:06:37.554		0.84313			4
2024.09.05	02:06:52.634		0.84312			4
2024.09.05	02:07:01.021	0.84309				2
2024.09.05	02:07:53.174		0.84312			4
2024.09.05	02:07:59.321	0.84308				2
2024.09.05	02:08:00.596	0.84308				2
2024.09.05	02:08:14.006		0.84313			4
2024.09.05	02:08:14.860		0.84312			4
2024.09.05	02:08:15.164	0.84309				2
2024.09.05	02:08:16.551	0.84308				2
2024.09.05	02:08:16.960	0.84309				2
2024.09.05	02:08:29.335	0.84308				2
2024.09.05	02:08:36.676	0.84310				2
2024.09.05	02:08:41.603	0.84309				2
2024.09.05	02:09:01.281	0.84309				2
2024.09.05	02:09:12.110	0.84308				2
2024.09.05	02:09:12.424		0.84310			4
2024.09.05	02:09:20.722	0.84307				2
2024.09.05	02:10:01.311	0.84307				2
2024.09.05	02:10:11.252	0.84309	0.84311			6
2024.09.05	02:10:21.004	0.84308				2
2024.09.05	02:10:21.321		0.84312			4
2024.09.05	02:11:00.099	0.84308				2
2024.09.05	02:11:21.978		0.84312			4
2024.09.05	02:12:01.256	0.84308				2
2024.09.05	02:12:09.488	0.84309				2
2024.09.05	02:12:20.058		0.84311			4
2024.09.05	02:12:22.806	0.84308				2
2024.09.05	02:12:40.205	0.84309				2
2024.09.05	02:12:44.237	0.84308				2
2024.09.05	02:12:49.517	0.84307				2
2024.09.05	02:12:54.334	0.84308				2
2024.09.05	02:13:00.107	0.84308				2
2024.09.05	02:13:04.185		0.84312			4
2024.09.05	02:13:14.882		0.84311			4
2024.09.05	02:13:19.742		0.84312			4
2024.09.05	02:13:35.296	0.84307				2
2024.09.05	02:13:43.685		0.84310			4
2024.09.05	02:13:56.138		0.84309			4
2024.09.05	02:14:00.222	0.84307				2
2024.09.05	02:14:14.046	0.84306	0.84310			6
2024.09.05	02:14:19.879	0.84307				2
2024.09.05	02:14:55.824	0.84306	0.84311			6
2024.09.05	02:14:56.318		0.84310			4
2024.09.05	02:15:01.023	0.84306				2
2024.09.05	02:15:01.328	0.84305	0.84309			6
2024.09.05	02:15:02.415	0.84306				2
2024.09.05	02:15:08.126	0.84305				2
2024.09.05	02:15:18.954	0.84306	0.84310			6
2024.09.05	02:16:01.174	0.84306				2
2024.09.05	02:16:01.484	0.84307	0.84311			6
2024.09.05	02:16:01.809	0.84308	0.84312			6
2024.09.05	02:16:17.455	0.84307	0.84311			6
2024.09.05	02:16:32.581	0.84306				2
2024.09.05	02:16:36.434	0.84307				2
2024.09.05	02:16:37.332	0.84308				2
2024.09.05	02:16:38.954	0.84307				2
2024.09.05	02:16:43.375	0.84306				2
2024.09.05	02:16:43.720	0.84307				2
2024.09.05	02:16:46.775	0.84306				2
2024.09.05	02:16:47.083	0.84307	0.84310			6
2024.09.05	02:16:56.889	0.84306				2
2024.09.05	02:17:00.276	0.84307				2
2024.09.05	02:17:20.918	0.84309	0.84312			6
2024.09.05	02:17:24.982	0.84308				2
2024.09.05	02:17:49.246		0.84311			4
2024.09.05	02:17:50.665	0.84307				2
2024.09.05	02:18:00.877	0.84307				2
2024.09.05	02:18:01.542		0.84310			4
2024.09.05	02:18:02.166	0.84306				2
2024.09.05	02:18:02.508	0.84307				2
2024.09.05	02:18:04.108	0.84308	0.84312			6
2024.09.05	02:18:04.459	0.84307	0.84311			6
2024.09.05	02:18:08.404	0.84306	0.84310			6
2024.09.05	02:18:12.087	0.84308	0.84312			6
2024.09.05	02:18:12.447	0.84307	0.84311			6
2024.09.05	02:18:17.691	0.84306	0.84310			6
2024.09.05	02:18:57.189	0.84305	0.84309			6
2024.09.05	02:19:00.309	0.84305				2
2024.09.05	02:19:03.888	0.84306				2
2024.09.05	02:19:04.222	0.84305				2
2024.09.05	02:19:04.564	0.84306				2
2024.09.05	02:19:08.405		0.84310			4
2024.09.05	02:19:09.816	0.84307				2
2024.09.05	02:19:12.270	0.84306				2
2024.09.05	02:19:13.420	0.84305	0.84309			6
2024.09.05	02:19:15.193	0.84306	0.84310			6
2024.09.05	02:19:23.800	0.84307				2
2024.09.05	02:19:31.310	0.84306				2
2024.09.05	02:19:36.472	0.84305	0.84309			6
2024.09.05	02:19:50.634	0.84307				2
2024.09.05	02:19:55.189	0.84305				2
2024.09.05	02:20:00.034	0.84305				2
2024.09.05	02:20:02.344	0.84306				2
2024.09.05	02:20:09.906	0.84305				2
2024.09.05	02:20:10.212	0.84306				2
2024.09.05	02:20:30.031		0.84308			4
2024.09.05	02:20:37.100		0.84309			4
2024.09.05	02:20:38.180	0.84305				2
2024.09.05	02:20:43.887	0.84306				2
2024.09.05	02:20:44.275		0.84308			4
2024.09.05	02:20:44.608	0.84305				2
2024.09.05	02:20:45.303		0.84307			4
2024.09.05	02:20:46.459	0.84306				2
2024.09.05	02:20:47.156	0.84305				2
2024.09.05	02:20:47.527	0.84306	0.84308			6
2024.09.05	02:20:48.362		0.84307			4
2024.09.05	02:20:50.007	0.84304				2
2024.09.05	02:20:50.372	0.84306	0.84308			6
2024.09.05	02:20:54.137		0.84307			4
2024.09.05	02:20:55.307	0.84305				2
2024.09.05	02:20:57.200		0.84308			4
2024.09.05	02:20:57.703		0.84307			4
2024.09.05	02:20:58.698		0.84308			4
2024.09.05	02:21:00.396	0.84304	0.84307			6
2024.09.05	02:21:04.737	0.84303	0.84306			6
2024.09.05	02:21:09.764	0.84302				2
2024.09.05	02:21:11.319	0.84303				2
2024.09.05	02:21:12.541	0.84302				2
2024.09.05	02:21:13.505	0.84303	0.84307			6
2024.09.05	02:21:20.892		0.84306			4
2024.09.05	02:21:34.101		0.84307			4
2024.09.05	02:21:55.607		0.84306			4
2024.09.05	02:22:00.442	0.84303				2
2024.09.05	02:22:08.515	0.84302				2
2024.09.05	02:22:44.501	0.84303	0.84307			6
2024.09.05	02:22:44.804	0.84304				2
2024.09.05	02:23:00.246	0.84304				2
2024.09.05	02:23:00.587	0.84303				2
2024.09.05	02:23:01.194	0.84304	0.84308			6
2024.09.05	02:23:02.182		0.84307			4
2024.09.05	02:23:05.277	0.84303	0.84306			6
2024.09.05	02:23:18.887	0.84302				2
2024.09.05	02:23:22.361		0.84305			4
2024.09.05	02:23:24.660		0.84306			4
2024.09.05	02:23:25.754	0.84303				2
2024.09.05	02:23:27.287	0.84302				2
2024.09.05	02:23:28.310		0.84305			4
2024.09.05	02:24:00.727	0.84301				2
2024.09.05	02:24:02.481	0.84302				2
2024.09.05	02:24:05.475	0.84301				2
2024.09.05	02:24:08.121	0.84300	0.84304			6
2024.09.05	02:24:09.274		0.84303			4
2024.09.05	02:24:10.937	0.84299				2
2024.09.05	02:24:19.583	0.84295	0.84300			6
2024.09.05	02:24:19.888		0.84299			4
2024.09.05	02:24:20.347	0.84296				2
2024.09.05	02:24:26.406		0.84300			4
2024.09.05	02:24:36.157	0.84297				2
2024.09.05	02:24:36.466		0.84301			4
2024.09.05	02:24:46.356	0.84298				2
2024.09.05	02:24:53.623	0.84297				2
2024.09.05	02:24:59.705		0.84300			4
2024.09.05	02:25:05.847	0.84299	0.84302			6
2024.09.05	02:25:31.502		0.84301			4
2024.09.05	02:25:32.543		0.84302			4
2024.09.05	02:25:59.599		0.84303			4
2024.09.05	02:26:00.117	0.84299				2
2024.09.05	02:26:00.704		0.84302			4
2024.09.05	02:26:06.805	0.84298	0.84301			6
2024.09.05	02:26:19.382	0.84299	0.84303			6
2024.09.05	02:26:24.592	0.84300				2
2024.09.05	02:26:29.463	0.84299				2
2024.09.05	02:26:29.815		0.84302			4
2024.09.05	02:26:41.530	0.84298				2
2024.09.05	02:26:52.581	0.84295	0.84298			6
2024.09.05	02:27:00.357	0.84295				2
2024.09.05	02:27:05.407	0.84294				2
2024.09.05	02:27:31.426	0.84293	0.84297			6
2024.09.05	02:27:48.892		0.84298			4
2024.09.05	02:27:49.252	0.84294				2
2024.09.05	02:28:00.310	0.84294				2
2024.09.05	02:28:00.815		0.84297			4
2024.09.05	02:28:22.804	0.84293				2
2024.09.05	02:28:34.787	0.84294				2
2024.09.05	02:28:36.134	0.84293				2
2024.09.05	02:28:54.588		0.84298			4
2024.09.05	02:29:00.890	0.84293				2
2024.09.05	02:29:09.304	0.84294				2
2024.09.05	02:29:10.499	0.84293				2
2024.09.05	02:29:18.563	0.84294				2
2024.09.05	02:29:19.650	0.84296				2
2024.09.05	02:29:19.965	0.84300	0.84304			6
2024.09.05	02:29:20.267	0.84302	0.84306			6
2024.09.05	02:29:20.576	0.84301	0.84304			6
2024.09.05	02:29:20.885	0.84300				2
2024.09.05	02:29:21.188		0.84305			4
2024.09.05	02:29:21.528	0.84301				2
2024.09.05	02:29:22.701	0.84303	0.84307			6
2024.09.05	02:29:27.038	0.84302				2
2024.09.05	02:29:32.220	0.84303				2
2024.09.05	02:29:32.706	0.84302				2
2024.09.05	02:29:34.333	0.84303				2
2024.09.05	02:29:35.336	0.84302				2
2024.09.05	02:29:35.867	0.84303	0.84306			6
2024.09.05	02:29:36.412	0.84302	0.84307			6
2024.09.05	02:29:38.506	0.84303				2
2024.09.05	02:29:39.526	0.84304	0.84308			6
2024.09.05	02:29:39.846	0.84305				2
2024.09.05	02:29:40.175	0.84304				2
2024.09.05	02:29:45.938	0.84306	0.84309			6
2024.09.05	02:29:47.251		0.84310			4
2024.09.05	02:29:48.505	0.84307	0.84311			6
2024.09.05	02:29:50.778	0.84306	0.84310			6
2024.09.05	02:29:54.780	0.84307	0.84312			6
2024.09.05	02:29:58.131		0.84311			4
2024.09.05	02:30:00.088	0.84306	0.84310			6
2024.09.05	02:30:00.433	0.84307				2
2024.09.05	02:30:00.820	0.84306				2
2024.09.05	02:30:01.709	0.84307	0.84311			6
2024.09.05	02:30:02.018	0.84309	0.84313			6
2024.09.05	02:30:02.334	0.84308	0.84312			6
2024.09.05	02:30:02.983		0.84313			4
2024.09.05	02:30:07.478	0.84310	0.84315			6
2024.09.05	02:30:08.372	0.84311	0.84314			6
2024.09.05	02:30:08.685	0.84310	0.84313			6
2024.09.05	02:30:09.170	0.84309				2
2024.09.05	02:30:09.484	0.84310				2
2024.09.05	02:30:10.727	0.84309				2
2024.09.05	02:30:15.316	0.84308				2
2024.09.05	02:30:17.886		0.84312			4
2024.09.05	02:30:18.541	0.84307				2
2024.09.05	02:30:18.993	0.84308				2
2024.09.05	02:30:21.518		0.84313			4
2024.09.05	02:30:22.885	0.84309				2
2024.09.05	02:30:23.475		0.84314			4
2024.09.05	02:30:23.809	0.84310				2
2024.09.05	02:30:24.259	0.84311	0.84316			6
2024.09.05	02:30:24.566	0.84312	0.84315			6
2024.09.05	02:30:24.972		0.84316			4
2024.09.05	02:30:26.121		0.84317			4
2024.09.05	02:30:27.906	0.84313				2
2024.09.05	02:30:28.252	0.84312				2
2024.09.05	02:30:28.606		0.84316			4
2024.09.05	02:30:33.698	0.84313				2
2024.09.05	02:30:34.006		0.84315			4
2024.09.05	02:30:34.308	0.84312				2
2024.09.05	02:30:35.133		0.84313			4
2024.09.05	02:30:35.445	0.84311				2
2024.09.05	02:30:36.995		0.84314			4
2024.09.05	02:30:37.742	0.84310	0.84313			6
2024.09.05	02:30:38.047		0.84312			4
2024.09.05	02:30:38.757		0.84313			4
2024.09.05	02:30:42.320	0.84311				2
2024.09.05	02:30:43.505	0.84310				2
2024.09.05	02:30:44.908		0.84312			4
2024.09.05	02:30:45.216		0.84311			4
2024.09.05	02:30:45.560	0.84309				2
2024.09.05	02:30:45.890	0.84308				2
2024.09.05	02:30:48.466	0.84309				2
2024.09.05	02:30:51.470	0.84308				2
2024.09.05	02:30:52.346	0.84309				2
2024.09.05	02:30:52.781	0.84306				2
2024.09.05	02:30:53.090	0.84307				2
2024.09.05	02:30:56.097	0.84305	0.84308			6
2024.09.05	02:30:57.739		0.84307			4
2024.09.05	02:31:00.449	0.84304	0.84308			6
2024.09.05	02:31:00.839	0.84306	0.84310			6
2024.09.05	02:31:01.201		0.84311			4
2024.09.05	02:31:01.504	0.84307				2
2024.09.05	02:31:02.681	0.84308				2
2024.09.05	02:31:03.011	0.84307	0.84309			6
2024.09.05	02:31:05.680	0.84308	0.84310			6
2024.09.05	02:31:06.973	0.84309	0.84311			6
2024.09.05	02:31:18.004	0.84308	0.84312			6
2024.09.05	02:31:18.335	0.84309				2
2024.09.05	02:31:18.701		0.84311			4
2024.09.05	02:31:20.536	0.84308				2
2024.09.05	02:31:22.311	0.84309				2
2024.09.05	02:31:28.988		0.84310			4
2024.09.05	02:31:29.768		0.84311			4
2024.09.05	02:31:30.536	0.84308				2
2024.09.05	02:31:41.403	0.84309				2
2024.09.05	02:31:52.490	0.84308				2
2024.09.05	02:31:53.606		0.84312			4
2024.09.05	02:31:57.474	0.84309	0.84313			6
2024.09.05	02:32:00.074	0.84309				2
2024.09.05	02:32:00.393	0.84310				2
2024.09.05	02:32:01.427		0.84312			4
2024.09.05	02:32:03.367	0.84309				2
2024.09.05	02:32:04.876	0.84308	0.84311			6
2024.09.05	02:32:09.964		0.84310			4
2024.09.05	02:32:16.788	0.84307	0.84309			6
2024.09.05	02:32:17.431	0.84308				2
2024.09.05	02:32:17.933	0.84307	0.84308			6
2024.09.05	02:32:21.159	0.84306				2
2024.09.05	02:32:26.056		0.84309			4
2024.09.05	02:32:26.386	0.84305				2
2024.09.05	02:32:27.130		0.84308			4
2024.09.05	02:32:27.541	0.84307				2
2024.09.05	02:32:27.881	0.84306				2
2024.09.05	02:32:36.133		0.84307			4
2024.09.05	02:32:36.533	0.84305	0.84306			6
2024.09.05	02:32:40.665		0.84308			4
2024.09.05	02:32:41.374		0.84307			4
2024.09.05	02:32:51.301		0.84308			4
2024.09.05	02:33:02.090	0.84305				2
2024.09.05	02:33:03.352		0.84309			4
2024.09.05	02:33:03.853	0.84306	0.84308			6
2024.09.05	02:33:06.801		0.84307			4
2024.09.05	02:33:07.167		0.84309			4
2024.09.05	02:33:30.425	0.84307				2
2024.09.05	02:33:30.985	0.84306				2
2024.09.05	02:33:31.821	0.84307				2
2024.09.05	02:33:34.266	0.84306	0.84308			6
2024.09.05	02:33:35.288	0.84305				2
2024.09.05	02:33:42.591	0.84306	0.84309			6
2024.09.05	02:33:45.032	0.84305	0.84308			6
2024.09.05	02:33:58.301		0.84307			4
2024.09.05	02:34:01.358	0.84305	0.84306			6
2024.09.05	02:34:02.406	0.84304				2
2024.09.05	02:34:02.965	0.84305	0.84307			6
2024.09.05	02:34:04.734	0.84306				2
2024.09.05	02:34:08.151	0.84305				2
2024.09.05	02:34:09.399	0.84306				2
2024.09.05	02:34:11.491	0.84305	0.84309			6
2024.09.05	02:34:11.856	0.84306				2
2024.09.05	02:34:12.470	0.84305				2
2024.09.05	02:34:14.703	0.84306				2
2024.09.05	02:34:28.903	0.84305				2
2024.09.05	02:34:36.130		0.84308			4
2024.09.05	02:34:36.890	0.84304	0.84309			6
2024.09.05	02:34:38.294	0.84305				2
2024.09.05	02:34:50.990	0.84306	0.84310			6
2024.09.05	02:34:55.256	0.84307				2
2024.09.05	02:35:00.532	0.84307				2
2024.09.05	02:35:01.278		0.84311			4
2024.09.05	02:35:01.824	0.84306	0.84310			6
2024.09.05	02:35:05.494	0.84305				2
2024.09.05	02:35:06.326		0.84309			4
2024.09.05	02:35:08.037	0.84306				2
2024.09.05	02:35:14.405	0.84305				2
2024.09.05	02:35:21.944	0.84307				2
2024.09.05	02:35:23.086	0.84306				2
2024.09.05	02:35:23.714	0.84307				2
2024.09.05	02:35:30.684	0.84312	0.84315			6
2024.09.05	02:35:31.363	0.84313				2
2024.09.05	02:35:40.353	0.84311	0.84313			6
2024.09.05	02:35:41.135	0.84310				2
2024.09.05	02:35:41.442	0.84309				2
2024.09.05	02:35:46.366	0.84312	0.84316			6
2024.09.05	02:35:47.707	0.84313				2
