<DATE>	<TIME>	<BID>	<ASK>	<LAST>	<VOLUME>	<FLAGS>
2024.10.28	00:00:00.172	0.83166	0.83305			6
2024.10.28	00:00:30.699		0.83285			4
2024.10.28	00:00:31.361	0.83165	0.83329			6
2024.10.28	00:00:36.824		0.83257			4
2024.10.28	00:01:01.398	0.83165				2
2024.10.28	00:01:28.625	0.83167				2
2024.10.28	00:01:40.819		0.83257			4
2024.10.28	00:01:41.285	0.83182				2
2024.10.28	00:01:46.362		0.83266			4
2024.10.28	00:01:48.714	0.83177	0.83360			6
2024.10.28	00:01:50.862	0.83170				2
2024.10.28	00:01:57.445	0.83177				2
2024.10.28	00:02:20.810	0.83177				2
2024.10.28	00:02:27.466	0.83182				2
2024.10.28	00:02:43.833		0.83362			4
2024.10.28	00:02:57.989	0.83183				2
2024.10.28	00:03:00.298	0.83195	0.83356			6
2024.10.28	00:03:01.102	0.83209				2
2024.10.28	00:03:18.865	0.83205				2
2024.10.28	00:03:20.128		0.83343			4
2024.10.28	00:03:46.315	0.83194				2
2024.10.28	00:03:59.708	0.83198	0.83331			6
2024.10.28	00:04:04.002	0.83198				2
2024.10.28	00:04:09.951	0.83203				2
2024.10.28	00:04:20.394	0.83194				2
2024.10.28	00:04:54.723		0.83328			4
2024.10.28	00:05:01.431	0.83194				2
2024.10.28	00:05:10.271	0.83200				2
2024.10.28	00:05:49.742		0.83331			4
2024.10.28	00:06:00.424	0.83196				2
2024.10.28	00:06:44.762		0.83328			4
2024.10.28	00:07:00.710	0.83196				2
2024.10.28	00:07:05.060	0.83176				2
2024.10.28	00:07:16.174	0.83179				2
2024.10.28	00:07:21.603	0.83191				2
2024.10.28	00:07:22.790	0.83195				2
2024.10.28	00:07:25.208	0.83201				2
2024.10.28	00:07:33.226	0.83195				2
2024.10.28	00:07:39.715		0.83334			4
2024.10.28	00:07:42.036	0.83194				2
2024.10.28	00:07:44.580	0.83200				2
2024.10.28	00:07:47.116	0.83199	0.83318			6
2024.10.28	00:07:51.016	0.83192	0.83300			6
2024.10.28	00:08:00.831	0.83192				2
2024.10.28	00:08:07.284	0.83199	0.83315			6
2024.10.28	00:08:14.875	0.83197				2
2024.10.28	00:08:16.705	0.83193				2
2024.10.28	00:08:38.774	0.83179	0.83308			6
2024.10.28	00:08:44.000	0.83181				2
2024.10.28	00:09:10.803	0.83181				2
2024.10.28	00:09:15.821	0.83185				2
2024.10.28	00:09:32.316	0.83190	0.83305			6
2024.10.28	00:10:00.396	0.83197				2
2024.10.28	00:10:02.393		0.83279			4
2024.10.28	00:10:05.784	0.83198				2
2024.10.28	00:10:23.475	0.83199				2
2024.10.28	00:10:26.344	0.83200	0.83280			6
2024.10.28	00:10:40.270	0.83201				2
2024.10.28	00:10:48.289		0.83279			4
2024.10.28	00:11:01.310	0.83202	0.83280			6
2024.10.28	00:11:03.377		0.83279			4
2024.10.28	00:11:21.541	0.83206	0.83283			6
2024.10.28	00:11:31.869	0.83207				2
2024.10.28	00:11:33.435	0.83203	0.83279			6
2024.10.28	00:11:33.751	0.83196	0.83272			6
2024.10.28	00:11:34.271	0.83195	0.83271			6
2024.10.28	00:11:34.753	0.83198	0.83274			6
2024.10.28	00:11:43.702		0.83273			4
2024.10.28	00:11:52.576		0.83272			4
2024.10.28	00:11:53.499	0.83199	0.83273			6
2024.10.28	00:11:59.722	0.83198	0.83272			6
2024.10.28	00:12:00.764	0.83198				2
2024.10.28	00:12:05.176		0.83271			4
2024.10.28	00:12:33.188		0.83270			4
2024.10.28	00:12:34.270	0.83197				2
2024.10.28	00:12:34.816	0.83202	0.83275			6
2024.10.28	00:12:53.007	0.83200	0.83273			6
2024.10.28	00:13:04.013	0.83200				2
2024.10.28	00:13:10.717	0.83205	0.83277			6
2024.10.28	00:13:25.261	0.83198	0.83271			6
2024.10.28	00:13:42.062	0.83205	0.83277			6
2024.10.28	00:13:45.178	0.83203	0.83276			6
2024.10.28	00:13:46.283		0.83275			4
2024.10.28	00:13:53.489	0.83202				2
2024.10.28	00:13:56.922	0.83203	0.83276			6
2024.10.28	00:13:59.667	0.83200	0.83273			6
2024.10.28	00:14:03.380	0.83200				2
2024.10.28	00:14:09.382	0.83199				2
2024.10.28	00:14:30.399	0.83197	0.83272			6
2024.10.28	00:14:54.649	0.83196				2
2024.10.28	00:15:01.502	0.83197	0.83273			6
2024.10.28	00:15:04.806	0.83195	0.83271			6
2024.10.28	00:15:22.569		0.83272			4
2024.10.28	00:15:23.870	0.83196	0.83273			6
2024.10.28	00:15:27.991		0.83274			4
2024.10.28	00:15:34.566	0.83195	0.83273			6
2024.10.28	00:15:45.083	0.83194				2
2024.10.28	00:15:53.123	0.83192	0.83270			6
2024.10.28	00:16:00.069	0.83192	0.83271			6
2024.10.28	00:16:04.503	0.83188	0.83269			6
2024.10.28	00:16:08.432	0.83189	0.83270			6
2024.10.28	00:16:08.773		0.83269			4
2024.10.28	00:16:20.988	0.83188				2
2024.10.28	00:16:46.570		0.83270			4
2024.10.28	00:17:07.271	0.83187				2
2024.10.28	00:17:12.554	0.83190	0.83273			6
2024.10.28	00:17:29.492		0.83274			4
2024.10.28	00:17:41.312	0.83179	0.83264			6
2024.10.28	00:17:45.203	0.83169	0.83259			6
2024.10.28	00:17:46.425		0.83257			4
2024.10.28	00:17:59.721	0.83143	0.83286			6
2024.10.28	00:18:00.024	0.83146	0.83257			6
2024.10.28	00:18:00.344	0.83143	0.83265			6
2024.10.28	00:18:00.744		0.83260			4
2024.10.28	00:18:01.282	0.83144	0.83258			6
2024.10.28	00:18:01.869		0.83257			4
2024.10.28	00:18:02.182	0.83145	0.83256			6
2024.10.28	00:18:03.082		0.83255			4
2024.10.28	00:18:03.988	0.83148				2
2024.10.28	00:18:04.576	0.83163	0.83266			6
2024.10.28	00:18:05.781		0.83264			4
2024.10.28	00:18:06.373	0.83164	0.83263			6
2024.10.28	00:18:07.292	0.83165	0.83262			6
2024.10.28	00:18:08.471		0.83261			4
2024.10.28	00:18:09.374	0.83169	0.83255			6
2024.10.28	00:18:12.285	0.83168	0.83253			6
2024.10.28	00:18:13.914	0.83160	0.83245			6
2024.10.28	00:18:20.257	0.83154	0.83240			6
2024.10.28	00:18:30.522		0.83239			4
2024.10.28	00:18:40.589		0.83240			4
2024.10.28	00:19:06.082	0.83154				2
2024.10.28	00:19:33.436	0.83153	0.83241			6
2024.10.28	00:19:48.232	0.83154	0.83243			6
2024.10.28	00:19:48.985	0.83155				2
2024.10.28	00:19:52.253	0.83151	0.83251			6
2024.10.28	00:19:53.018	0.83149	0.83249			6
2024.10.28	00:19:56.735		0.83248			4
2024.10.28	00:20:06.208	0.83152	0.83252			6
2024.10.28	00:20:08.116	0.83149	0.83261			6
2024.10.28	00:20:16.936		0.83260			4
2024.10.28	00:20:20.480		0.83261			4
2024.10.28	00:20:22.774		0.83260			4
2024.10.28	00:20:54.080	0.83150				2
2024.10.28	00:21:00.373	0.83150				2
2024.10.28	00:21:14.932		0.83259			4
2024.10.28	00:21:21.437	0.83148	0.83269			6
2024.10.28	00:21:24.086	0.83149				2
2024.10.28	00:21:32.478		0.83268			4
2024.10.28	00:21:34.572	0.83148				2
2024.10.28	00:21:35.421		0.83266			4
2024.10.28	00:21:35.720	0.83149				2
2024.10.28	00:21:36.815		0.83267			4
2024.10.28	00:21:39.045		0.83265			4
2024.10.28	00:21:43.278		0.83264			4
2024.10.28	00:21:47.776	0.83150	0.83265			6
2024.10.28	00:21:48.459	0.83147	0.83267			6
2024.10.28	00:21:50.140	0.83149	0.83269			6
2024.10.28	00:21:55.570	0.83150				2
2024.10.28	00:21:58.070	0.83151	0.83270			6
2024.10.28	00:22:00.383	0.83151				2
2024.10.28	00:22:02.480	0.83149	0.83268			6
2024.10.28	00:22:04.838	0.83150	0.83266			6
2024.10.28	00:22:08.181	0.83149				2
2024.10.28	00:22:09.518		0.83268			4
2024.10.28	00:22:11.790	0.83159	0.83275			6
2024.10.28	00:22:13.286	0.83162	0.83279			6
2024.10.28	00:22:17.178	0.83163				2
2024.10.28	00:22:19.292	0.83162				2
2024.10.28	00:22:20.867	0.83165				2
2024.10.28	00:22:23.359	0.83162				2
2024.10.28	00:22:27.493	0.83161				2
2024.10.28	00:22:28.544	0.83162				2
2024.10.28	00:23:01.035	0.83162				2
2024.10.28	00:23:03.731	0.83156	0.83264			6
2024.10.28	00:23:04.149	0.83163	0.83271			6
2024.10.28	00:23:07.407	0.83167	0.83276			6
2024.10.28	00:23:08.282		0.83271			4
2024.10.28	00:23:12.970	0.83168				2
2024.10.28	00:23:15.414	0.83166				2
2024.10.28	00:23:17.064	0.83171				2
2024.10.28	00:23:18.969	0.83172				2
2024.10.28	00:23:26.361		0.83262			4
2024.10.28	00:23:27.969	0.83173				2
2024.10.28	00:23:36.574	0.83169				2
2024.10.28	00:23:41.478	0.83170				2
2024.10.28	00:23:49.746	0.83171				2
2024.10.28	00:23:50.378	0.83173				2
2024.10.28	00:23:53.468	0.83174				2
2024.10.28	00:24:02.184	0.83175				2
2024.10.28	00:24:05.535	0.83180	0.83346			6
2024.10.28	00:24:12.697		0.83345			4
2024.10.28	00:24:18.680		0.83344			4
2024.10.28	00:24:29.768		0.83340			4
2024.10.28	00:24:32.533	0.83177				2
2024.10.28	00:24:36.487	0.83179	0.83347			6
2024.10.28	00:24:37.498	0.83176	0.83344			6
2024.10.28	00:24:38.598	0.83179	0.83347			6
2024.10.28	00:24:42.056	0.83193	0.83372			6
2024.10.28	00:24:45.064	0.83197	0.83376			6
2024.10.28	00:24:46.310	0.83198	0.83375			6
2024.10.28	00:24:47.163	0.83193	0.83372			6
2024.10.28	00:24:47.514	0.83189	0.83373			6
2024.10.28	00:24:52.885		0.83372			4
2024.10.28	00:24:56.724	0.83183	0.83365			6
2024.10.28	00:24:57.618	0.83179	0.83370			6
2024.10.28	00:24:58.269	0.83187	0.83376			6
2024.10.28	00:25:00.072	0.83188				2
2024.10.28	00:25:01.558	0.83192	0.83378			6
2024.10.28	00:25:03.671	0.83193	0.83377			6
2024.10.28	00:25:04.876		0.83376			4
2024.10.28	00:25:05.456		0.83375			4
2024.10.28	00:25:06.672	0.83192	0.83371			6
2024.10.28	00:25:09.073		0.83369			4
2024.10.28	00:25:10.281		0.83368			4
2024.10.28	00:25:11.770		0.83367			4
2024.10.28	00:25:12.240	0.83190	0.83365			6
2024.10.28	00:25:13.881		0.83364			4
2024.10.28	00:25:15.419	0.83179	0.83352			6
2024.10.28	00:25:19.282		0.83351			4
2024.10.28	00:25:21.176	0.83189	0.83361			6
2024.10.28	00:25:23.794		0.83360			4
2024.10.28	00:25:27.070	0.83190				2
2024.10.28	00:25:30.077		0.83359			4
2024.10.28	00:25:33.972		0.83358			4
2024.10.28	00:25:46.576		0.83357			4
2024.10.28	00:25:48.882	0.83185	0.83350			6
2024.10.28	00:25:49.598		0.83349			4
2024.10.28	00:25:51.382	0.83190	0.83356			6
2024.10.28	00:25:54.111	0.83185	0.83359			6
2024.10.28	00:25:57.069		0.83358			4
2024.10.28	00:25:58.614	0.83191	0.83364			6
2024.10.28	00:25:59.169	0.83192				2
2024.10.28	00:26:00.369	0.83192	0.83363			6
2024.10.28	00:26:01.870		0.83362			4
2024.10.28	00:26:03.972		0.83360			4
2024.10.28	00:26:04.797		0.83359			4
2024.10.28	00:26:06.381		0.83358			4
2024.10.28	00:26:07.869	0.83188	0.83357			6
2024.10.28	00:26:11.774		0.83356			4
2024.10.28	00:26:12.411	0.83183	0.83350			6
2024.10.28	00:26:12.779	0.83184	0.83351			6
2024.10.28	00:26:14.784		0.83350			4
2024.10.28	00:26:16.875	0.83185	0.83349			6
2024.10.28	00:26:17.504	0.83183	0.83329			6
2024.10.28	00:26:18.259	0.83188	0.83334			6
2024.10.28	00:26:23.031	0.83187	0.83333			6
2024.10.28	00:26:26.470		0.83334			4
2024.10.28	00:26:29.782	0.83186				2
2024.10.28	00:26:31.289		0.83333			4
2024.10.28	00:26:34.583		0.83334			4
2024.10.28	00:26:38.876		0.83330			4
2024.10.28	00:26:45.374		0.83331			4
2024.10.28	00:26:59.790		0.83332			4
2024.10.28	00:27:02.481	0.83186				2
2024.10.28	00:27:03.761	0.83181	0.83327			6
2024.10.28	00:27:12.956		0.83333			4
2024.10.28	00:27:13.484	0.83184	0.83337			6
2024.10.28	00:27:14.562	0.83181	0.83335			6
2024.10.28	00:27:26.184		0.83336			4
2024.10.28	00:27:58.938	0.83182	0.83337			6
2024.10.28	00:27:59.980	0.83181	0.83336			6
2024.10.28	00:28:00.805	0.83181				2
2024.10.28	00:28:42.289	0.83170	0.83325			6
2024.10.28	00:28:42.650	0.83183	0.83285			6
2024.10.28	00:28:43.183	0.83184	0.83283			6
2024.10.28	00:28:43.928	0.83183				2
2024.10.28	00:28:45.819	0.83181	0.83290			6
2024.10.28	00:28:46.396	0.83180	0.83291			6
2024.10.28	00:28:47.163	0.83181	0.83289			6
2024.10.28	00:28:47.554	0.83183	0.83286			6
2024.10.28	00:28:48.506	0.83184	0.83284			6
2024.10.28	00:28:49.058	0.83181	0.83288			6
2024.10.28	00:28:49.993	0.83174	0.83327			6
2024.10.28	00:28:50.411		0.83346			4
2024.10.28	00:29:00.805	0.83174				2
2024.10.28	00:29:01.876	0.83173				2
2024.10.28	00:29:02.869	0.83174				2
2024.10.28	00:29:05.779	0.83173				2
2024.10.28	00:29:06.770	0.83159	0.83321			6
2024.10.28	00:29:15.079	0.83160				2
2024.10.28	00:29:18.994	0.83167				2
2024.10.28	00:29:28.593	0.83168				2
2024.10.28	00:29:29.081	0.83169				2
2024.10.28	00:29:33.168	0.83175				2
2024.10.28	00:30:00.372	0.83182	0.83313			6
2024.10.28	00:30:00.970	0.83181				2
2024.10.28	00:30:02.771	0.83182				2
2024.10.28	00:30:03.679	0.83181				2
2024.10.28	00:30:04.448	0.83184				2
2024.10.28	00:30:05.132	0.83186				2
2024.10.28	00:30:05.484	0.83188				2
2024.10.28	00:30:07.572	0.83189	0.83325			6
2024.10.28	00:30:08.775	0.83190				2
2024.10.28	00:30:10.805	0.83191				2
2024.10.28	00:30:14.193	0.83192				2
2024.10.28	00:30:18.701	0.83193				2
2024.10.28	00:30:25.301	0.83194				2
2024.10.28	00:30:30.669	0.83195				2
2024.10.28	00:30:36.973	0.83196				2
2024.10.28	00:30:43.573	0.83197				2
2024.10.28	00:30:54.251	0.83191				2
2024.10.28	00:30:55.303	0.83192				2
2024.10.28	00:30:55.887	0.83191				2
2024.10.28	00:30:56.307	0.83192				2
2024.10.28	00:30:58.190	0.83195				2
2024.10.28	00:30:59.303	0.83197				2
2024.10.28	00:31:00.452	0.83196				2
2024.10.28	00:31:01.573	0.83197				2
2024.10.28	00:31:02.297	0.83198	0.83327			6
2024.10.28	00:31:03.302	0.83197				2
2024.10.28	00:31:04.586	0.83190				2
2024.10.28	00:31:07.362	0.83188				2
2024.10.28	00:31:08.151	0.83199				2
2024.10.28	00:31:10.573	0.83200				2
2024.10.28	00:31:19.573	0.83201				2
2024.10.28	00:31:28.579	0.83202				2
2024.10.28	00:31:41.471	0.83203				2
2024.10.28	00:31:50.470	0.83204				2
2024.10.28	00:31:57.563		0.83329			4
2024.10.28	00:31:57.963	0.83205				2
2024.10.28	00:32:00.421	0.83205				2
2024.10.28	00:32:02.478	0.83206				2
2024.10.28	00:32:06.072	0.83207				2
2024.10.28	00:32:21.374	0.83208				2
2024.10.28	00:32:30.416	0.83207				2
2024.10.28	00:32:39.393	0.83208				2
2024.10.28	00:32:52.586		0.83328			4
2024.10.28	00:33:00.070	0.83208				2
2024.10.28	00:33:21.996	0.83209				2
2024.10.28	00:33:38.208	0.83210				2
2024.10.28	00:33:48.984		0.83327			4
2024.10.28	00:33:53.251	0.83209	0.83328			6
2024.10.28	00:33:54.283	0.83210	0.83327			6
2024.10.28	00:34:00.393	0.83211				2
2024.10.28	00:34:02.185		0.83326			4
2024.10.28	00:34:08.238	0.83210	0.83327			6
2024.10.28	00:34:13.572		0.83326			4
2024.10.28	00:34:21.083	0.83211				2
2024.10.28	00:34:22.893	0.83210	0.83325			6
2024.10.28	00:34:31.573		0.83324			4
2024.10.28	00:34:35.777	0.83211				2
2024.10.28	00:34:44.483		0.83323			4
2024.10.28	00:34:55.899		0.83322			4
2024.10.28	00:34:57.384	0.83212				2
2024.10.28	00:35:01.582	0.83212				2
2024.10.28	00:35:03.331	0.83210	0.83325			6
2024.10.28	00:35:05.770		0.83324			4
2024.10.28	00:35:12.982	0.83211				2
2024.10.28	00:35:20.782		0.83323			4
2024.10.28	00:35:27.671		0.83322			4
2024.10.28	00:35:32.197	0.83212				2
2024.10.28	00:35:36.461		0.83321			4
2024.10.28	00:35:37.880	0.83213	0.83320			6
2024.10.28	00:35:41.471	0.83214	0.83319			6
2024.10.28	00:35:47.184	0.83212	0.83321			6
2024.10.28	00:35:49.220	0.83213	0.83320			6
2024.10.28	00:35:51.971		0.83319			4
2024.10.28	00:36:00.435	0.83213				2
2024.10.28	00:36:09.895	0.83212	0.83320			6
2024.10.28	00:36:13.880	0.83213				2
2024.10.28	00:36:19.872		0.83319			4
2024.10.28	00:36:28.421	0.83214				2
2024.10.28	00:36:29.379	0.83213				2
2024.10.28	00:36:30.441	0.83212	0.83321			6
2024.10.28	00:36:33.073		0.83320			4
2024.10.28	00:36:35.470		0.83321			4
2024.10.28	00:36:36.975	0.83213	0.83319			6
2024.10.28	00:36:38.775		0.83318			4
2024.10.28	00:36:41.171		0.83319			4
2024.10.28	00:36:56.133	0.83214	0.83318			6
2024.10.28	00:37:00.382	0.83215	0.83317			6
2024.10.28	00:37:02.482		0.83316			4
2024.10.28	00:37:02.862		0.83317			4
2024.10.28	00:37:09.824	0.83216	0.83316			6
2024.10.28	00:37:12.971	0.83215				2
2024.10.28	00:37:20.083	0.83216				2
2024.10.28	00:37:30.370	0.83214	0.83319			6
2024.10.28	00:37:44.485	0.83213	0.83320			6
2024.10.28	00:37:50.125	0.83214	0.83319			6
2024.10.28	00:38:00.422	0.83214				2
2024.10.28	00:38:08.236		0.83318			4
2024.10.28	00:38:17.870	0.83213	0.83320			6
2024.10.28	00:38:29.841		0.83319			4
2024.10.28	00:38:32.170	0.83214				2
2024.10.28	00:38:42.081	0.83213	0.83318			6
2024.10.28	00:38:50.769	0.83214				2
2024.10.28	00:38:52.084	0.83213				2
2024.10.28	00:39:01.569	0.83213				2
2024.10.28	00:39:05.438		0.83320			4
2024.10.28	00:39:08.882	0.83215	0.83321			6
2024.10.28	00:39:12.369	0.83216				2
2024.10.28	00:39:15.797	0.83215				2
2024.10.28	00:39:32.431	0.83216				2
2024.10.28	00:39:42.969		0.83320			4
2024.10.28	00:39:52.483	0.83217	0.83319			6
2024.10.28	00:39:54.382	0.83218	0.83321			6
2024.10.28	00:39:56.614	0.83217	0.83320			6
2024.10.28	00:39:57.079		0.83319			4
2024.10.28	00:40:00.431	0.83217				2
2024.10.28	00:40:08.181		0.83318			4
2024.10.28	00:40:17.175	0.83218				2
2024.10.28	00:40:20.770		0.83319			4
2024.10.28	00:40:22.161		0.83318			4
2024.10.28	00:40:28.269	0.83219				2
2024.10.28	00:40:42.369	0.83218	0.83319			6
2024.10.28	00:40:48.107		0.83308			4
2024.10.28	00:41:01.496	0.83218				2
2024.10.28	00:41:06.070	0.83217				2
2024.10.28	00:41:07.870	0.83218				2
2024.10.28	00:41:13.279	0.83210				2
2024.10.28	00:41:35.180	0.83209				2
2024.10.28	00:41:38.816	0.83213				2
2024.10.28	00:41:43.108		0.83310			4
2024.10.28	00:41:48.970	0.83214				2
2024.10.28	00:41:57.030	0.83215				2
2024.10.28	00:41:57.362	0.83214				2
2024.10.28	00:42:01.282	0.83214				2
2024.10.28	00:42:30.427	0.83215				2
2024.10.28	00:42:38.121		0.83305			4
2024.10.28	00:42:39.580	0.83216				2
2024.10.28	00:42:46.943	0.83217				2
2024.10.28	00:43:00.424	0.83219				2
2024.10.28	00:43:06.884	0.83218				2
2024.10.28	00:43:12.689	0.83219				2
2024.10.28	00:43:19.284	0.83218				2
2024.10.28	00:43:23.474	0.83219				2
2024.10.28	00:43:33.678	0.83218				2
2024.10.28	00:43:38.473	0.83219	0.83305			6
2024.10.28	00:43:53.280	0.83220				2
2024.10.28	00:44:00.670	0.83220				2
2024.10.28	00:44:05.480	0.83221				2
2024.10.28	00:44:11.568	0.83220				2
2024.10.28	00:44:21.083	0.83219				2
2024.10.28	00:44:22.276	0.83220				2
2024.10.28	00:44:32.171	0.83219				2
2024.10.28	00:44:39.373		0.83305			4
2024.10.28	00:44:49.349	0.83220				2
2024.10.28	00:44:50.385	0.83223				2
2024.10.28	00:44:54.208	0.83224				2
2024.10.28	00:44:58.283	0.83225				2
2024.10.28	00:44:59.484	0.83224				2
2024.10.28	00:45:00.332	0.83227				2
2024.10.28	00:45:02.173	0.83219	0.83302			6
2024.10.28	00:45:02.667	0.83218				2
2024.10.28	00:45:03.860	0.83227	0.83305			6
2024.10.28	00:45:07.507	0.83238	0.83292			6
2024.10.28	00:45:07.926		0.83291			4
2024.10.28	00:45:10.239	0.83239	0.83293			6
2024.10.28	00:45:23.115		0.83294			4
2024.10.28	00:45:32.169	0.83238				2
2024.10.28	00:45:37.270		0.83295			4
2024.10.28	00:45:39.069	0.83239				2
2024.10.28	00:45:47.442	0.83237	0.83294			6
2024.10.28	00:45:54.322	0.83238	0.83295			6
2024.10.28	00:46:00.670	0.83238				2
2024.10.28	00:46:12.068		0.83294			4
2024.10.28	00:46:48.162		0.83292			4
2024.10.28	00:46:51.370		0.83293			4
2024.10.28	00:47:00.974	0.83238				2
2024.10.28	00:47:02.171	0.83244	0.83326			6
2024.10.28	00:47:02.817		0.83327			4
2024.10.28	00:47:03.246	0.83245	0.83325			6
2024.10.28	00:47:03.786	0.83244	0.83327			6
2024.10.28	00:47:04.099	0.83242	0.83325			6
2024.10.28	00:47:04.660	0.83240				2
2024.10.28	00:47:04.966	0.83241	0.83328			6
2024.10.28	00:47:07.921	0.83240	0.83327			6
2024.10.28	00:47:08.647	0.83241				2
2024.10.28	00:47:09.250	0.83242				2
2024.10.28	00:47:09.558	0.83240				2
2024.10.28	00:47:10.271	0.83241				2
2024.10.28	00:47:11.292	0.83242	0.83328			6
2024.10.28	00:47:11.782		0.83326			4
2024.10.28	00:47:12.087	0.83243				2
2024.10.28	00:47:12.506	0.83245				2
2024.10.28	00:47:12.827	0.83248	0.83324			6
2024.10.28	00:47:13.159	0.83251	0.83320			6
2024.10.28	00:47:13.572		0.83314			4
2024.10.28	00:47:15.370	0.83253	0.83316			6
2024.10.28	00:47:15.699	0.83252	0.83315			6
2024.10.28	00:47:19.268		0.83314			4
2024.10.28	00:47:21.810	0.83250	0.83311			6
2024.10.28	00:47:22.180	0.83249	0.83310			6
2024.10.28	00:47:23.019	0.83252	0.83312			6
2024.10.28	00:47:23.327	0.83250	0.83309			6
2024.10.28	00:47:23.673	0.83248	0.83307			6
2024.10.28	00:47:24.077	0.83251	0.83310			6
2024.10.28	00:47:24.577	0.83252	0.83312			6
2024.10.28	00:47:24.933		0.83311			4
2024.10.28	00:47:25.749	0.83249	0.83309			6
2024.10.28	00:47:26.514	0.83250				2
2024.10.28	00:47:26.891		0.83307			4
2024.10.28	00:47:28.498	0.83251				2
2024.10.28	00:47:30.576	0.83253				2
2024.10.28	00:47:31.629	0.83252	0.83306			6
2024.10.28	00:47:33.370	0.83250	0.83305			6
2024.10.28	00:47:34.482	0.83253	0.83307			6
2024.10.28	00:47:35.402	0.83252				2
2024.10.28	00:47:38.241		0.83306			4
2024.10.28	00:47:40.576		0.83305			4
2024.10.28	00:47:42.482		0.83306			4
2024.10.28	00:47:54.477	0.83251	0.83305			6
2024.10.28	00:47:55.532	0.83252				2
2024.10.28	00:47:59.481	0.83251				2
2024.10.28	00:48:00.046	0.83251				2
2024.10.28	00:48:03.082	0.83252				2
2024.10.28	00:48:06.084	0.83250	0.83303			6
2024.10.28	00:48:18.675		0.83304			4
2024.10.28	00:48:28.572	0.83251	0.83305			6
2024.10.28	00:48:34.276	0.83250	0.83304			6
2024.10.28	00:48:38.471	0.83251				2
2024.10.28	00:48:47.169		0.83305			4
2024.10.28	00:48:48.371	0.83250	0.83304			6
2024.10.28	00:49:01.879	0.83250	0.83305			6
2024.10.28	00:49:08.187	0.83251				2
2024.10.28	00:49:12.381		0.83304			4
2024.10.28	00:49:15.463	0.83250	0.83302			6
2024.10.28	00:49:16.269	0.83249				2
2024.10.28	00:49:18.138	0.83248	0.83301			6
2024.10.28	00:49:27.670		0.83300			4
2024.10.28	00:49:28.887	0.83246	0.83299			6
2024.10.28	00:49:29.196	0.83245	0.83298			6
2024.10.28	00:49:30.971		0.83297			4
2024.10.28	00:49:31.402	0.83243	0.83296			6
2024.10.28	00:49:33.702	0.83244				2
2024.10.28	00:49:36.571	0.83246	0.83298			6
2024.10.28	00:49:36.986	0.83244	0.83296			6
2024.10.28	00:49:52.664	0.83247	0.83299			6
2024.10.28	00:49:53.182	0.83250	0.83301			6
2024.10.28	00:49:54.969		0.83302			4
2024.10.28	00:49:55.829	0.83251	0.83303			6
2024.10.28	00:49:57.230	0.83253	0.83304			6
2024.10.28	00:50:00.443	0.83252				2
2024.10.28	00:50:04.874	0.83253				2
2024.10.28	00:50:21.569	0.83254	0.83305			6
2024.10.28	00:50:24.077	0.83255	0.83306			6
2024.10.28	00:50:31.382		0.83305			4
2024.10.28	00:50:33.989		0.83306			4
2024.10.28	00:50:35.388		0.83305			4
2024.10.28	00:50:43.667	0.83256	0.83306			6
2024.10.28	00:50:46.276	0.83255				2
2024.10.28	00:50:48.074		0.83305			4
2024.10.28	00:50:48.474	0.83256	0.83306			6
2024.10.28	00:50:49.877	0.83255	0.83305			6
2024.10.28	00:51:00.078	0.83255				2
2024.10.28	00:51:01.279	0.83256	0.83306			6
2024.10.28	00:51:02.223	0.83257				2
2024.10.28	00:51:10.158		0.83305			4
2024.10.28	00:51:14.171	0.83256				2
2024.10.28	00:51:15.196	0.83257	0.83306			6
2024.10.28	00:51:18.846	0.83256	0.83305			6
2024.10.28	00:51:20.178	0.83257				2
2024.10.28	00:51:35.169	0.83256	0.83304			6
2024.10.28	00:51:40.324	0.83257				2
2024.10.28	00:51:42.372		0.83305			4
2024.10.28	00:51:43.896		0.83304			4
2024.10.28	00:51:52.292		0.83305			4
2024.10.28	00:51:58.539	0.83243	0.83292			6
2024.10.28	00:51:59.106		0.83291			4
2024.10.28	00:52:00.383	0.83242				2
2024.10.28	00:52:01.581	0.83243				2
2024.10.28	00:52:03.854		0.83292			4
2024.10.28	00:52:04.351	0.83248	0.83298			6
2024.10.28	00:52:04.906	0.83249				2
2024.10.28	00:52:05.311	0.83250	0.83300			6
2024.10.28	00:52:06.672	0.83251				2
2024.10.28	00:52:07.113		0.83299			4
2024.10.28	00:52:09.683	0.83252	0.83300			6
2024.10.28	00:52:30.819		0.83301			4
2024.10.28	00:52:32.023	0.83253				2
2024.10.28	00:52:33.533		0.83302			4
2024.10.28	00:52:39.997	0.83254				2
2024.10.28	00:52:48.086	0.83253				2
2024.10.28	00:52:51.990	0.83254	0.83303			6
2024.10.28	00:53:00.071	0.83254	0.83302			6
2024.10.28	00:53:01.040		0.83309			4
2024.10.28	00:53:03.215	0.83253				2
2024.10.28	00:53:09.071	0.83254				2
2024.10.28	00:53:10.868	0.83253				2
2024.10.28	00:53:16.972	0.83254				2
2024.10.28	00:53:25.571		0.83310			4
2024.10.28	00:53:31.482	0.83253	0.83309			6
2024.10.28	00:53:33.567	0.83256	0.83311			6
2024.10.28	00:53:35.080	0.83253	0.83308			6
2024.10.28	00:53:45.540	0.83257	0.83312			6
2024.10.28	00:53:48.186	0.83256	0.83311			6
2024.10.28	00:53:49.053	0.83258	0.83313			6
2024.10.28	00:53:49.873	0.83259	0.83314			6
2024.10.28	00:53:54.505	0.83257	0.83312			6
2024.10.28	00:53:54.978	0.83259	0.83314			6
2024.10.28	00:53:57.208	0.83258	0.83313			6
2024.10.28	00:54:00.683	0.83258				2
2024.10.28	00:54:02.475	0.83259	0.83314			6
2024.10.28	00:54:03.438	0.83260	0.83315			6
2024.10.28	00:54:04.013	0.83259	0.83314			6
2024.10.28	00:54:06.535	0.83260				2
2024.10.28	00:54:12.205		0.83315			4
2024.10.28	00:54:12.883		0.83314			4
2024.10.28	00:54:14.673	0.83256	0.83311			6
2024.10.28	00:54:16.706		0.83310			4
2024.10.28	00:54:17.992	0.83259	0.83313			6
2024.10.28	00:54:20.611	0.83258				2
2024.10.28	00:54:24.585	0.83255	0.83310			6
2024.10.28	00:54:29.269	0.83254	0.83309			6
2024.10.28	00:54:30.980		0.83310			4
2024.10.28	00:54:32.784		0.83309			4
2024.10.28	00:54:34.864		0.83310			4
2024.10.28	00:54:50.808	0.83253	0.83309			6
2024.10.28	00:54:56.519	0.83254	0.83310			6
2024.10.28	00:54:57.986	0.83256	0.83311			6
2024.10.28	00:55:00.372	0.83255				2
2024.10.28	00:55:00.813	0.83254	0.83310			6
2024.10.28	00:55:01.190	0.83255				2
2024.10.28	00:55:01.876	0.83256	0.83311			6
2024.10.28	00:55:03.223	0.83254	0.83309			6
2024.10.28	00:55:09.384		0.83310			4
2024.10.28	00:55:09.812	0.83255	0.83311			6
2024.10.28	00:55:18.676	0.83256				2
2024.10.28	00:55:23.497	0.83254	0.83309			6
2024.10.28	00:55:24.704	0.83253	0.83308			6
2024.10.28	00:55:27.976	0.83252	0.83307			6
2024.10.28	00:55:29.783		0.83308			4
2024.10.28	00:55:38.483	0.83253				2
2024.10.28	00:55:38.905	0.83252	0.83307			6
2024.10.28	00:55:43.539		0.83308			4
2024.10.28	00:55:45.971		0.83307			4
2024.10.28	00:55:47.371	0.83251				2
2024.10.28	00:55:48.893		0.83304			4
2024.10.28	00:56:00.399	0.83251				2
2024.10.28	00:56:18.589	0.83252	0.83305			6
2024.10.28	00:56:19.661		0.83304			4
2024.10.28	00:56:20.769	0.83251				2
2024.10.28	00:56:21.526		0.83308			4
2024.10.28	00:56:23.078	0.83252	0.83309			6
2024.10.28	00:56:24.870		0.83308			4
2024.10.28	00:56:26.380	0.83251				2
2024.10.28	00:56:29.208	0.83253	0.83309			6
2024.10.28	00:56:30.971	0.83252				2
2024.10.28	00:56:37.510	0.83251				2
2024.10.28	00:56:38.204		0.83308			4
2024.10.28	00:56:42.261	0.83252	0.83310			6
2024.10.28	00:56:50.181		0.83309			4
2024.10.28	00:56:53.108	0.83253	0.83310			6
2024.10.28	00:56:57.641	0.83254	0.83311			6
2024.10.28	00:56:58.572	0.83253	0.83310			6
2024.10.28	00:56:59.859	0.83254	0.83311			6
2024.10.28	00:57:00.435	0.83256	0.83312			6
2024.10.28	00:57:00.796	0.83257				2
2024.10.28	00:57:02.385	0.83258	0.83307			6
2024.10.28	00:57:03.425		0.83301			4
2024.10.28	00:57:04.486	0.83257	0.83300			6
2024.10.28	00:57:13.282	0.83256	0.83299			6
2024.10.28	00:57:31.190	0.83257				2
2024.10.28	00:57:35.208		0.83298			4
2024.10.28	00:57:50.169		0.83299			4
2024.10.28	00:58:00.806	0.83257				2
2024.10.28	00:58:12.468	0.83258	0.83300			6
2024.10.28	00:58:16.609	0.83259	0.83301			6
2024.10.28	00:58:19.902	0.83258	0.83300			6
2024.10.28	00:58:30.187		0.83301			4
2024.10.28	00:58:31.285		0.83300			4
2024.10.28	00:58:45.083		0.83301			4
2024.10.28	00:58:48.367		0.83300			4
2024.10.28	00:58:56.769	0.83257				2
2024.10.28	00:58:57.526	0.83258	0.83299			6
2024.10.28	00:58:58.566	0.83257	0.83298			6
2024.10.28	00:59:00.590	0.83258				2
2024.10.28	00:59:01.183		0.83299			4
2024.10.28	00:59:09.486	0.83257	0.83298			6
2024.10.28	00:59:11.784	0.83258				2
2024.10.28	00:59:13.571		0.83299			4
2024.10.28	00:59:14.453	0.83257	0.83298			6
2024.10.28	00:59:15.596		0.83297			4
2024.10.28	00:59:16.776	0.83258	0.83298			6
2024.10.28	00:59:18.221	0.83257				2
2024.10.28	00:59:19.872	0.83258				2
2024.10.28	00:59:26.381	0.83257	0.83296			6
2024.10.28	00:59:27.430		0.83294			4
2024.10.28	00:59:37.186	0.83258	0.83295			6
2024.10.28	00:59:38.675	0.83262	0.83299			6
2024.10.28	00:59:39.506	0.83261	0.83298			6
2024.10.28	00:59:41.377	0.83258	0.83296			6
2024.10.28	00:59:41.942		0.83295			4
2024.10.28	00:59:48.079		0.83296			4
2024.10.28	00:59:50.481		0.83295			4
2024.10.28	00:59:52.193		0.83296			4
2024.10.28	00:59:52.686		0.83295			4
2024.10.28	00:59:59.183	0.83257				2
2024.10.28	01:00:00.312	0.83205	0.83338			6
2024.10.28	01:00:00.630	0.83200	0.83311			6
2024.10.28	01:00:00.944	0.83223	0.83296			6
2024.10.28	01:00:01.261	0.83209	0.83283			6
2024.10.28	01:00:01.563	0.83212	0.83272			6
2024.10.28	01:00:01.873		0.83261			4
2024.10.28	01:00:02.184	0.83210	0.83255			6
2024.10.28	01:00:02.503	0.83216	0.83260			6
2024.10.28	01:00:02.809	0.83215	0.83261			6
2024.10.28	01:00:03.128		0.83260			4
2024.10.28	01:00:03.457	0.83201	0.83248			6
2024.10.28	01:00:03.764	0.83200	0.83246			6
2024.10.28	01:00:04.100	0.83199	0.83243			6
2024.10.28	01:00:04.427	0.83202	0.83248			6
2024.10.28	01:00:04.822	0.83204	0.83249			6
2024.10.28	01:00:05.176	0.83200	0.83245			6
2024.10.28	01:00:05.561	0.83199				2
2024.10.28	01:00:05.875	0.83201	0.83247			6
2024.10.28	01:00:06.697	0.83200	0.83246			6
2024.10.28	01:00:07.297	0.83201				2
2024.10.28	01:00:07.766	0.83207	0.83252			6
2024.10.28	01:00:08.370	0.83205	0.83250			6
2024.10.28	01:00:09.957	0.83210				2
2024.10.28	01:00:10.480	0.83211				2
2024.10.28	01:00:11.170	0.83205	0.83249			6
2024.10.28	01:00:11.478	0.83206	0.83250			6
2024.10.28	01:00:12.264	0.83201	0.83245			6
2024.10.28	01:00:12.624	0.83207	0.83247			6
2024.10.28	01:00:13.151	0.83208				2
2024.10.28	01:00:13.542	0.83205				2
2024.10.28	01:00:14.278	0.83206	0.83249			6
2024.10.28	01:00:14.610	0.83205	0.83242			6
2024.10.28	01:00:15.182		0.83248			4
2024.10.28	01:00:15.485	0.83206	0.83244			6
2024.10.28	01:00:15.806	0.83205				2
2024.10.28	01:00:16.830	0.83206				2
2024.10.28	01:00:17.791		0.83239			4
2024.10.28	01:00:22.270		0.83241			4
2024.10.28	01:00:23.014		0.83236			4
2024.10.28	01:00:24.635	0.83207				2
2024.10.28	01:00:25.264	0.83211				2
2024.10.28	01:00:25.570	0.83207				2
2024.10.28	01:00:25.884	0.83208				2
2024.10.28	01:00:26.337		0.83223			4
2024.10.28	01:00:26.993	0.83207				2
2024.10.28	01:00:29.470	0.83208				2
2024.10.28	01:00:30.665	0.83209	0.83225			6
2024.10.28	01:00:32.321	0.83212				2
2024.10.28	01:00:32.982		0.83227			4
2024.10.28	01:00:35.220	0.83207	0.83221			6
2024.10.28	01:00:35.788	0.83210				2
2024.10.28	01:00:36.187	0.83211	0.83223			6
2024.10.28	01:00:36.497	0.83212				2
2024.10.28	01:00:37.366	0.83211				2
2024.10.28	01:00:37.913	0.83208				2
2024.10.28	01:00:38.671	0.83206				2
2024.10.28	01:00:38.977	0.83207	0.83221			6
2024.10.28	01:00:39.302	0.83209				2
2024.10.28	01:00:39.611	0.83210				2
2024.10.28	01:00:40.570	0.83213	0.83223			6
2024.10.28	01:00:42.358	0.83211	0.83225			6
2024.10.28	01:00:42.664	0.83210	0.83222			6
2024.10.28	01:00:44.526	0.83211				2
2024.10.28	01:00:45.265	0.83210				2
2024.10.28	01:00:46.141	0.83212				2
2024.10.28	01:00:46.444	0.83213	0.83227			6
2024.10.28	01:00:46.762	0.83212				2
2024.10.28	01:00:47.736		0.83226			4
2024.10.28	01:00:49.175		0.83224			4
2024.10.28	01:00:50.423	0.83217	0.83227			6
2024.10.28	01:00:51.201		0.83228			4
2024.10.28	01:00:51.721		0.83227			4
2024.10.28	01:00:52.593	0.83216				2
2024.10.28	01:00:52.923	0.83219	0.83230			6
2024.10.28	01:00:54.890	0.83218				2
2024.10.28	01:00:55.936	0.83219				2
2024.10.28	01:00:57.200	0.83220	0.83232			6
2024.10.28	01:00:57.669	0.83218	0.83230			6
2024.10.28	01:00:58.000	0.83217				2
2024.10.28	01:00:58.466		0.83229			4
2024.10.28	01:00:58.772	0.83216				2
2024.10.28	01:01:00.311	0.83217				2
2024.10.28	01:01:00.615	0.83218	0.83232			6
2024.10.28	01:01:00.986	0.83219				2
2024.10.28	01:01:01.361	0.83216	0.83231			6
2024.10.28	01:01:03.315		0.83229			4
2024.10.28	01:01:03.841	0.83217				2
2024.10.28	01:01:06.184	0.83218	0.83232			6
2024.10.28	01:01:10.305	0.83216	0.83229			6
2024.10.28	01:01:10.716		0.83231			4
2024.10.28	01:01:11.062	0.83217				2
2024.10.28	01:01:11.367	0.83218				2
2024.10.28	01:01:11.855		0.83232			4
2024.10.28	01:01:14.056	0.83216				2
2024.10.28	01:01:16.457	0.83213	0.83228			6
2024.10.28	01:01:17.315	0.83214	0.83230			6
2024.10.28	01:01:18.403		0.83228			4
2024.10.28	01:01:20.169	0.83213				2
2024.10.28	01:01:21.586		0.83229			4
2024.10.28	01:01:28.375	0.83218	0.83232			6
2024.10.28	01:01:28.688	0.83216	0.83230			6
2024.10.28	01:01:29.080	0.83215				2
2024.10.28	01:01:29.681	0.83216	0.83231			6
2024.10.28	01:01:31.572	0.83215				2
2024.10.28	01:01:33.401	0.83216	0.83233			6
2024.10.28	01:01:34.594	0.83217				2
2024.10.28	01:01:38.175	0.83216				2
2024.10.28	01:01:38.498	0.83215	0.83230			6
2024.10.28	01:01:39.011	0.83214				2
2024.10.28	01:01:40.255	0.83216	0.83232			6
2024.10.28	01:01:41.392	0.83218				2
2024.10.28	01:01:41.703	0.83229	0.83246			6
2024.10.28	01:01:42.418	0.83228				2
2024.10.28	01:01:42.766		0.83247			4
2024.10.28	01:01:43.085	0.83236	0.83256			6
2024.10.28	01:01:43.412	0.83237	0.83258			6
2024.10.28	01:01:43.869	0.83236	0.83257			6
2024.10.28	01:01:46.662	0.83238				2
2024.10.28	01:01:47.073	0.83237				2
2024.10.28	01:01:47.455	0.83238				2
2024.10.28	01:01:48.522	0.83235	0.83253			6
2024.10.28	01:01:50.474	0.83236				2
2024.10.28	01:01:51.079	0.83239	0.83258			6
2024.10.28	01:01:51.555	0.83240	0.83257			6
2024.10.28	01:01:53.795	0.83241				2
2024.10.28	01:01:55.374	0.83239				2
2024.10.28	01:01:59.622	0.83238	0.83258			6
2024.10.28	01:02:00.086	0.83239				2
2024.10.28	01:02:00.419	0.83242				2
2024.10.28	01:02:01.870	0.83244	0.83262			6
2024.10.28	01:02:02.217	0.83248	0.83263			6
2024.10.28	01:02:02.561	0.83250	0.83267			6
2024.10.28	01:02:03.100	0.83252	0.83269			6
2024.10.28	01:02:04.883	0.83251	0.83270			6
2024.10.28	01:02:05.233	0.83253	0.83271			6
2024.10.28	01:02:05.672	0.83254				2
2024.10.28	01:02:07.115	0.83253				2
2024.10.28	01:02:08.725	0.83254				2
2024.10.28	01:02:09.672	0.83255				2
2024.10.28	01:02:11.385		0.83272			4
2024.10.28	01:02:12.025	0.83254	0.83270			6
2024.10.28	01:02:12.344		0.83268			4
2024.10.28	01:02:12.729		0.83269			4
2024.10.28	01:02:14.487	0.83256	0.83272			6
2024.10.28	01:02:19.979	0.83257				2
2024.10.28	01:02:20.601	0.83258	0.83271			6
2024.10.28	01:02:21.151		0.83272			4
2024.10.28	01:02:21.669	0.83259				2
2024.10.28	01:02:25.653	0.83258				2
2024.10.28	01:02:31.271	0.83259				2
2024.10.28	01:02:35.625	0.83256				2
2024.10.28	01:02:37.424	0.83255				2
2024.10.28	01:02:42.094	0.83256				2
2024.10.28	01:02:42.819		0.83269			4
2024.10.28	01:02:43.451		0.83270			4
2024.10.28	01:02:44.662	0.83253	0.83269			6
2024.10.28	01:02:50.417	0.83251	0.83266			6
2024.10.28	01:02:50.728	0.83249				2
2024.10.28	01:02:51.572	0.83250				2
2024.10.28	01:02:57.066	0.83252				2
2024.10.28	01:02:59.998		0.83267			4
2024.10.28	01:03:00.439	0.83252				2
2024.10.28	01:03:03.665	0.83248				2
2024.10.28	01:03:04.162		0.83266			4
2024.10.28	01:03:05.990	0.83247				2
2024.10.28	01:03:06.890	0.83245	0.83262			6
2024.10.28	01:03:07.269	0.83244				2
2024.10.28	01:03:07.875		0.83261			4
2024.10.28	01:03:09.266	0.83240				2
2024.10.28	01:03:09.780	0.83239	0.83259			6
2024.10.28	01:03:11.172	0.83238				2
2024.10.28	01:03:15.001	0.83246	0.83265			6
2024.10.28	01:03:15.386	0.83245				2
2024.10.28	01:03:16.370		0.83266			4
2024.10.28	01:03:16.871	0.83246				2
2024.10.28	01:03:18.733	0.83245				2
2024.10.28	01:03:19.380	0.83246	0.83269			6
2024.10.28	01:03:19.871	0.83243	0.83262			6
2024.10.28	01:03:20.378	0.83242				2
2024.10.28	01:03:20.840		0.83263			4
2024.10.28	01:03:22.365	0.83241	0.83261			6
2024.10.28	01:03:24.056	0.83236	0.83257			6
2024.10.28	01:03:26.785	0.83237				2
2024.10.28	01:03:31.315	0.83232	0.83252			6
2024.10.28	01:03:32.374		0.83253			4
2024.10.28	01:03:33.114	0.83231				2
2024.10.28	01:03:33.463	0.83234				2
2024.10.28	01:03:34.135		0.83252			4
2024.10.28	01:03:39.114	0.83235				2
2024.10.28	01:03:39.658	0.83233				2
2024.10.28	01:03:42.662	0.83232	0.83251			6
2024.10.28	01:03:47.597	0.83233	0.83252			6
2024.10.28	01:03:47.906		0.83251			4
2024.10.28	01:03:51.718	0.83234				2
2024.10.28	01:03:52.576	0.83233				2
2024.10.28	01:03:52.914	0.83234				2
2024.10.28	01:03:53.730	0.83235				2
2024.10.28	01:03:54.381	0.83240	0.83256			6
2024.10.28	01:03:54.909	0.83241	0.83255			6
2024.10.28	01:03:55.375		0.83256			4
2024.10.28	01:03:55.882	0.83240	0.83254			6
2024.10.28	01:04:00.369	0.83240				2
2024.10.28	01:04:01.187		0.83255			4
2024.10.28	01:04:01.701	0.83239	0.83254			6
2024.10.28	01:04:02.421	0.83241	0.83256			6
2024.10.28	01:04:02.832	0.83245	0.83259			6
2024.10.28	01:04:03.884	0.83246	0.83260			6
2024.10.28	01:04:05.797	0.83248	0.83263			6
2024.10.28	01:04:06.294	0.83245	0.83262			6
2024.10.28	01:04:06.799	0.83244				2
2024.10.28	01:04:07.425	0.83249	0.83267			6
2024.10.28	01:04:08.111	0.83250				2
2024.10.28	01:04:14.448	0.83249	0.83266			6
2024.10.28	01:04:17.712	0.83248				2
2024.10.28	01:04:21.070	0.83249	0.83269			6
2024.10.28	01:04:21.382	0.83250				2
2024.10.28	01:04:22.874	0.83248	0.83266			6
2024.10.28	01:04:26.812	0.83247				2
2024.10.28	01:04:29.772	0.83249				2
2024.10.28	01:04:31.722	0.83254	0.83270			6
2024.10.28	01:04:34.305	0.83256	0.83272			6
2024.10.28	01:04:37.163		0.83274			4
2024.10.28	01:04:37.468		0.83273			4
2024.10.28	01:04:38.282	0.83251	0.83267			6
2024.10.28	01:04:38.738		0.83266			4
2024.10.28	01:04:40.895		0.83267			4
2024.10.28	01:04:41.769		0.83266			4
2024.10.28	01:04:47.589		0.83267			4
2024.10.28	01:04:51.372		0.83266			4
2024.10.28	01:04:54.822		0.83267			4
2024.10.28	01:04:55.121	0.83249	0.83265			6
2024.10.28	01:04:58.493	0.83251	0.83267			6
2024.10.28	01:04:59.047	0.83248	0.83266			6
2024.10.28	01:05:01.164	0.83248	0.83260			6
2024.10.28	01:05:02.435	0.83246	0.83258			6
2024.10.28	01:05:02.838	0.83249	0.83259			6
2024.10.28	01:05:03.421		0.83260			4
2024.10.28	01:05:07.267	0.83252	0.83263			6
2024.10.28	01:05:09.035	0.83251	0.83269			6
2024.10.28	01:05:12.654	0.83250	0.83264			6
2024.10.28	01:05:15.835	0.83254	0.83268			6
2024.10.28	01:05:20.470	0.83251	0.83271			6
2024.10.28	01:05:20.908		0.83269			4
2024.10.28	01:05:21.552	0.83252	0.83270			6
2024.10.28	01:05:25.722	0.83253	0.83271			6
2024.10.28	01:05:26.171	0.83250	0.83270			6
2024.10.28	01:05:28.453	0.83249	0.83267			6
2024.10.28	01:05:30.674	0.83250	0.83269			6
2024.10.28	01:05:44.751		0.83268			4
2024.10.28	01:06:00.737	0.83250				2
2024.10.28	01:06:02.501	0.83251	0.83269			6
2024.10.28	01:06:02.893	0.83252				2
2024.10.28	01:06:08.898	0.83251				2
2024.10.28	01:06:10.252	0.83250	0.83267			6
2024.10.28	01:06:18.692	0.83249				2
2024.10.28	01:06:25.871	0.83250				2
2024.10.28	01:06:31.256	0.83249				2
2024.10.28	01:06:39.563	0.83250				2
2024.10.28	01:07:00.806	0.83250				2
2024.10.28	01:07:05.378	0.83252	0.83269			6
2024.10.28	01:07:06.547	0.83253	0.83268			6
2024.10.28	01:07:06.961	0.83254				2
2024.10.28	01:07:09.072	0.83253	0.83270			6
2024.10.28	01:07:09.993		0.83268			4
2024.10.28	01:07:13.579	0.83255				2
2024.10.28	01:07:14.162		0.83267			4
2024.10.28	01:07:20.455	0.83251	0.83265			6
2024.10.28	01:07:20.827		0.83264			4
2024.10.28	01:07:22.992	0.83252				2
2024.10.28	01:07:36.739	0.83251	0.83263			6
2024.10.28	01:07:38.770	0.83253	0.83265			6
2024.10.28	01:07:43.330		0.83267			4
2024.10.28	01:07:59.015	0.83252	0.83263			6
2024.10.28	01:08:00.847	0.83252	0.83261			6
2024.10.28	01:08:02.592		0.83262			4
2024.10.28	01:08:03.389	0.83251				2
2024.10.28	01:08:08.116		0.83261			4
2024.10.28	01:08:09.398	0.83252				2
2024.10.28	01:08:09.741		0.83263			4
2024.10.28	01:08:11.179	0.83251				2
2024.10.28	01:08:11.552	0.83252				2
2024.10.28	01:08:12.981		0.83264			4
2024.10.28	01:08:13.391	0.83253				2
2024.10.28	01:08:19.370	0.83252				2
2024.10.28	01:08:27.388	0.83253				2
2024.10.28	01:08:28.071		0.83266			4
2024.10.28	01:08:28.677		0.83265			4
2024.10.28	01:08:33.997	0.83262	0.83272			6
2024.10.28	01:08:34.304		0.83273			4
2024.10.28	01:08:44.592		0.83276			4
2024.10.28	01:08:45.309	0.83263	0.83273			6
2024.10.28	01:08:58.810	0.83264	0.83276			6
2024.10.28	01:09:00.376	0.83264				2
2024.10.28	01:09:08.471	0.83263	0.83274			6
2024.10.28	01:09:40.451		0.83276			4
2024.10.28	01:09:45.642		0.83275			4
2024.10.28	01:09:49.724	0.83264				2
2024.10.28	01:09:55.796	0.83265	0.83276			6
2024.10.28	01:09:59.549		0.83279			4
2024.10.28	01:10:01.287	0.83267	0.83278			6
2024.10.28	01:10:06.969	0.83266				2
2024.10.28	01:10:08.217	0.83265	0.83276			6
2024.10.28	01:10:08.527		0.83275			4
2024.10.28	01:10:10.702	0.83263				2
2024.10.28	01:10:33.342		0.83276			4
2024.10.28	01:10:36.117	0.83264				2
2024.10.28	01:10:36.860	0.83262	0.83277			6
2024.10.28	01:10:40.903		0.83275			4
2024.10.28	01:11:00.074	0.83262				2
2024.10.28	01:11:41.117		0.83275			4
2024.10.28	01:12:00.070	0.83262				2
2024.10.28	01:12:03.383	0.83261				2
2024.10.28	01:12:10.085	0.83262	0.83271			6
2024.10.28	01:12:20.600	0.83264	0.83272			6
2024.10.28	01:12:41.018	0.83263	0.83275			6
2024.10.28	01:12:55.903	0.83264				2
2024.10.28	01:13:02.959	0.83265				2
2024.10.28	01:13:14.257	0.83266				2
2024.10.28	01:13:20.558		0.83274			4
2024.10.28	01:13:31.705		0.83275			4
2024.10.28	01:13:37.776	0.83267	0.83276			6
2024.10.28	01:13:38.813	0.83268	0.83278			6
2024.10.28	01:13:44.524		0.83277			4
2024.10.28	01:13:48.113		0.83279			4
2024.10.28	01:13:49.409	0.83262	0.83275			6
2024.10.28	01:13:50.800	0.83264				2
2024.10.28	01:13:51.186	0.83263				2
2024.10.28	01:13:55.687	0.83262				2
2024.10.28	01:13:56.353	0.83263				2
2024.10.28	01:13:57.228	0.83262				2
2024.10.28	01:14:00.369	0.83262				2
2024.10.28	01:14:36.837	0.83264	0.83277			6
2024.10.28	01:14:40.483		0.83276			4
2024.10.28	01:14:42.002		0.83277			4
2024.10.28	01:14:44.680	0.83265				2
2024.10.28	01:14:53.400	0.83264				2
2024.10.28	01:14:55.383	0.83263				2
2024.10.28	01:15:00.378	0.83264	0.83276			6
2024.10.28	01:15:17.038	0.83265				2
2024.10.28	01:15:28.352	0.83264				2
2024.10.28	01:15:34.314	0.83263	0.83278			6
2024.10.28	01:15:34.701	0.83267	0.83279			6
2024.10.28	01:15:42.448	0.83270	0.83281			6
2024.10.28	01:15:47.888	0.83271				2
2024.10.28	01:15:48.564	0.83267	0.83280			6
2024.10.28	01:15:48.878	0.83266	0.83279			6
2024.10.28	01:15:49.822	0.83267				2
2024.10.28	01:15:51.171	0.83268				2
2024.10.28	01:15:51.802	0.83266				2
2024.10.28	01:15:53.105	0.83268				2
2024.10.28	01:15:55.590	0.83269	0.83281			6
2024.10.28	01:15:55.977	0.83271				2
2024.10.28	01:15:57.610		0.83283			4
2024.10.28	01:15:59.608	0.83274	0.83282			6
2024.10.28	01:15:59.921	0.83273				2
2024.10.28	01:16:01.570	0.83273				2
2024.10.28	01:16:02.368		0.83283			4
2024.10.28	01:16:05.077	0.83270	0.83281			6
2024.10.28	01:16:05.817	0.83272	0.83282			6
2024.10.28	01:16:14.063	0.83266	0.83279			6
2024.10.28	01:16:14.879	0.83269				2
2024.10.28	01:16:18.243	0.83268	0.83280			6
2024.10.28	01:16:18.836	0.83267	0.83279			6
2024.10.28	01:16:19.602	0.83268				2
2024.10.28	01:16:20.221	0.83267				2
2024.10.28	01:16:20.644	0.83268				2
2024.10.28	01:16:21.910	0.83267				2
2024.10.28	01:16:25.080		0.83278			4
2024.10.28	01:16:26.233	0.83268	0.83279			6
2024.10.28	01:16:26.581	0.83266	0.83278			6
2024.10.28	01:16:29.966	0.83268				2
2024.10.28	01:16:30.314	0.83269	0.83279			6
2024.10.28	01:16:31.411	0.83270	0.83280			6
2024.10.28	01:16:33.354	0.83269				2
2024.10.28	01:16:34.254	0.83270				2
2024.10.28	01:16:37.063	0.83271	0.83281			6
2024.10.28	01:16:37.411	0.83272				2
2024.10.28	01:16:42.423	0.83270	0.83280			6
2024.10.28	01:16:43.168	0.83269				2
2024.10.28	01:16:48.655	0.83267	0.83279			6
2024.10.28	01:16:50.126		0.83280			4
2024.10.28	01:16:55.421		0.83279			4
2024.10.28	01:16:56.030		0.83280			4
2024.10.28	01:16:56.412		0.83279			4
2024.10.28	01:16:57.521		0.83280			4
2024.10.28	01:16:59.182	0.83263	0.83276			6
2024.10.28	01:16:59.491	0.83262	0.83275			6
2024.10.28	01:17:00.440	0.83263	0.83274			6
2024.10.28	01:17:02.828	0.83262				2
2024.10.28	01:17:14.784	0.83263				2
2024.10.28	01:17:20.179	0.83264	0.83276			6
2024.10.28	01:17:21.194	0.83263				2
2024.10.28	01:17:22.375	0.83264				2
2024.10.28	01:17:25.325	0.83262	0.83274			6
2024.10.28	01:17:25.643	0.83258	0.83271			6
2024.10.28	01:17:26.853	0.83257	0.83270			6
2024.10.28	01:17:30.070		0.83271			4
2024.10.28	01:17:31.381	0.83258				2
2024.10.28	01:17:34.561		0.83270			4
2024.10.28	01:17:39.423	0.83257				2
2024.10.28	01:17:43.048	0.83256	0.83271			6
2024.10.28	01:17:44.902		0.83269			4
2024.10.28	01:17:47.019		0.83268			4
2024.10.28	01:17:47.642		0.83269			4
2024.10.28	01:17:51.829	0.83257				2
2024.10.28	01:18:00.514	0.83257				2
2024.10.28	01:18:05.037	0.83260	0.83270			6
2024.10.28	01:18:05.776		0.83271			4
2024.10.28	01:18:19.012	0.83256	0.83269			6
2024.10.28	01:18:19.962		0.83268			4
2024.10.28	01:18:21.635	0.83252	0.83266			6
2024.10.28	01:18:21.949	0.83255	0.83265			6
2024.10.28	01:18:25.550	0.83254				2
2024.10.28	01:18:26.465	0.83253				2
2024.10.28	01:18:29.932	0.83255				2
2024.10.28	01:18:30.670	0.83256	0.83266			6
2024.10.28	01:18:41.423	0.83257	0.83270			6
2024.10.28	01:18:49.376	0.83260				2
2024.10.28	01:18:49.697	0.83259				2
2024.10.28	01:18:51.282	0.83261				2
2024.10.28	01:18:52.186		0.83271			4
2024.10.28	01:18:53.457	0.83259				2
2024.10.28	01:18:56.135	0.83262	0.83273			6
2024.10.28	01:18:58.235	0.83263				2
2024.10.28	01:18:59.240	0.83262				2
2024.10.28	01:19:00.370	0.83263	0.83275			6
2024.10.28	01:19:01.067	0.83264				2
2024.10.28	01:19:01.582	0.83265				2
2024.10.28	01:19:01.895	0.83264				2
2024.10.28	01:19:03.823	0.83263				2
2024.10.28	01:19:06.929	0.83264				2
2024.10.28	01:19:07.853	0.83263	0.83274			6
2024.10.28	01:19:08.499		0.83275			4
2024.10.28	01:19:08.968		0.83274			4
2024.10.28	01:19:12.246		0.83275			4
2024.10.28	01:19:13.956	0.83264				2
2024.10.28	01:19:15.073	0.83263				2
2024.10.28	01:19:21.177	0.83264				2
2024.10.28	01:19:23.708		0.83274			4
2024.10.28	01:19:24.025		0.83275			4
2024.10.28	01:19:24.503		0.83274			4
2024.10.28	01:19:25.386		0.83275			4
2024.10.28	01:19:26.273	0.83266				2
2024.10.28	01:19:28.107		0.83276			4
2024.10.28	01:19:33.604		0.83277			4
2024.10.28	01:19:46.123	0.83264	0.83276			6
2024.10.28	01:19:54.572		0.83275			4
2024.10.28	01:19:58.374	0.83267	0.83277			6
2024.10.28	01:20:01.495	0.83267				2
2024.10.28	01:20:02.553	0.83268				2
2024.10.28	01:20:02.934	0.83267				2
2024.10.28	01:20:10.528	0.83268				2
2024.10.28	01:20:11.526	0.83267				2
2024.10.28	01:20:12.574	0.83266	0.83276			6
2024.10.28	01:20:18.878	0.83267				2
2024.10.28	01:20:19.262		0.83277			4
2024.10.28	01:20:23.385	0.83266				2
2024.10.28	01:20:23.814	0.83267				2
2024.10.28	01:20:27.617	0.83265	0.83276			6
2024.10.28	01:20:28.082	0.83261	0.83273			6
2024.10.28	01:20:28.398	0.83263	0.83274			6
2024.10.28	01:20:28.991	0.83262				2
2024.10.28	01:20:29.663	0.83263	0.83273			6
2024.10.28	01:20:30.411	0.83265	0.83274			6
2024.10.28	01:20:33.109	0.83263	0.83275			6
2024.10.28	01:20:33.822		0.83274			4
2024.10.28	01:20:42.632	0.83265				2
2024.10.28	01:20:43.873	0.83264				2
2024.10.28	01:20:47.115	0.83265	0.83276			6
2024.10.28	01:20:48.091	0.83264				2
2024.10.28	01:20:50.255	0.83263	0.83275			6
2024.10.28	01:20:54.260		0.83274			4
2024.10.28	01:20:55.007	0.83262	0.83275			6
2024.10.28	01:20:55.777	0.83263				2
2024.10.28	01:21:00.365	0.83263				2
2024.10.28	01:21:00.836		0.83276			4
2024.10.28	01:21:02.454	0.83264				2
2024.10.28	01:21:07.871		0.83275			4
2024.10.28	01:21:08.676	0.83263				2
2024.10.28	01:21:15.602	0.83264				2
2024.10.28	01:21:22.859	0.83269	0.83280			6
2024.10.28	01:21:23.944	0.83272	0.83283			6
2024.10.28	01:21:26.770	0.83270	0.83282			6
2024.10.28	01:21:27.095	0.83269	0.83280			6
2024.10.28	01:21:34.105		0.83279			4
2024.10.28	01:21:52.145	0.83270				2
2024.10.28	01:21:54.143	0.83269	0.83280			6
2024.10.28	01:21:55.807	0.83272				2
2024.10.28	01:21:57.935		0.83281			4
2024.10.28	01:21:59.707		0.83283			4
2024.10.28	01:22:00.264	0.83272				2
2024.10.28	01:22:02.926	0.83271	0.83281			6
2024.10.28	01:22:03.539	0.83270	0.83280			6
2024.10.28	01:22:24.641	0.83268	0.83279			6
2024.10.28	01:22:25.023	0.83270				2
2024.10.28	01:22:26.556	0.83269	0.83278			6
2024.10.28	01:22:29.471	0.83271	0.83279			6
2024.10.28	01:22:29.836		0.83280			4
2024.10.28	01:22:30.498	0.83273	0.83281			6
2024.10.28	01:22:30.947	0.83271				2
2024.10.28	01:22:40.169		0.83280			4
2024.10.28	01:22:41.496	0.83273	0.83282			6
2024.10.28	01:22:41.823	0.83275	0.83284			6
2024.10.28	01:22:46.123		0.83283			4
2024.10.28	01:22:46.424		0.83285			4
2024.10.28	01:22:51.073	0.83274	0.83284			6
2024.10.28	01:22:54.756	0.83275	0.83286			6
2024.10.28	01:23:00.738	0.83275	0.83282			6
2024.10.28	01:23:01.559		0.83283			4
2024.10.28	01:23:02.070		0.83284			4
2024.10.28	01:23:02.909		0.83285			4
2024.10.28	01:23:06.843	0.83276	0.83286			6
2024.10.28	01:23:07.146	0.83279	0.83287			6
2024.10.28	01:23:07.853	0.83281				2
2024.10.28	01:23:08.162		0.83289			4
2024.10.28	01:23:09.757		0.83290			4
2024.10.28	01:23:10.081		0.83289			4
2024.10.28	01:23:14.775	0.83279				2
2024.10.28	01:23:15.083	0.83281	0.83290			6
2024.10.28	01:23:18.686	0.83282	0.83289			6
2024.10.28	01:23:19.040		0.83288			4
2024.10.28	01:23:19.926	0.83281	0.83289			6
2024.10.28	01:23:20.260		0.83290			4
2024.10.28	01:23:21.070	0.83282	0.83289			6
2024.10.28	01:23:21.583		0.83288			4
2024.10.28	01:23:23.240	0.83279	0.83287			6
2024.10.28	01:23:26.097	0.83278				2
2024.10.28	01:23:26.917		0.83286			4
2024.10.28	01:23:27.501		0.83285			4
2024.10.28	01:23:31.572	0.83277				2
2024.10.28	01:23:31.897	0.83276				2
2024.10.28	01:23:34.706	0.83273	0.83282			6
2024.10.28	01:23:35.785	0.83275				2
2024.10.28	01:23:36.437	0.83274				2
2024.10.28	01:23:37.234	0.83275				2
2024.10.28	01:23:37.817	0.83274	0.83283			6
2024.10.28	01:23:38.275		0.83282			4
2024.10.28	01:23:40.573	0.83275				2
2024.10.28	01:23:42.801		0.83283			4
2024.10.28	01:23:43.627	0.83277	0.83284			6
2024.10.28	01:23:46.003	0.83275	0.83283			6
2024.10.28	01:23:48.674	0.83276				2
2024.10.28	01:23:50.781	0.83275				2
2024.10.28	01:23:54.254	0.83276	0.83282			6
2024.10.28	01:23:57.824		0.83283			4
2024.10.28	01:23:58.161	0.83277	0.83285			6
2024.10.28	01:23:59.917	0.83276	0.83284			6
2024.10.28	01:24:00.231	0.83276				2
2024.10.28	01:24:00.544		0.83285			4
2024.10.28	01:24:00.883	0.83275	0.83283			6
2024.10.28	01:24:01.304	0.83274				2
2024.10.28	01:24:01.776	0.83276	0.83285			6
2024.10.28	01:24:02.396	0.83275	0.83283			6
2024.10.28	01:24:03.385	0.83277	0.83288			6
2024.10.28	01:24:03.732	0.83278	0.83286			6
2024.10.28	01:24:05.112		0.83287			4
2024.10.28	01:24:07.271		0.83286			4
2024.10.28	01:24:07.686	0.83277				2
2024.10.28	01:24:08.327	0.83278				2
2024.10.28	01:24:11.614	0.83279	0.83287			6
2024.10.28	01:24:13.506	0.83280	0.83288			6
2024.10.28	01:24:17.201		0.83287			4
2024.10.28	01:24:17.746		0.83286			4
2024.10.28	01:24:18.497		0.83288			4
2024.10.28	01:24:24.631		0.83287			4
2024.10.28	01:24:24.936	0.83273	0.83282			6
2024.10.28	01:24:25.295	0.83272	0.83280			6
2024.10.28	01:24:25.840		0.83279			4
2024.10.28	01:24:26.172		0.83278			4
2024.10.28	01:24:30.034		0.83279			4
2024.10.28	01:24:31.541	0.83270	0.83276			6
2024.10.28	01:24:35.126	0.83271				2
2024.10.28	01:24:38.313	0.83272	0.83277			6
2024.10.28	01:24:38.959		0.83278			4
2024.10.28	01:24:39.626		0.83279			4
2024.10.28	01:24:40.568	0.83273				2
2024.10.28	01:24:41.255	0.83276	0.83280			6
2024.10.28	01:24:42.669		0.83281			4
2024.10.28	01:24:43.157	0.83277				2
2024.10.28	01:24:47.610	0.83276				2
2024.10.28	01:24:48.281	0.83277	0.83283			6
2024.10.28	01:24:53.857		0.83284			4
2024.10.28	01:24:58.094	0.83278	0.83283			6
2024.10.28	01:24:58.422		0.83284			4
2024.10.28	01:25:00.501	0.83278				2
2024.10.28	01:25:00.840	0.83279	0.83283			6
2024.10.28	01:25:01.149	0.83277				2
2024.10.28	01:25:03.228	0.83279	0.83285			6
2024.10.28	01:25:05.663	0.83278				2
2024.10.28	01:25:09.418	0.83279				2
2024.10.28	01:25:12.083		0.83286			4
2024.10.28	01:25:12.383	0.83280	0.83287			6
2024.10.28	01:25:17.490	0.83281	0.83286			6
2024.10.28	01:25:18.672	0.83280				2
2024.10.28	01:25:22.620		0.83285			4
2024.10.28	01:25:25.038	0.83281	0.83286			6
2024.10.28	01:25:25.675	0.83280				2
2024.10.28	01:25:26.287		0.83287			4
2024.10.28	01:25:28.121		0.83286			4
2024.10.28	01:25:28.692		0.83285			4
2024.10.28	01:25:29.965	0.83278	0.83284			6
2024.10.28	01:25:30.661	0.83279				2
2024.10.28	01:25:33.369	0.83278	0.83283			6
2024.10.28	01:25:34.483	0.83279	0.83284			6
2024.10.28	01:25:34.883	0.83280	0.83286			6
2024.10.28	01:25:36.419	0.83281	0.83287			6
2024.10.28	01:25:37.568		0.83286			4
2024.10.28	01:25:41.569		0.83287			4
2024.10.28	01:25:42.383	0.83280	0.83286			6
2024.10.28	01:25:42.698	0.83281				2
2024.10.28	01:25:44.481	0.83280				2
2024.10.28	01:25:50.547	0.83281				2
2024.10.28	01:25:51.669	0.83280				2
2024.10.28	01:25:54.263	0.83281				2
2024.10.28	01:25:56.002	0.83280				2
2024.10.28	01:25:56.670	0.83281	0.83287			6
2024.10.28	01:26:00.796	0.83281				2
2024.10.28	01:26:10.085	0.83282	0.83286			6
2024.10.28	01:26:10.622		0.83285			4
2024.10.28	01:26:12.377	0.83281				2
2024.10.28	01:26:12.892	0.83282				2
2024.10.28	01:26:15.374		0.83287			4
2024.10.28	01:26:15.686		0.83288			4
2024.10.28	01:26:22.035	0.83284				2
2024.10.28	01:26:23.082	0.83282				2
2024.10.28	01:26:24.383	0.83283				2
2024.10.28	01:26:25.123	0.83284				2
2024.10.28	01:26:27.971	0.83283				2
2024.10.28	01:26:29.774	0.83282				2
2024.10.28	01:26:31.722	0.83283				2
2024.10.28	01:26:32.140	0.83284				2
2024.10.28	01:26:34.132	0.83282				2
2024.10.28	01:26:34.772	0.83281	0.83295			6
2024.10.28	01:26:35.144	0.83282				2
2024.10.28	01:26:35.810	0.83281				2
2024.10.28	01:26:43.427	0.83282				2
2024.10.28	01:26:44.121	0.83281				2
2024.10.28	01:26:44.710	0.83282				2
2024.10.28	01:26:45.574		0.83294			4
2024.10.28	01:26:46.447		0.83295			4
2024.10.28	01:26:55.175	0.83281				2
2024.10.28	01:27:00.522	0.83281				2
2024.10.28	01:27:02.470	0.83282				2
2024.10.28	01:27:05.572		0.83294			4
2024.10.28	01:27:07.982		0.83295			4
2024.10.28	01:27:12.606	0.83283				2
2024.10.28	01:27:14.278		0.83292			4
2024.10.28	01:27:14.607	0.83284				2
2024.10.28	01:27:17.939		0.83295			4
2024.10.28	01:27:19.531	0.83285	0.83292			6
2024.10.28	01:27:30.673	0.83286				2
2024.10.28	01:27:31.896	0.83285				2
2024.10.28	01:27:32.967	0.83286				2
2024.10.28	01:27:34.586	0.83285				2
2024.10.28	01:27:42.897	0.83284				2
2024.10.28	01:27:43.347	0.83285				2
2024.10.28	01:28:00.936	0.83285				2
2024.10.28	01:28:03.383	0.83286				2
2024.10.28	01:28:04.235		0.83293			4
2024.10.28	01:28:06.418		0.83292			4
2024.10.28	01:28:06.858		0.83293			4
2024.10.28	01:28:07.569		0.83292			4
2024.10.28	01:28:22.388	0.83285				2
2024.10.28	01:28:22.891	0.83286				2
2024.10.28	01:28:26.230		0.83293			4
2024.10.28	01:28:26.733		0.83292			4
2024.10.28	01:28:31.579		0.83294			4
2024.10.28	01:28:31.986		0.83292			4
2024.10.28	01:28:32.499		0.83293			4
2024.10.28	01:28:33.869	0.83287				2
2024.10.28	01:28:37.583	0.83286				2
2024.10.28	01:28:38.451	0.83285	0.83292			6
2024.10.28	01:28:44.801	0.83283	0.83291			6
2024.10.28	01:28:45.107	0.83284				2
2024.10.28	01:28:47.174	0.83283				2
2024.10.28	01:28:48.149	0.83284				2
2024.10.28	01:28:49.570	0.83283				2
2024.10.28	01:28:50.200	0.83284				2
2024.10.28	01:28:52.469	0.83283				2
2024.10.28	01:29:00.640	0.83282				2
2024.10.28	01:29:01.782	0.83283				2
2024.10.28	01:29:06.392	0.83282				2
2024.10.28	01:29:09.662	0.83283	0.83290			6
2024.10.28	01:29:10.571	0.83284				2
2024.10.28	01:29:10.967	0.83281	0.83292			6
2024.10.28	01:29:11.302	0.83282	0.83288			6
2024.10.28	01:29:14.781	0.83281				2
2024.10.28	01:29:15.711		0.83289			4
2024.10.28	01:29:18.081	0.83286	0.83292			6
2024.10.28	01:29:18.718	0.83287				2
2024.10.28	01:29:25.860	0.83288	0.83291			6
2024.10.28	01:29:26.173	0.83287				2
2024.10.28	01:29:27.502	0.83288				2
2024.10.28	01:29:30.365		0.83292			4
2024.10.28	01:29:33.372		0.83289			4
2024.10.28	01:29:33.970	0.83286	0.83290			6
2024.10.28	01:29:34.284	0.83285				2
2024.10.28	01:29:35.422	0.83286				2
2024.10.28	01:29:40.073	0.83287				2
2024.10.28	01:29:43.125		0.83289			4
2024.10.28	01:29:48.069	0.83288				2
2024.10.28	01:29:49.094	0.83285	0.83290			6
2024.10.28	01:29:49.452		0.83289			4
2024.10.28	01:29:51.082	0.83284	0.83290			6
2024.10.28	01:29:51.894		0.83289			4
2024.10.28	01:29:52.876	0.83285				2
2024.10.28	01:29:53.282		0.83290			4
2024.10.28	01:29:55.398		0.83289			4
2024.10.28	01:29:57.371	0.83284	0.83290			6
2024.10.28	01:29:57.916		0.83289			4
2024.10.28	01:29:58.438	0.83285				2
2024.10.28	01:30:00.308	0.83285				2
2024.10.28	01:30:02.170	0.83286	0.83290			6
2024.10.28	01:30:02.798	0.83285				2
2024.10.28	01:30:03.125	0.83287	0.83291			6
2024.10.28	01:30:04.206		0.83290			4
2024.10.28	01:30:04.773		0.83288			4
2024.10.28	01:30:08.148		0.83290			4
2024.10.28	01:30:08.804	0.83284	0.83289			6
2024.10.28	01:30:10.692	0.83285				2
2024.10.28	01:30:12.182	0.83283				2
2024.10.28	01:30:12.611		0.83290			4
2024.10.28	01:30:15.688	0.83287				2
2024.10.28	01:30:16.662		0.83291			4
2024.10.28	01:30:17.061	0.83289	0.83294			6
2024.10.28	01:30:17.491	0.83288				2
2024.10.28	01:30:18.071	0.83287	0.83293			6
2024.10.28	01:30:18.773	0.83286				2
2024.10.28	01:30:19.261	0.83287	0.83292			6
2024.10.28	01:30:20.511		0.83294			4
2024.10.28	01:30:24.012	0.83293				2
2024.10.28	01:30:24.507	0.83292				2
2024.10.28	01:30:25.597	0.83291	0.83295			6
2024.10.28	01:30:25.911		0.83297			4
2024.10.28	01:30:26.220		0.83295			4
2024.10.28	01:30:26.590	0.83292				2
2024.10.28	01:30:27.269	0.83290	0.83296			6
2024.10.28	01:30:30.247	0.83292	0.83295			6
2024.10.28	01:30:30.562	0.83293				2
2024.10.28	01:30:31.654		0.83296			4
2024.10.28	01:30:33.738	0.83296	0.83300			6
2024.10.28	01:30:34.052		0.83299			4
2024.10.28	01:30:34.374	0.83294	0.83300			6
2024.10.28	01:30:34.868		0.83298			4
2024.10.28	01:30:35.565	0.83293	0.83299			6
2024.10.28	01:30:35.866	0.83301	0.83305			6
2024.10.28	01:30:36.183	0.83300	0.83306			6
2024.10.28	01:30:36.490		0.83305			4
2024.10.28	01:30:37.941	0.83299				2
2024.10.28	01:30:38.998	0.83300				2
2024.10.28	01:30:39.652		0.83304			4
2024.10.28	01:30:41.147	0.83299				2
2024.10.28	01:30:41.457	0.83300				2
2024.10.28	01:30:42.519	0.83299				2
2024.10.28	01:30:43.444	0.83300				2
2024.10.28	01:30:48.048	0.83301				2
2024.10.28	01:30:49.284		0.83306			4
2024.10.28	01:30:50.384	0.83299				2
2024.10.28	01:30:50.713	0.83298				2
2024.10.28	01:30:52.708	0.83299				2
2024.10.28	01:30:57.782	0.83300				2
2024.10.28	01:30:59.729	0.83299				2
2024.10.28	01:31:00.185	0.83300				2
2024.10.28	01:31:00.488	0.83303				2
2024.10.28	01:31:00.793	0.83304	0.83307			6
2024.10.28	01:31:01.236		0.83309			4
2024.10.28	01:31:02.237		0.83308			4
2024.10.28	01:31:03.789	0.83303	0.83309			6
2024.10.28	01:31:04.518	0.83302				2
2024.10.28	01:31:05.380	0.83303				2
2024.10.28	01:31:06.433	0.83304				2
2024.10.28	01:31:07.748	0.83303				2
2024.10.28	01:31:12.082	0.83302				2
2024.10.28	01:31:14.586	0.83300	0.83307			6
2024.10.28	01:31:15.661	0.83301				2
2024.10.28	01:31:15.962	0.83300	0.83306			6
2024.10.28	01:31:16.915	0.83302	0.83308			6
2024.10.28	01:31:17.694	0.83301				2
2024.10.28	01:31:18.374	0.83302				2
2024.10.28	01:31:23.141	0.83303				2
2024.10.28	01:31:24.163	0.83302				2
2024.10.28	01:31:24.469	0.83303				2
2024.10.28	01:31:24.876		0.83309			4
2024.10.28	01:31:25.571	0.83302	0.83308			6
2024.10.28	01:31:28.001	0.83303				2
2024.10.28	01:31:28.304	0.83294	0.83301			6
2024.10.28	01:31:28.671	0.83296	0.83303			6
2024.10.28	01:31:29.270		0.83302			4
2024.10.28	01:31:29.591	0.83295	0.83301			6
2024.10.28	01:31:30.025	0.83294				2
2024.10.28	01:31:30.688	0.83296	0.83302			6
2024.10.28	01:31:31.175	0.83295	0.83301			6
2024.10.28	01:31:31.716	0.83296				2
2024.10.28	01:31:35.694	0.83298	0.83304			6
2024.10.28	01:31:36.224	0.83300	0.83305			6
2024.10.28	01:31:36.866	0.83299				2
2024.10.28	01:31:38.301	0.83300				2
2024.10.28	01:31:39.687	0.83298				2
2024.10.28	01:31:40.245	0.83299				2
2024.10.28	01:31:43.627		0.83306			4
2024.10.28	01:31:45.708		0.83307			4
2024.10.28	01:31:48.670	0.83300	0.83306			6
2024.10.28	01:31:50.463		0.83307			4
2024.10.28	01:31:50.831	0.83302				2
2024.10.28	01:31:51.638		0.83308			4
2024.10.28	01:31:55.580		0.83310			4
2024.10.28	01:31:56.394	0.83303	0.83308			6
2024.10.28	01:32:00.441	0.83303				2
2024.10.28	01:32:01.278		0.83309			4
2024.10.28	01:32:03.674	0.83302				2
2024.10.28	01:32:04.456	0.83303				2
2024.10.28	01:32:04.905	0.83302				2
2024.10.28	01:32:13.577		0.83308			4
2024.10.28	01:32:14.452		0.83307			4
2024.10.28	01:32:17.611	0.83303	0.83305			6
2024.10.28	01:32:19.297	0.83302				2
2024.10.28	01:32:19.603	0.83304	0.83309			6
2024.10.28	01:32:21.565	0.83303	0.83307			6
2024.10.28	01:32:24.815		0.83309			4
2024.10.28	01:32:27.433		0.83306			4
2024.10.28	01:32:28.042	0.83302	0.83303			6
2024.10.28	01:32:31.356	0.83304	0.83307			6
2024.10.28	01:32:31.717		0.83308			4
2024.10.28	01:32:32.061		0.83307			4
2024.10.28	01:32:32.382	0.83302	0.83306			6
2024.10.28	01:32:32.720	0.83303				2
2024.10.28	01:32:33.028	0.83302				2
2024.10.28	01:32:35.401		0.83307			4
2024.10.28	01:32:35.711		0.83306			4
2024.10.28	01:32:36.108		0.83307			4
2024.10.28	01:32:36.840		0.83306			4
2024.10.28	01:32:40.641		0.83307			4
2024.10.28	01:32:42.335		0.83305			4
2024.10.28	01:32:45.062		0.83308			4
2024.10.28	01:32:45.679		0.83307			4
2024.10.28	01:32:46.583		0.83305			4
2024.10.28	01:32:47.866	0.83303	0.83307			6
2024.10.28	01:32:48.630		0.83309			4
2024.10.28	01:32:49.137		0.83308			4
2024.10.28	01:32:50.383	0.83304				2
2024.10.28	01:32:55.056		0.83307			4
2024.10.28	01:32:56.626	0.83303				2
2024.10.28	01:33:00.192	0.83303				2
2024.10.28	01:33:05.955	0.83304				2
2024.10.28	01:33:06.492	0.83303				2
2024.10.28	01:33:07.523	0.83304				2
2024.10.28	01:33:11.427		0.83308			4
2024.10.28	01:33:13.919		0.83307			4
2024.10.28	01:33:14.786	0.83293	0.83295			6
2024.10.28	01:33:15.090	0.83292				2
2024.10.28	01:33:15.442		0.83293			4
2024.10.28	01:33:15.759	0.83293	0.83294			6
2024.10.28	01:33:16.163	0.83292	0.83293			6
2024.10.28	01:33:18.143	0.83293	0.83294			6
2024.10.28	01:33:19.902	0.83292	0.83293			6
2024.10.28	01:33:20.212	0.83290	0.83292			6
2024.10.28	01:33:20.518	0.83292	0.83293			6
2024.10.28	01:33:22.597	0.83291				2
2024.10.28	01:33:22.970	0.83290				2
2024.10.28	01:33:24.036	0.83288	0.83290			6
2024.10.28	01:33:27.370	0.83289				2
2024.10.28	01:33:31.029	0.83290	0.83291			6
2024.10.28	01:33:32.572	0.83289				2
2024.10.28	01:33:35.387	0.83290				2
2024.10.28	01:33:37.687		0.83292			4
2024.10.28	01:33:38.042		0.83293			4
2024.10.28	01:33:39.491	0.83291				2
2024.10.28	01:33:42.038	0.83294	0.83295			6
2024.10.28	01:33:42.359	0.83295	0.83296			6
2024.10.28	01:33:46.096	0.83292	0.83293			6
2024.10.28	01:33:46.509	0.83293	0.83294			6
2024.10.28	01:33:46.961	0.83292	0.83293			6
2024.10.28	01:33:47.585	0.83293	0.83294			6
2024.10.28	01:33:50.690	0.83295	0.83296			6
2024.10.28	01:33:53.485	0.83297	0.83298			6
2024.10.28	01:33:54.571	0.83294	0.83295			6
2024.10.28	01:33:56.469	0.83293				2
2024.10.28	01:33:57.859	0.83294				2
2024.10.28	01:34:00.228	0.83291	0.83292			6
2024.10.28	01:34:01.298	0.83292	0.83293			6
2024.10.28	01:34:02.924	0.83293	0.83294			6
2024.10.28	01:34:05.715	0.83295	0.83297			6
2024.10.28	01:34:06.860	0.83294	0.83295			6
2024.10.28	01:34:07.193	0.83296	0.83297			6
2024.10.28	01:34:09.282	0.83297	0.83298			6
2024.10.28	01:34:10.681	0.83299	0.83300			6
2024.10.28	01:34:11.754	0.83300	0.83303			6
2024.10.28	01:34:12.091	0.83301				2
2024.10.28	01:34:12.954		0.83304			4
2024.10.28	01:34:14.641	0.83300				2
2024.10.28	01:34:18.973	0.83301				2
2024.10.28	01:34:20.119	0.83300				2
2024.10.28	01:34:21.243	0.83301				2
2024.10.28	01:34:22.069	0.83300				2
2024.10.28	01:34:22.870	0.83301				2
2024.10.28	01:34:24.069	0.83300				2
2024.10.28	01:34:33.009	0.83301	0.83303			6
2024.10.28	01:34:33.752	0.83300				2
2024.10.28	01:34:35.057	0.83301				2
2024.10.28	01:34:35.763		0.83302			4
2024.10.28	01:34:36.154	0.83300				2
2024.10.28	01:34:37.278	0.83301				2
2024.10.28	01:34:41.084	0.83298	0.83299			6
2024.10.28	01:34:45.108	0.83300	0.83302			6
2024.10.28	01:34:45.716	0.83302	0.83303			6
2024.10.28	01:34:47.396	0.83299	0.83301			6
2024.10.28	01:34:47.760	0.83301	0.83302			6
2024.10.28	01:34:51.394	0.83299	0.83301			6
2024.10.28	01:34:51.839		0.83304			4
2024.10.28	01:34:52.381		0.83301			4
2024.10.28	01:34:53.247	0.83300				2
2024.10.28	01:34:55.961	0.83301	0.83302			6
2024.10.28	01:34:56.516	0.83292	0.83293			6
2024.10.28	01:34:56.931	0.83291	0.83292			6
2024.10.28	01:34:57.242	0.83290	0.83291			6
2024.10.28	01:34:57.884	0.83289				2
2024.10.28	01:34:59.220	0.83290				2
2024.10.28	01:35:00.446	0.83292	0.83293			6
2024.10.28	01:35:01.671	0.83291	0.83292			6
2024.10.28	01:35:03.252	0.83292	0.83293			6
2024.10.28	01:35:04.238	0.83293	0.83294			6
2024.10.28	01:35:06.841	0.83290	0.83292			6
2024.10.28	01:35:11.015	0.83291				2
2024.10.28	01:35:13.165	0.83290				2
2024.10.28	01:35:18.043	0.83291	0.83293			6
2024.10.28	01:35:18.348	0.83296	0.83298			6
2024.10.28	01:35:20.543	0.83297	0.83300			6
2024.10.28	01:35:20.854	0.83298				2
2024.10.28	01:35:22.145		0.83301			4
2024.10.28	01:35:30.356	0.83297	0.83300			6
2024.10.28	01:35:30.673	0.83298				2
2024.10.28	01:35:31.216	0.83289	0.83291			6
2024.10.28	01:35:33.585	0.83288	0.83290			6
2024.10.28	01:35:35.681	0.83289	0.83291			6
2024.10.28	01:35:36.817	0.83287	0.83289			6
2024.10.28	01:35:39.503	0.83286	0.83288			6
2024.10.28	01:35:40.419	0.83287	0.83289			6
2024.10.28	01:35:40.726	0.83290	0.83291			6
2024.10.28	01:35:41.688	0.83293	0.83295			6
2024.10.28	01:35:42.783	0.83292				2
2024.10.28	01:35:43.455		0.83293			4
2024.10.28	01:35:43.871	0.83291				2
2024.10.28	01:35:45.541		0.83292			4
2024.10.28	01:35:45.918		0.83293			4
2024.10.28	01:35:56.509		0.83292			4
2024.10.28	01:35:58.119	0.83290				2
2024.10.28	01:36:00.359	0.83290				2
2024.10.28	01:36:01.140	0.83291				2
2024.10.28	01:36:12.402	0.83293	0.83295			6
2024.10.28	01:36:12.962	0.83294	0.83296			6
2024.10.28	01:36:19.033	0.83291	0.83293			6
2024.10.28	01:36:20.046	0.83292				2
2024.10.28	01:36:20.642		0.83294			4
2024.10.28	01:36:22.229	0.83291	0.83293			6
2024.10.28	01:36:22.912		0.83292			4
2024.10.28	01:36:42.222	0.83295	0.83300			6
2024.10.28	01:36:44.025	0.83296	0.83299			6
2024.10.28	01:36:44.375	0.83295	0.83300			6
2024.10.28	01:36:44.971	0.83297	0.83298			6
2024.10.28	01:36:45.287	0.83296				2
2024.10.28	01:36:45.725		0.83297			4
2024.10.28	01:37:01.271	0.83296				2
2024.10.28	01:37:03.169	0.83297	0.83298			6
2024.10.28	01:37:14.412	0.83294	0.83296			6
2024.10.28	01:37:14.947		0.83295			4
2024.10.28	01:37:15.517		0.83296			4
2024.10.28	01:37:19.181	0.83291	0.83293			6
2024.10.28	01:37:21.318	0.83292				2
2024.10.28	01:37:22.027	0.83294	0.83295			6
2024.10.28	01:37:22.816		0.83296			4
2024.10.28	01:37:23.411		0.83295			4
2024.10.28	01:37:26.517	0.83295	0.83296			6
2024.10.28	01:37:30.012		0.83297			4
2024.10.28	01:37:30.385	0.83296				2
2024.10.28	01:37:43.164	0.83290	0.83291			6
2024.10.28	01:37:51.748	0.83289	0.83290			6
2024.10.28	01:37:52.065	0.83288	0.83289			6
2024.10.28	01:37:57.309	0.83293	0.83294			6
2024.10.28	01:38:01.400	0.83293	0.83295			6
2024.10.28	01:38:06.070	0.83292	0.83294			6
2024.10.28	01:38:06.514		0.83293			4
2024.10.28	01:38:11.469	0.83291				2
2024.10.28	01:38:14.558	0.83292				2
2024.10.28	01:38:15.724	0.83296	0.83297			6
2024.10.28	01:38:16.474	0.83297	0.83298			6
2024.10.28	01:38:17.470	0.83296	0.83297			6
2024.10.28	01:38:35.106	0.83299	0.83300			6
2024.10.28	01:38:36.206	0.83300	0.83301			6
2024.10.28	01:38:43.034	0.83301	0.83302			6
2024.10.28	01:39:00.970	0.83301				2
2024.10.28	01:39:13.107	0.83302	0.83303			6
2024.10.28	01:39:21.482	0.83301	0.83302			6
2024.10.28	01:39:22.238	0.83300	0.83301			6
2024.10.28	01:39:29.699	0.83299	0.83300			6
2024.10.28	01:39:34.212	0.83300	0.83301			6
2024.10.28	01:39:34.583	0.83301	0.83302			6
2024.10.28	01:39:47.075	0.83302	0.83303			6
2024.10.28	01:39:47.816	0.83303	0.83304			6
2024.10.28	01:39:55.457	0.83302	0.83303			6
2024.10.28	01:40:00.539	0.83302				2
2024.10.28	01:40:02.723	0.83301	0.83302			6
2024.10.28	01:40:06.822	0.83302	0.83303			6
2024.10.28	01:40:07.996	0.83301	0.83302			6
2024.10.28	01:40:14.248	0.83303	0.83304			6
2024.10.28	01:40:16.224	0.83302	0.83303			6
2024.10.28	01:40:16.966	0.83303	0.83304			6
2024.10.28	01:40:29.802	0.83305	0.83306			6
2024.10.28	01:40:30.102	0.83304	0.83305			6
2024.10.28	01:40:31.332	0.83302	0.83303			6
2024.10.28	01:40:31.665	0.83303	0.83304			6
2024.10.28	01:40:36.070	0.83302	0.83303			6
2024.10.28	01:40:39.701	0.83303	0.83304			6
2024.10.28	01:40:41.764	0.83302	0.83303			6
2024.10.28	01:40:55.189	0.83303	0.83304			6
2024.10.28	01:41:02.159	0.83303				2
2024.10.28	01:41:11.214	0.83302	0.83303			6
2024.10.28	01:41:11.797	0.83303	0.83304			6
2024.10.28	01:41:22.569	0.83305	0.83306			6
2024.10.28	01:41:29.125	0.83306	0.83307			6
2024.10.28	01:41:33.143	0.83305	0.83306			6
2024.10.28	01:41:33.730	0.83306	0.83307			6
2024.10.28	01:41:41.388		0.83308			4
2024.10.28	01:41:50.506	0.83307				2
2024.10.28	01:41:53.424	0.83305				2
2024.10.28	01:41:54.251	0.83307				2
2024.10.28	01:41:55.455	0.83306	0.83307			6
2024.10.28	01:41:59.189	0.83307	0.83308			6
2024.10.28	01:42:00.436	0.83303	0.83305			6
2024.10.28	01:42:00.746	0.83302	0.83303			6
2024.10.28	01:42:02.470	0.83300				2
2024.10.28	01:42:03.298	0.83302	0.83304			6
2024.10.28	01:42:04.230	0.83301				2
2024.10.28	01:42:05.252		0.83303			4
2024.10.28	01:42:06.464		0.83302			4
2024.10.28	01:42:08.102	0.83302	0.83303			6
2024.10.28	01:42:08.423	0.83301	0.83302			6
2024.10.28	01:42:11.086	0.83300				2
2024.10.28	01:42:11.404	0.83301				2
2024.10.28	01:42:12.209	0.83302	0.83303			6
2024.10.28	01:42:15.675	0.83301				2
2024.10.28	01:42:23.307	0.83300				2
2024.10.28	01:42:28.624	0.83301				2
2024.10.28	01:42:30.379	0.83303	0.83304			6
2024.10.28	01:42:30.906	0.83301	0.83303			6
2024.10.28	01:42:38.798	0.83299	0.83302			6
2024.10.28	01:42:39.138	0.83300				2
2024.10.28	01:42:43.232	0.83301				2
2024.10.28	01:42:50.970		0.83303			4
2024.10.28	01:42:53.832		0.83302			4
2024.10.28	01:43:01.627	0.83301				2
2024.10.28	01:43:06.125	0.83300				2
2024.10.28	01:43:10.079	0.83302	0.83303			6
2024.10.28	01:43:19.458	0.83303	0.83304			6
2024.10.28	01:43:30.409	0.83302	0.83303			6
2024.10.28	01:43:31.785	0.83301	0.83302			6
2024.10.28	01:43:34.584	0.83302	0.83303			6
2024.10.28	01:43:34.926	0.83303	0.83304			6
2024.10.28	01:43:43.811	0.83302	0.83303			6
2024.10.28	01:43:44.673	0.83303	0.83304			6
2024.10.28	01:43:48.385	0.83304	0.83305			6
2024.10.28	01:43:50.160	0.83305	0.83306			6
2024.10.28	01:43:50.826	0.83303	0.83305			6
2024.10.28	01:43:52.258	0.83305	0.83306			6
2024.10.28	01:43:52.875	0.83304	0.83305			6
2024.10.28	01:44:00.232	0.83304				2
2024.10.28	01:44:01.624	0.83305	0.83308			6
2024.10.28	01:44:13.258		0.83307			4
2024.10.28	01:44:13.594		0.83306			4
2024.10.28	01:44:14.115	0.83304				2
2024.10.28	01:44:18.142	0.83306	0.83307			6
2024.10.28	01:44:21.499	0.83305	0.83306			6
2024.10.28	01:44:21.970	0.83304				2
2024.10.28	01:44:33.627	0.83303	0.83305			6
2024.10.28	01:44:40.572	0.83302	0.83303			6
2024.10.28	01:44:40.889	0.83301				2
2024.10.28	01:44:45.695	0.83302				2
2024.10.28	01:44:49.626	0.83301				2
2024.10.28	01:45:00.371	0.83300	0.83302			6
2024.10.28	01:45:03.441	0.83299	0.83301			6
2024.10.28	01:45:03.841	0.83300	0.83303			6
2024.10.28	01:45:04.144		0.83302			4
2024.10.28	01:45:05.646		0.83301			4
2024.10.28	01:45:10.012	0.83296	0.83298			6
2024.10.28	01:45:29.233	0.83297				2
2024.10.28	01:45:51.043		0.83299			4
2024.10.28	01:45:51.502	0.83299	0.83300			6
2024.10.28	01:45:52.629	0.83298				2
2024.10.28	01:45:57.406	0.83301	0.83302			6
2024.10.28	01:45:57.792	0.83300				2
2024.10.28	01:46:00.298	0.83303	0.83305			6
2024.10.28	01:46:00.605	0.83302				2
2024.10.28	01:46:00.921		0.83304			4
2024.10.28	01:46:01.252	0.83300	0.83307			6
2024.10.28	01:46:01.563	0.83303	0.83305			6
2024.10.28	01:46:02.378		0.83306			4
2024.10.28	01:46:03.108		0.83308			4
2024.10.28	01:46:05.595	0.83304				2
2024.10.28	01:46:07.851		0.83309			4
2024.10.28	01:46:14.077	0.83303	0.83308			6
2024.10.28	01:46:14.386		0.83309			4
2024.10.28	01:46:14.822	0.83302	0.83306			6
2024.10.28	01:46:16.032	0.83303				2
2024.10.28	01:46:17.607	0.83304	0.83307			6
2024.10.28	01:46:19.464	0.83305				2
2024.10.28	01:46:20.259	0.83304				2
2024.10.28	01:46:24.672	0.83305				2
2024.10.28	01:46:27.071	0.83304				2
2024.10.28	01:46:35.425	0.83305				2
2024.10.28	01:46:41.394		0.83306			4
2024.10.28	01:46:42.070	0.83304				2
2024.10.28	01:46:48.371	0.83303				2
2024.10.28	01:46:51.509	0.83304				2
2024.10.28	01:46:52.966	0.83303				2
2024.10.28	01:46:53.933	0.83305	0.83307			6
2024.10.28	01:46:54.586	0.83304				2
2024.10.28	01:46:56.436	0.83305				2
2024.10.28	01:46:57.244	0.83304	0.83310			6
2024.10.28	01:46:57.779	0.83305	0.83307			6
2024.10.28	01:46:58.099	0.83296	0.83298			6
2024.10.28	01:47:00.070	0.83296				2
2024.10.28	01:47:03.275	0.83297				2
2024.10.28	01:47:05.183	0.83294	0.83299			6
2024.10.28	01:47:09.543	0.83295	0.83298			6
2024.10.28	01:47:10.429		0.83297			4
2024.10.28	01:47:13.111	0.83298	0.83299			6
2024.10.28	01:47:14.054	0.83297				2
2024.10.28	01:47:17.384	0.83300	0.83302			6
2024.10.28	01:47:18.036	0.83301	0.83303			6
2024.10.28	01:47:18.966		0.83302			4
2024.10.28	01:47:25.607		0.83303			4
2024.10.28	01:47:31.541	0.83303	0.83305			6
2024.10.28	01:47:32.692	0.83302				2
2024.10.28	01:47:34.591	0.83303				2
2024.10.28	01:47:47.929		0.83304			4
2024.10.28	01:47:48.796		0.83305			4
2024.10.28	01:47:49.556	0.83302	0.83304			6
2024.10.28	01:47:50.022		0.83305			4
2024.10.28	01:47:57.386	0.83303				2
2024.10.28	01:48:01.391	0.83303				2
2024.10.28	01:48:02.474	0.83302				2
2024.10.28	01:48:03.221	0.83303				2
2024.10.28	01:48:05.028	0.83302	0.83304			6
2024.10.28	01:48:06.123	0.83301	0.83303			6
2024.10.28	01:48:11.742	0.83302				2
2024.10.28	01:48:16.348		0.83304			4
2024.10.28	01:48:16.906	0.83301	0.83305			6
2024.10.28	01:48:19.582	0.83302	0.83304			6
2024.10.28	01:48:21.062	0.83301	0.83305			6
2024.10.28	01:48:21.554		0.83303			4
2024.10.28	01:48:39.495	0.83300				2
2024.10.28	01:48:40.307		0.83304			4
2024.10.28	01:48:41.317	0.83301	0.83303			6
2024.10.28	01:48:49.459	0.83302				2
2024.10.28	01:49:00.371	0.83301				2
2024.10.28	01:49:00.732	0.83303	0.83307			6
2024.10.28	01:49:01.068	0.83304				2
2024.10.28	01:49:06.492	0.83303				2
2024.10.28	01:49:07.274	0.83305				2
2024.10.28	01:49:08.046	0.83304	0.83308			6
2024.10.28	01:49:09.832		0.83307			4
2024.10.28	01:49:14.942		0.83306			4
2024.10.28	01:49:15.770	0.83305				2
2024.10.28	01:49:17.940	0.83304				2
2024.10.28	01:49:18.238	0.83305				2
2024.10.28	01:49:22.857	0.83304				2
2024.10.28	01:49:27.974	0.83305				2
2024.10.28	01:49:42.776		0.83307			4
2024.10.28	01:49:47.590		0.83306			4
2024.10.28	01:49:57.873		0.83309			4
2024.10.28	01:49:59.048	0.83306				2
2024.10.28	01:50:01.132	0.83305	0.83307			6
2024.10.28	01:50:02.651	0.83304				2
2024.10.28	01:50:05.373	0.83305				2
2024.10.28	01:50:05.725	0.83304	0.83306			6
2024.10.28	01:50:06.688	0.83302	0.83304			6
2024.10.28	01:50:07.290	0.83303	0.83305			6
2024.10.28	01:50:11.296		0.83304			4
2024.10.28	01:50:11.771	0.83302	0.83305			6
2024.10.28	01:50:12.629	0.83301				2
2024.10.28	01:50:16.974	0.83302	0.83304			6
2024.10.28	01:50:19.680		0.83305			4
2024.10.28	01:50:20.399		0.83304			4
2024.10.28	01:50:25.206		0.83306			4
2024.10.28	01:50:29.731		0.83304			4
2024.10.28	01:50:32.881	0.83303	0.83305			6
2024.10.28	01:50:33.201	0.83302				2
2024.10.28	01:50:43.993	0.83301	0.83304			6
2024.10.28	01:50:51.994		0.83303			4
2024.10.28	01:51:01.388	0.83304	0.83305			6
2024.10.28	01:51:01.695		0.83306			4
2024.10.28	01:51:06.481		0.83305			4
2024.10.28	01:51:24.091	0.83302	0.83303			6
2024.10.28	01:51:30.806	0.83300	0.83304			6
2024.10.28	01:51:31.775	0.83301	0.83303			6
2024.10.28	01:52:00.071	0.83301				2
2024.10.28	01:52:01.075	0.83299	0.83300			6
2024.10.28	01:52:01.649	0.83300	0.83302			6
2024.10.28	01:52:05.054	0.83299	0.83301			6
2024.10.28	01:52:13.654	0.83298				2
2024.10.28	01:52:40.844	0.83300				2
2024.10.28	01:53:00.120	0.83300				2
2024.10.28	01:53:06.369		0.83301			4
2024.10.28	01:53:11.405	0.83301	0.83302			6
2024.10.28	01:53:18.149	0.83302	0.83303			6
2024.10.28	01:53:20.678	0.83301	0.83302			6
2024.10.28	01:53:25.066	0.83302	0.83303			6
2024.10.28	01:53:25.919	0.83301	0.83302			6
2024.10.28	01:53:27.272	0.83299	0.83300			6
2024.10.28	01:53:27.597	0.83300	0.83301			6
2024.10.28	01:53:40.203	0.83299	0.83300			6
2024.10.28	01:53:54.220	0.83300	0.83301			6
2024.10.28	01:53:55.608	0.83298	0.83299			6
2024.10.28	01:53:58.957	0.83297	0.83298			6
2024.10.28	01:54:01.234	0.83297				2
2024.10.28	01:54:01.611	0.83298	0.83299			6
2024.10.28	01:54:14.265	0.83297	0.83298			6
2024.10.28	01:54:24.732	0.83298	0.83299			6
2024.10.28	01:54:29.853	0.83297	0.83298			6
2024.10.28	01:54:43.101	0.83298	0.83299			6
2024.10.28	01:54:51.168	0.83297	0.83298			6
2024.10.28	01:54:54.124	0.83298	0.83299			6
2024.10.28	01:55:00.265	0.83297	0.83298			6
2024.10.28	01:55:09.266	0.83296	0.83297			6
2024.10.28	01:55:43.615	0.83295	0.83296			6
2024.10.28	01:55:43.923	0.83296	0.83297			6
2024.10.28	01:56:00.370	0.83296				2
2024.10.28	01:56:02.241	0.83297	0.83298			6
2024.10.28	01:56:05.704	0.83299	0.83300			6
2024.10.28	01:56:17.825	0.83298	0.83299			6
2024.10.28	01:57:00.475	0.83298				2
2024.10.28	01:57:02.446	0.83297	0.83298			6
2024.10.28	01:57:02.996	0.83296	0.83297			6
2024.10.28	01:57:16.591	0.83297	0.83298			6
2024.10.28	01:57:21.278	0.83298	0.83299			6
2024.10.28	01:57:22.782	0.83300	0.83301			6
2024.10.28	01:57:53.826	0.83299	0.83300			6
2024.10.28	01:58:00.084	0.83299				2
2024.10.28	01:58:00.387	0.83300	0.83301			6
2024.10.28	01:58:10.029	0.83301	0.83302			6
2024.10.28	01:58:29.252	0.83302	0.83303			6
2024.10.28	01:58:42.585	0.83301	0.83302			6
2024.10.28	01:58:44.232	0.83302	0.83303			6
2024.10.28	01:59:00.141	0.83302				2
2024.10.28	01:59:29.596	0.83303	0.83304			6
2024.10.28	01:59:36.440	0.83304	0.83305			6
2024.10.28	01:59:41.527	0.83305	0.83306			6
2024.10.28	01:59:43.168	0.83306	0.83307			6
2024.10.28	02:00:00.364	0.83306				2
2024.10.28	02:00:02.971	0.83304	0.83305			6
2024.10.28	02:00:04.125	0.83305	0.83308			6
2024.10.28	02:00:05.391	0.83306				2
2024.10.28	02:00:07.119		0.83307			4
2024.10.28	02:00:07.429	0.83309	0.83310			6
2024.10.28	02:00:08.049	0.83307	0.83309			6
2024.10.28	02:00:10.873		0.83308			4
2024.10.28	02:00:13.342	0.83306				2
2024.10.28	02:00:14.214		0.83307			4
2024.10.28	02:00:14.981	0.83305	0.83306			6
2024.10.28	02:00:16.317	0.83304	0.83305			6
2024.10.28	02:00:21.417	0.83305	0.83306			6
2024.10.28	02:00:39.843	0.83303	0.83304			6
2024.10.28	02:00:40.215	0.83304	0.83305			6
2024.10.28	02:00:41.243	0.83303	0.83304			6
2024.10.28	02:00:41.657	0.83304	0.83305			6
2024.10.28	02:00:55.337	0.83305	0.83306			6
2024.10.28	02:01:00.015	0.83305				2
2024.10.28	02:01:00.429	0.83306	0.83307			6
2024.10.28	02:01:08.566	0.83305	0.83306			6
2024.10.28	02:01:13.280	0.83306	0.83307			6
2024.10.28	02:01:14.250	0.83307	0.83308			6
2024.10.28	02:01:18.360	0.83308	0.83309			6
2024.10.28	02:01:21.681	0.83307	0.83308			6
2024.10.28	02:01:33.389	0.83308	0.83309			6
2024.10.28	02:01:33.710	0.83307				2
2024.10.28	02:01:44.101	0.83309	0.83310			6
2024.10.28	02:01:44.419	0.83308	0.83309			6
2024.10.28	02:01:46.731	0.83307	0.83308			6
2024.10.28	02:01:47.873	0.83308	0.83309			6
2024.10.28	02:02:00.440	0.83310	0.83312			6
2024.10.28	02:02:00.845		0.83311			4
2024.10.28	02:02:15.259		0.83314			4
2024.10.28	02:02:15.616	0.83311				2
2024.10.28	02:02:17.572	0.83312	0.83313			6
2024.10.28	02:02:20.280	0.83311				2
2024.10.28	02:02:22.754		0.83312			4
2024.10.28	02:02:23.201	0.83310				2
2024.10.28	02:02:23.529	0.83309	0.83311			6
2024.10.28	02:02:23.870	0.83310				2
2024.10.28	02:02:24.840		0.83312			4
2024.10.28	02:02:30.116	0.83311	0.83313			6
2024.10.28	02:02:31.063		0.83315			4
2024.10.28	02:02:31.771		0.83316			4
2024.10.28	02:02:32.393	0.83312				2
2024.10.28	02:02:34.419	0.83313	0.83317			6
2024.10.28	02:02:35.924		0.83316			4
2024.10.28	02:02:37.354		0.83317			4
2024.10.28	02:02:45.801	0.83316	0.83318			6
2024.10.28	02:02:47.451	0.83315	0.83317			6
2024.10.28	02:02:52.736	0.83316	0.83318			6
2024.10.28	02:02:53.367	0.83317				2
2024.10.28	02:02:55.221	0.83316				2
2024.10.28	02:03:00.390	0.83316	0.83319			6
2024.10.28	02:03:00.931		0.83318			4
2024.10.28	02:03:06.838	0.83315	0.83317			6
2024.10.28	02:03:13.926		0.83319			4
2024.10.28	02:03:14.763	0.83316	0.83318			6
2024.10.28	02:03:15.859		0.83317			4
2024.10.28	02:03:17.534		0.83318			4
2024.10.28	02:03:18.498		0.83320			4
2024.10.28	02:03:18.803		0.83318			4
2024.10.28	02:03:21.533		0.83322			4
2024.10.28	02:03:24.406		0.83319			4
2024.10.28	02:03:25.644	0.83315				2
2024.10.28	02:03:28.185	0.83316	0.83322			6
2024.10.28	02:03:31.098	0.83317				2
2024.10.28	02:03:33.876	0.83316	0.83319			6
2024.10.28	02:03:38.366	0.83315	0.83320			6
2024.10.28	02:03:41.092	0.83316				2
2024.10.28	02:03:42.816		0.83318			4
2024.10.28	02:03:43.994		0.83317			4
2024.10.28	02:03:50.679		0.83318			4
2024.10.28	02:03:51.510	0.83315	0.83317			6
2024.10.28	02:03:56.281		0.83318			4
2024.10.28	02:03:56.886	0.83316	0.83317			6
2024.10.28	02:04:00.249	0.83317	0.83318			6
2024.10.28	02:04:03.952	0.83316	0.83317			6
2024.10.28	02:04:09.662	0.83317	0.83318			6
2024.10.28	02:04:15.535	0.83316	0.83317			6
2024.10.28	02:04:22.805	0.83317	0.83318			6
2024.10.28	02:04:23.180	0.83316	0.83317			6
2024.10.28	02:04:26.935	0.83315	0.83316			6
2024.10.28	02:04:28.486	0.83316	0.83317			6
2024.10.28	02:04:59.922		0.83318			4
2024.10.28	02:05:01.220	0.83316				2
2024.10.28	02:05:01.530		0.83317			4
2024.10.28	02:05:10.117	0.83317	0.83319			6
2024.10.28	02:05:11.406		0.83318			4
2024.10.28	02:05:12.159	0.83316	0.83317			6
2024.10.28	02:05:12.606	0.83317	0.83319			6
2024.10.28	02:05:13.481		0.83318			4
2024.10.28	02:05:14.478	0.83316	0.83317			6
2024.10.28	02:05:15.355		0.83318			4
2024.10.28	02:05:16.776		0.83317			4
2024.10.28	02:05:18.737	0.83315	0.83316			6
2024.10.28	02:05:20.511	0.83316	0.83317			6
2024.10.28	02:05:24.096	0.83315	0.83316			6
2024.10.28	02:05:25.406	0.83316	0.83317			6
2024.10.28	02:05:26.131	0.83315	0.83316			6
2024.10.28	02:05:27.625	0.83316	0.83317			6
2024.10.28	02:05:33.467	0.83315	0.83316			6
2024.10.28	02:05:44.303	0.83316	0.83317			6
2024.10.28	02:05:52.187		0.83318			4
2024.10.28	02:05:56.444		0.83317			4
2024.10.28	02:05:56.777	0.83319	0.83321			6
2024.10.28	02:05:57.083	0.83317	0.83318			6
2024.10.28	02:05:58.071	0.83318	0.83319			6
2024.10.28	02:05:58.393	0.83317	0.83318			6
2024.10.28	02:06:00.268	0.83317				2
2024.10.28	02:06:01.385	0.83318	0.83319			6
2024.10.28	02:06:01.954	0.83317	0.83318			6
2024.10.28	02:06:02.737	0.83318	0.83319			6
2024.10.28	02:06:13.953	0.83317	0.83318			6
2024.10.28	02:06:14.879	0.83318	0.83319			6
2024.10.28	02:06:15.273	0.83319	0.83320			6
2024.10.28	02:06:16.373		0.83321			4
2024.10.28	02:06:16.700		0.83320			4
2024.10.28	02:06:17.178	0.83317	0.83318			6
2024.10.28	02:06:17.946	0.83318	0.83319			6
2024.10.28	02:06:22.166	0.83317	0.83318			6
2024.10.28	02:06:22.490	0.83316	0.83317			6
2024.10.28	02:06:32.347	0.83318	0.83319			6
2024.10.28	02:06:32.701		0.83320			4
2024.10.28	02:06:35.198	0.83315	0.83317			6
2024.10.28	02:06:35.878	0.83316	0.83318			6
2024.10.28	02:06:48.789		0.83317			4
2024.10.28	02:06:49.823	0.83317	0.83318			6
2024.10.28	02:06:50.794	0.83319	0.83320			6
2024.10.28	02:06:52.853	0.83317	0.83318			6
2024.10.28	02:07:00.428	0.83318	0.83319			6
2024.10.28	02:07:00.733	0.83317	0.83318			6
2024.10.28	02:07:01.072	0.83316	0.83317			6
2024.10.28	02:07:01.377	0.83318	0.83320			6
2024.10.28	02:07:01.683	0.83317				2
2024.10.28	02:07:05.849		0.83321			4
2024.10.28	02:07:06.370		0.83320			4
2024.10.28	02:07:07.707	0.83316	0.83321			6
2024.10.28	02:07:08.422		0.83318			4
2024.10.28	02:07:09.693	0.83317				2
2024.10.28	02:07:16.273	0.83318	0.83319			6
2024.10.28	02:07:20.756	0.83316	0.83317			6
2024.10.28	02:07:21.396		0.83321			4
2024.10.28	02:07:21.716	0.83318	0.83320			6
2024.10.28	02:07:23.285	0.83319	0.83321			6
2024.10.28	02:07:25.354	0.83318	0.83320			6
2024.10.28	02:07:30.103	0.83317	0.83318			6
2024.10.28	02:07:30.904		0.83319			4
2024.10.28	02:07:32.958		0.83318			4
2024.10.28	02:07:34.374	0.83318	0.83319			6
2024.10.28	02:07:46.483	0.83317	0.83318			6
2024.10.28	02:07:46.794	0.83318	0.83319			6
2024.10.28	02:07:47.101	0.83316				2
2024.10.28	02:07:48.454		0.83318			4
2024.10.28	02:07:53.836		0.83320			4
2024.10.28	02:07:54.332	0.83317	0.83319			6
2024.10.28	02:07:54.791		0.83320			4
2024.10.28	02:07:58.720		0.83319			4
2024.10.28	02:08:01.420	0.83317				2
2024.10.28	02:08:11.948	0.83316	0.83320			6
2024.10.28	02:08:12.563	0.83318				2
2024.10.28	02:08:23.893		0.83319			4
2024.10.28	02:08:27.109	0.83319	0.83320			6
2024.10.28	02:08:28.905	0.83320	0.83321			6
2024.10.28	02:08:32.798	0.83321	0.83322			6
2024.10.28	02:08:33.877	0.83320	0.83321			6
2024.10.28	02:08:35.962	0.83322	0.83323			6
2024.10.28	02:08:38.319	0.83321				2
2024.10.28	02:08:39.244	0.83322				2
2024.10.28	02:08:46.338	0.83323	0.83324			6
2024.10.28	02:08:48.811	0.83321	0.83322			6
2024.10.28	02:08:49.441	0.83320	0.83321			6
2024.10.28	02:08:49.743	0.83319	0.83320			6
2024.10.28	02:08:52.550	0.83320	0.83321			6
2024.10.28	02:09:00.434	0.83318	0.83319			6
2024.10.28	02:09:03.111	0.83317	0.83318			6
2024.10.28	02:09:37.960	0.83316	0.83317			6
2024.10.28	02:09:40.596	0.83317	0.83318			6
2024.10.28	02:09:42.063	0.83316	0.83317			6
2024.10.28	02:09:45.629	0.83317	0.83318			6
2024.10.28	02:09:46.901	0.83316	0.83317			6
2024.10.28	02:09:48.053	0.83317	0.83318			6
2024.10.28	02:09:50.356	0.83316	0.83317			6
2024.10.28	02:09:51.073	0.83317	0.83318			6
2024.10.28	02:09:53.571	0.83316	0.83317			6
2024.10.28	02:09:54.970	0.83317	0.83318			6
2024.10.28	02:10:00.119	0.83317				2
2024.10.28	02:10:04.387	0.83316	0.83317			6
2024.10.28	02:10:04.820	0.83317	0.83318			6
2024.10.28	02:10:08.483	0.83316	0.83317			6
2024.10.28	02:10:13.046	0.83315	0.83316			6
2024.10.28	02:10:15.732	0.83314	0.83315			6
2024.10.28	02:10:18.612	0.83315	0.83316			6
2024.10.28	02:10:20.636	0.83313	0.83314			6
2024.10.28	02:10:22.505	0.83314	0.83315			6
2024.10.28	02:10:36.475	0.83315	0.83316			6
2024.10.28	02:10:41.381	0.83316	0.83317			6
2024.10.28	02:10:43.227	0.83314	0.83315			6
2024.10.28	02:10:43.547	0.83315	0.83316			6
2024.10.28	02:10:44.397	0.83314	0.83315			6
2024.10.28	02:11:00.684	0.83314				2
2024.10.28	02:11:19.268	0.83315	0.83316			6
2024.10.28	02:11:55.784	0.83314	0.83315			6
2024.10.28	02:11:58.221	0.83315	0.83316			6
2024.10.28	02:12:00.181	0.83314	0.83315			6
2024.10.28	02:12:05.232	0.83315	0.83316			6
2024.10.28	02:12:46.788	0.83314	0.83315			6
2024.10.28	02:12:50.551	0.83313	0.83314			6
2024.10.28	02:12:51.850	0.83314	0.83315			6
2024.10.28	02:13:00.950	0.83313	0.83314			6
2024.10.28	02:13:07.001	0.83312	0.83313			6
2024.10.28	02:13:14.577	0.83311	0.83312			6
2024.10.28	02:13:16.957	0.83312	0.83313			6
2024.10.28	02:13:18.356	0.83311	0.83312			6
2024.10.28	02:13:45.351	0.83310	0.83311			6
2024.10.28	02:13:54.187	0.83309	0.83310			6
2024.10.28	02:14:00.074	0.83309				2
2024.10.28	02:14:05.205	0.83310	0.83311			6
2024.10.28	02:14:15.680	0.83309	0.83310			6
2024.10.28	02:14:21.422	0.83310	0.83311			6
2024.10.28	02:14:25.897	0.83311	0.83312			6
2024.10.28	02:14:33.302	0.83308	0.83309			6
2024.10.28	02:14:36.411	0.83307	0.83308			6
2024.10.28	02:14:36.786	0.83308	0.83309			6
2024.10.28	02:14:37.734	0.83307	0.83308			6
2024.10.28	02:14:39.475	0.83308	0.83309			6
2024.10.28	02:14:46.949	0.83307	0.83308			6
2024.10.28	02:14:52.469	0.83306	0.83307			6
2024.10.28	02:14:56.808	0.83307	0.83308			6
2024.10.28	02:15:00.699	0.83307				2
2024.10.28	02:15:16.995	0.83305	0.83306			6
2024.10.28	02:15:17.638	0.83307	0.83308			6
2024.10.28	02:15:17.942	0.83308	0.83309			6
2024.10.28	02:15:27.407	0.83307	0.83308			6
2024.10.28	02:15:34.864	0.83306	0.83307			6
2024.10.28	02:15:37.942	0.83304	0.83305			6
2024.10.28	02:15:38.566	0.83305	0.83306			6
2024.10.28	02:15:41.267	0.83304	0.83305			6
2024.10.28	02:15:48.013	0.83305	0.83306			6
2024.10.28	02:15:52.571	0.83303	0.83304			6
2024.10.28	02:15:55.298	0.83305	0.83306			6
2024.10.28	02:16:00.020	0.83305				2
2024.10.28	02:16:03.851	0.83306	0.83307			6
2024.10.28	02:16:07.306	0.83305	0.83306			6
2024.10.28	02:16:12.357	0.83308	0.83309			6
2024.10.28	02:16:12.879	0.83305	0.83306			6
2024.10.28	02:16:19.946	0.83306	0.83307			6
2024.10.28	02:16:26.715	0.83305	0.83306			6
2024.10.28	02:16:41.115	0.83306	0.83307			6
2024.10.28	02:16:57.486	0.83307	0.83308			6
2024.10.28	02:17:00.208	0.83307				2
2024.10.28	02:17:11.437	0.83308	0.83309			6
2024.10.28	02:17:18.653	0.83307	0.83308			6
2024.10.28	02:17:24.697	0.83306	0.83307			6
2024.10.28	02:17:25.847	0.83307	0.83308			6
2024.10.28	02:17:26.239	0.83305	0.83306			6
2024.10.28	02:17:32.698	0.83306	0.83307			6
2024.10.28	02:17:37.575	0.83305	0.83306			6
2024.10.28	02:17:42.682	0.83306	0.83307			6
2024.10.28	02:17:53.766	0.83305	0.83306			6
2024.10.28	02:18:00.003	0.83305				2
2024.10.28	02:18:03.665	0.83306	0.83307			6
2024.10.28	02:18:06.486	0.83308	0.83311			6
2024.10.28	02:18:06.804	0.83310				2
2024.10.28	02:18:12.065	0.83309	0.83310			6
2024.10.28	02:18:17.035	0.83310	0.83311			6
2024.10.28	02:18:22.870	0.83309	0.83310			6
2024.10.28	02:18:24.703	0.83308	0.83309			6
2024.10.28	02:18:26.369	0.83309	0.83310			6
2024.10.28	02:18:32.986	0.83310	0.83311			6
2024.10.28	02:18:41.288	0.83309	0.83310			6
2024.10.28	02:18:53.795	0.83310	0.83311			6
2024.10.28	02:19:00.003	0.83310				2
2024.10.28	02:19:02.256	0.83309	0.83310			6
2024.10.28	02:19:14.570	0.83310	0.83311			6
2024.10.28	02:19:20.449	0.83309	0.83310			6
2024.10.28	02:19:33.129	0.83310	0.83311			6
2024.10.28	02:20:00.388	0.83310				2
2024.10.28	02:20:01.861	0.83309	0.83310			6
2024.10.28	02:20:02.767	0.83310	0.83311			6
2024.10.28	02:20:06.438	0.83309	0.83310			6
2024.10.28	02:20:08.969	0.83310	0.83311			6
2024.10.28	02:20:10.000	0.83309	0.83310			6
2024.10.28	02:20:10.548	0.83311	0.83312			6
2024.10.28	02:20:11.372	0.83310	0.83311			6
2024.10.28	02:20:12.258	0.83309	0.83310			6
2024.10.28	02:20:15.009	0.83310	0.83311			6
2024.10.28	02:20:16.280	0.83309	0.83310			6
2024.10.28	02:20:21.063	0.83310	0.83311			6
2024.10.28	02:20:31.571	0.83309	0.83310			6
2024.10.28	02:20:36.172	0.83311	0.83312			6
2024.10.28	02:20:36.504	0.83313	0.83314			6
2024.10.28	02:20:39.616	0.83312				2
2024.10.28	02:20:40.954	0.83313				2
2024.10.28	02:20:43.979	0.83312	0.83313			6
2024.10.28	02:20:45.102	0.83311	0.83312			6
2024.10.28	02:20:49.971	0.83310	0.83311			6
2024.10.28	02:20:55.300	0.83311	0.83312			6
2024.10.28	02:21:00.250	0.83311				2
2024.10.28	02:21:01.918	0.83310	0.83311			6
2024.10.28	02:21:02.345	0.83311	0.83312			6
2024.10.28	02:21:06.260	0.83310	0.83311			6
2024.10.28	02:21:06.566	0.83311	0.83312			6
2024.10.28	02:21:21.862	0.83310	0.83311			6
2024.10.28	02:21:25.408	0.83311	0.83312			6
2024.10.28	02:21:37.781	0.83312	0.83313			6
2024.10.28	02:21:56.680	0.83311	0.83312			6
2024.10.28	02:21:58.853	0.83313	0.83314			6
2024.10.28	02:22:00.442	0.83313				2
2024.10.28	02:22:01.212	0.83310	0.83311			6
2024.10.28	02:22:02.467	0.83311	0.83312			6
2024.10.28	02:22:03.823	0.83310	0.83311			6
2024.10.28	02:22:10.683	0.83311	0.83312			6
2024.10.28	02:22:11.023	0.83310	0.83311			6
2024.10.28	02:22:27.167	0.83309	0.83310			6
2024.10.28	02:22:27.874	0.83310	0.83311			6
2024.10.28	02:22:28.350	0.83311	0.83312			6
2024.10.28	02:22:33.669	0.83310	0.83311			6
2024.10.28	02:22:33.981	0.83311	0.83312			6
2024.10.28	02:22:40.029	0.83310	0.83311			6
2024.10.28	02:22:41.032	0.83311	0.83312			6
2024.10.28	02:22:45.146	0.83310	0.83311			6
2024.10.28	02:23:00.437	0.83310				2
2024.10.28	02:23:04.194	0.83311	0.83312			6
2024.10.28	02:23:10.089	0.83310	0.83311			6
2024.10.28	02:24:00.467	0.83310				2
2024.10.28	02:24:05.221	0.83311	0.83312			6
2024.10.28	02:24:05.574	0.83310	0.83311			6
2024.10.28	02:24:09.802	0.83311	0.83312			6
2024.10.28	02:24:10.195	0.83310	0.83311			6
2024.10.28	02:24:12.323	0.83311	0.83312			6
2024.10.28	02:24:23.568	0.83312	0.83313			6
2024.10.28	02:24:35.243	0.83313	0.83314			6
2024.10.28	02:24:58.499	0.83314	0.83315			6
2024.10.28	02:25:00.125	0.83314				2
2024.10.28	02:25:00.435	0.83317	0.83318			6
2024.10.28	02:25:00.771	0.83318	0.83319			6
2024.10.28	02:25:11.577	0.83317	0.83318			6
2024.10.28	02:25:16.250	0.83318	0.83319			6
2024.10.28	02:25:33.267	0.83317	0.83318			6
2024.10.28	02:25:47.347	0.83318	0.83319			6
2024.10.28	02:25:49.687	0.83317	0.83318			6
2024.10.28	02:26:00.477	0.83317				2
2024.10.28	02:26:01.591	0.83319	0.83320			6
2024.10.28	02:26:05.467	0.83320	0.83321			6
2024.10.28	02:26:05.784	0.83319	0.83320			6
2024.10.28	02:26:11.918	0.83320	0.83321			6
2024.10.28	02:26:26.477	0.83321	0.83322			6
2024.10.28	02:26:45.056	0.83320	0.83321			6
2024.10.28	02:26:48.433	0.83321	0.83322			6
2024.10.28	02:26:48.745	0.83320	0.83321			6
2024.10.28	02:26:49.061	0.83321	0.83322			6
2024.10.28	02:26:49.865	0.83320	0.83321			6
2024.10.28	02:27:02.362	0.83320				2
2024.10.28	02:27:08.621	0.83321	0.83322			6
2024.10.28	02:27:23.788	0.83320	0.83321			6
2024.10.28	02:27:24.162	0.83319	0.83320			6
2024.10.28	02:27:24.828	0.83320	0.83321			6
2024.10.28	02:27:33.102	0.83319	0.83320			6
2024.10.28	02:27:45.727	0.83320	0.83321			6
2024.10.28	02:27:47.626	0.83321	0.83322			6
2024.10.28	02:27:58.352	0.83320	0.83321			6
2024.10.28	02:28:00.147	0.83320				2
2024.10.28	02:28:13.785		0.83323			4
2024.10.28	02:28:24.414	0.83323	0.83324			6
2024.10.28	02:28:24.724	0.83322	0.83323			6
2024.10.28	02:28:25.061		0.83324			4
2024.10.28	02:28:33.153		0.83323			4
2024.10.28	02:28:33.469	0.83321	0.83322			6
2024.10.28	02:28:58.116	0.83322	0.83323			6
2024.10.28	02:29:00.369	0.83322				2
2024.10.28	02:29:06.352	0.83323	0.83324			6
2024.10.28	02:30:00.124	0.83323				2
2024.10.28	02:30:05.675	0.83324	0.83325			6
2024.10.28	02:30:06.175	0.83323	0.83324			6
2024.10.28	02:30:21.373	0.83322	0.83323			6
2024.10.28	02:30:30.165	0.83323	0.83324			6
2024.10.28	02:31:00.328	0.83323				2
2024.10.28	02:31:18.468	0.83324	0.83325			6
2024.10.28	02:31:19.246	0.83325	0.83326			6
2024.10.28	02:31:19.563	0.83323	0.83324			6
2024.10.28	02:31:20.845	0.83324	0.83325			6
2024.10.28	02:31:24.621	0.83325	0.83326			6
2024.10.28	02:31:26.630	0.83324	0.83325			6
2024.10.28	02:31:41.953	0.83323	0.83324			6
2024.10.28	02:31:46.586	0.83324	0.83325			6
2024.10.28	02:31:46.923	0.83323	0.83324			6
2024.10.28	02:31:47.714	0.83325	0.83326			6
2024.10.28	02:31:48.061	0.83324	0.83325			6
2024.10.28	02:31:52.198	0.83325	0.83326			6
2024.10.28	02:31:56.379	0.83324	0.83325			6
2024.10.28	02:31:57.392	0.83323	0.83324			6
2024.10.28	02:31:59.558	0.83322	0.83323			6
2024.10.28	02:32:00.214	0.83322				2
2024.10.28	02:32:02.972	0.83321	0.83322			6
2024.10.28	02:32:03.712	0.83322	0.83323			6
2024.10.28	02:32:06.318	0.83323	0.83324			6
2024.10.28	02:32:09.025	0.83324	0.83325			6
2024.10.28	02:32:47.108	0.83323	0.83324			6
2024.10.28	02:33:00.471	0.83323				2
2024.10.28	02:33:06.792	0.83322	0.83323			6
2024.10.28	02:33:13.508	0.83321	0.83322			6
2024.10.28	02:33:13.944	0.83320	0.83321			6
2024.10.28	02:33:16.801	0.83319	0.83320			6
2024.10.28	02:33:30.201	0.83320	0.83321			6
2024.10.28	02:33:39.917	0.83319	0.83320			6
2024.10.28	02:34:04.343	0.83319				2
2024.10.28	02:34:23.654	0.83320	0.83321			6
2024.10.28	02:34:31.373	0.83321	0.83322			6
2024.10.28	02:34:51.371	0.83320	0.83321			6
2024.10.28	02:34:59.322	0.83321	0.83322			6
2024.10.28	02:35:00.200	0.83321				2
2024.10.28	02:35:19.959	0.83322	0.83323			6
2024.10.28	02:35:21.077	0.83323	0.83324			6
2024.10.28	02:35:41.382	0.83322	0.83323			6
2024.10.28	02:35:51.362	0.83323	0.83324			6
2024.10.28	02:35:58.395	0.83322	0.83323			6
2024.10.28	02:36:00.381	0.83322				2
2024.10.28	02:36:02.884	0.83323	0.83324			6
2024.10.28	02:36:12.459	0.83322	0.83323			6
2024.10.28	02:36:21.392	0.83321	0.83322			6
2024.10.28	02:36:21.698	0.83322	0.83323			6
2024.10.28	02:36:29.327	0.83324	0.83325			6
2024.10.28	02:36:48.124	0.83322	0.83323			6
2024.10.28	02:36:50.724	0.83321	0.83322			6
2024.10.28	02:37:00.316	0.83321				2
2024.10.28	02:37:06.195	0.83320	0.83321			6
2024.10.28	02:37:16.277	0.83321	0.83322			6
2024.10.28	02:37:28.830	0.83322	0.83323			6
2024.10.28	02:37:29.309	0.83321	0.83322			6
2024.10.28	02:37:33.320	0.83322	0.83323			6
2024.10.28	02:37:33.922	0.83321	0.83322			6
2024.10.28	02:37:41.142	0.83320	0.83321			6
2024.10.28	02:37:41.921	0.83321	0.83322			6
2024.10.28	02:37:43.622	0.83320	0.83321			6
2024.10.28	02:37:44.206	0.83321	0.83322			6
2024.10.28	02:38:00.415	0.83320	0.83321			6
2024.10.28	02:38:05.039	0.83321	0.83322			6
2024.10.28	02:38:10.309	0.83319	0.83320			6
2024.10.28	02:38:19.754	0.83318	0.83319			6
2024.10.28	02:38:45.751	0.83316	0.83317			6
2024.10.28	02:38:46.105	0.83315	0.83316			6
2024.10.28	02:38:47.960	0.83316	0.83317			6
2024.10.28	02:38:55.131	0.83315	0.83316			6
2024.10.28	02:38:55.654	0.83317	0.83318			6
2024.10.28	02:38:58.302	0.83316	0.83317			6
2024.10.28	02:39:00.421	0.83316				2
2024.10.28	02:39:51.828	0.83315	0.83316			6
2024.10.28	02:40:01.236	0.83315				2
2024.10.28	02:40:46.913	0.83314	0.83315			6
2024.10.28	02:40:47.950	0.83315	0.83316			6
2024.10.28	02:40:54.192	0.83314	0.83315			6
2024.10.28	02:41:00.518	0.83314				2
2024.10.28	02:41:02.169	0.83315	0.83316			6
2024.10.28	02:41:12.037	0.83316	0.83317			6
2024.10.28	02:41:12.342	0.83315	0.83316			6
2024.10.28	02:41:25.627	0.83314	0.83315			6
2024.10.28	02:41:28.814	0.83315	0.83316			6
2024.10.28	02:41:31.147	0.83313	0.83314			6
2024.10.28	02:41:32.231	0.83314	0.83315			6
2024.10.28	02:41:42.562	0.83315	0.83316			6
2024.10.28	02:41:45.363	0.83314	0.83315			6
2024.10.28	02:42:00.809	0.83314				2
2024.10.28	02:42:05.796	0.83315	0.83316			6
2024.10.28	02:42:09.203	0.83314	0.83315			6
2024.10.28	02:42:21.260	0.83311	0.83312			6
2024.10.28	02:42:45.604	0.83312	0.83313			6
2024.10.28	02:42:47.771	0.83311	0.83312			6
2024.10.28	02:42:56.689	0.83312	0.83313			6
2024.10.28	02:43:00.052	0.83312				2
2024.10.28	02:43:00.575	0.83311	0.83312			6
2024.10.28	02:43:08.855	0.83312	0.83313			6
2024.10.28	02:43:09.207	0.83313	0.83314			6
2024.10.28	02:43:12.523	0.83312	0.83313			6
2024.10.28	02:43:32.230	0.83313	0.83314			6
2024.10.28	02:43:52.158	0.83312	0.83313			6
2024.10.28	02:43:55.574	0.83311	0.83312			6
2024.10.28	02:43:56.712	0.83312	0.83313			6
2024.10.28	02:43:57.014	0.83311	0.83312			6
2024.10.28	02:44:00.860	0.83311				2
2024.10.28	02:44:29.248	0.83310	0.83311			6
2024.10.28	02:44:30.633	0.83311	0.83312			6
2024.10.28	02:45:00.314	0.83311				2
