<DATE>	<TIME>	<BID>	<ASK>	<LAST>	<VOLUME>	<FLAGS>
2024.08.08	00:00:00.135	0.86027	0.86122			6
2024.08.08	00:00:00.446	0.85968	0.86171			6
2024.08.08	00:00:00.907	0.86012	0.86112			6
2024.08.08	00:00:30.579	0.86009	0.86123			6
2024.08.08	00:00:55.146	0.86008	0.86124			6
2024.08.08	00:01:13.942	0.86008				2
2024.08.08	00:01:24.669		0.86129			4
2024.08.08	00:02:17.885	0.86008				2
2024.08.08	00:02:27.563		0.86129			4
2024.08.08	00:02:58.964		0.86134			4
2024.08.08	00:03:21.528	0.86008				2
2024.08.08	00:03:58.952	0.86010				2
2024.08.08	00:04:05.602	0.86010	0.86134			6
2024.08.08	00:05:01.240	0.86010				2
2024.08.08	00:05:06.203		0.86134			4
2024.08.08	00:05:11.299		0.86128			4
2024.08.08	00:05:11.642		0.86133			4
2024.08.08	00:05:12.361		0.86132			4
2024.08.08	00:05:31.259		0.86130			4
2024.08.08	00:05:32.369		0.86132			4
2024.08.08	00:05:33.076	0.86017	0.86123			6
2024.08.08	00:05:35.857		0.86125			4
2024.08.08	00:05:39.407		0.86123			4
2024.08.08	00:05:40.704		0.86122			4
2024.08.08	00:05:42.350		0.86119			4
2024.08.08	00:05:45.585		0.86117			4
2024.08.08	00:05:50.844		0.86119			4
2024.08.08	00:05:51.296		0.86121			4
2024.08.08	00:05:56.207		0.86119			4
2024.08.08	00:05:59.637	0.86010				2
2024.08.08	00:06:00.361	0.86010				2
2024.08.08	00:06:01.523		0.86120			4
2024.08.08	00:06:05.408		0.86121			4
2024.08.08	00:06:11.038		0.86118			4
2024.08.08	00:06:20.050		0.86122			4
2024.08.08	00:06:32.354		0.86121			4
2024.08.08	00:06:41.337		0.86120			4
2024.08.08	00:06:43.818		0.86121			4
2024.08.08	00:06:46.226		0.86122			4
2024.08.08	00:07:00.527	0.86010				2
2024.08.08	00:07:10.361		0.86123			4
2024.08.08	00:07:18.360		0.86122			4
2024.08.08	00:07:22.369		0.86124			4
2024.08.08	00:07:24.354		0.86123			4
2024.08.08	00:07:32.379		0.86122			4
2024.08.08	00:07:49.407		0.86121			4
2024.08.08	00:08:03.770	0.86010				2
2024.08.08	00:08:15.715		0.86123			4
2024.08.08	00:08:19.028	0.86005	0.86122			6
2024.08.08	00:08:24.834		0.86116			4
2024.08.08	00:08:38.047	0.86018	0.86089			6
2024.08.08	00:08:42.902	0.86005	0.86114			6
2024.08.08	00:08:50.677		0.86115			4
2024.08.08	00:08:52.487	0.86009				2
2024.08.08	00:08:54.020	0.86013				2
2024.08.08	00:09:06.369	0.86013				2
2024.08.08	00:09:48.963		0.86114			4
2024.08.08	00:09:54.023	0.86015				2
2024.08.08	00:10:00.331	0.86015	0.86076			6
2024.08.08	00:10:07.019		0.86075			4
2024.08.08	00:10:13.820		0.86076			4
2024.08.08	00:10:24.504		0.86078			4
2024.08.08	00:10:29.408		0.86080			4
2024.08.08	00:10:41.917		0.86081			4
2024.08.08	00:10:53.833		0.86080			4
2024.08.08	00:11:02.551	0.86015				2
2024.08.08	00:11:07.051		0.86079			4
2024.08.08	00:11:15.338		0.86080			4
2024.08.08	00:11:22.351		0.86079			4
2024.08.08	00:12:01.810	0.86015				2
2024.08.08	00:12:09.794		0.86080			4
2024.08.08	00:12:20.851		0.86081			4
2024.08.08	00:12:24.675		0.86080			4
2024.08.08	00:12:27.720		0.86072			4
2024.08.08	00:12:33.042		0.86071			4
2024.08.08	00:12:40.428		0.86072			4
2024.08.08	00:12:48.500		0.86073			4
2024.08.08	00:12:55.652		0.86074			4
2024.08.08	00:12:58.526		0.86072			4
2024.08.08	00:13:01.660	0.86015	0.86074			6
2024.08.08	00:13:20.473		0.86072			4
2024.08.08	00:13:48.934		0.86073			4
2024.08.08	00:14:01.818	0.86015				2
2024.08.08	00:14:11.215		0.86072			4
2024.08.08	00:14:13.572		0.86071			4
2024.08.08	00:14:14.465		0.86073			4
2024.08.08	00:14:40.391		0.86074			4
2024.08.08	00:15:00.534	0.86015				2
2024.08.08	00:15:15.443		0.86071			4
2024.08.08	00:15:49.658		0.86070			4
2024.08.08	00:15:59.852		0.86071			4
2024.08.08	00:16:01.959	0.86015				2
2024.08.08	00:16:07.683		0.86069			4
2024.08.08	00:16:08.334		0.86071			4
2024.08.08	00:16:09.071		0.86072			4
2024.08.08	00:16:11.949		0.86073			4
2024.08.08	00:16:15.753		0.86074			4
2024.08.08	00:17:02.356	0.86015				2
2024.08.08	00:17:09.834		0.86073			4
2024.08.08	00:17:11.667		0.86072			4
2024.08.08	00:17:14.075		0.86073			4
2024.08.08	00:18:02.353	0.86015				2
2024.08.08	00:18:14.365		0.86073			4
2024.08.08	00:18:39.748		0.86072			4
2024.08.08	00:18:42.695		0.86073			4
2024.08.08	00:18:49.956		0.86070			4
2024.08.08	00:18:57.986		0.86071			4
2024.08.08	00:19:00.104	0.86015				2
2024.08.08	00:19:09.037		0.86069			4
2024.08.08	00:19:18.059		0.86068			4
2024.08.08	00:19:20.046		0.86073			4
2024.08.08	00:19:20.678		0.86074			4
2024.08.08	00:19:22.931		0.86075			4
2024.08.08	00:19:23.549		0.86073			4
2024.08.08	00:19:49.951		0.86074			4
2024.08.08	00:19:54.224	0.86000				2
2024.08.08	00:19:55.804	0.86005				2
2024.08.08	00:19:57.554	0.86004				2
2024.08.08	00:20:02.553	0.86004	0.86073			6
2024.08.08	00:20:11.116		0.86074			4
2024.08.08	00:20:11.819		0.86073			4
2024.08.08	00:20:12.147	0.86001	0.86072			6
2024.08.08	00:20:12.458	0.86002				2
2024.08.08	00:20:15.308	0.85997				2
2024.08.08	00:20:17.553	0.85996				2
2024.08.08	00:20:17.854	0.85997				2
2024.08.08	00:20:22.806	0.85998				2
2024.08.08	00:20:24.357	0.85997				2
2024.08.08	00:20:30.613	0.86020				2
2024.08.08	00:21:01.818	0.86020				2
2024.08.08	00:21:12.601		0.86072			4
2024.08.08	00:22:07.936	0.86020				2
2024.08.08	00:22:12.932		0.86072			4
2024.08.08	00:22:51.151		0.86073			4
2024.08.08	00:23:00.168	0.86020				2
2024.08.08	00:23:06.689		0.86072			4
2024.08.08	00:23:07.200		0.86071			4
2024.08.08	00:23:17.694		0.86069			4
2024.08.08	00:23:52.012		0.86070			4
2024.08.08	00:23:59.467		0.86071			4
2024.08.08	00:24:02.013	0.86020				2
2024.08.08	00:24:05.028		0.86069			4
2024.08.08	00:24:12.017		0.86070			4
2024.08.08	00:24:21.873		0.86071			4
2024.08.08	00:24:22.693		0.86070			4
2024.08.08	00:24:29.974		0.86071			4
2024.08.08	00:24:34.053		0.86070			4
2024.08.08	00:24:50.394		0.86071			4
2024.08.08	00:24:50.970		0.86072			4
2024.08.08	00:25:00.316	0.86020	0.86073			6
2024.08.08	00:25:03.342		0.86074			4
2024.08.08	00:25:19.812		0.86073			4
2024.08.08	00:25:27.294		0.86072			4
2024.08.08	00:25:31.186		0.86073			4
2024.08.08	00:25:31.819		0.86074			4
2024.08.08	00:25:40.520		0.86073			4
2024.08.08	00:25:45.270		0.86072			4
2024.08.08	00:25:45.959		0.86081			4
2024.08.08	00:25:50.224		0.86084			4
2024.08.08	00:25:56.397		0.86078			4
2024.08.08	00:25:59.808		0.86081			4
2024.08.08	00:26:00.573	0.86020				2
2024.08.08	00:26:02.883		0.86082			4
2024.08.08	00:26:06.548		0.86081			4
2024.08.08	00:26:10.955		0.86079			4
2024.08.08	00:26:13.348		0.86080			4
2024.08.08	00:26:30.619		0.86078			4
2024.08.08	00:26:35.868		0.86079			4
2024.08.08	00:26:47.656	0.86027	0.86080			6
2024.08.08	00:26:57.705		0.86079			4
2024.08.08	00:27:00.151	0.86027	0.86080			6
2024.08.08	00:27:11.587	0.86037	0.86078			6
2024.08.08	00:27:14.101		0.86079			4
2024.08.08	00:27:14.538		0.86078			4
2024.08.08	00:27:20.929	0.86036	0.86074			6
2024.08.08	00:27:26.595		0.86073			4
2024.08.08	00:27:30.393		0.86072			4
2024.08.08	00:27:31.407		0.86071			4
2024.08.08	00:27:48.651	0.86029	0.86065			6
2024.08.08	00:27:52.910		0.86066			4
2024.08.08	00:28:00.366	0.86029				2
2024.08.08	00:28:06.383	0.86038	0.86072			6
2024.08.08	00:28:32.018		0.86073			4
2024.08.08	00:28:42.393		0.86072			4
2024.08.08	00:28:42.753		0.86077			4
2024.08.08	00:29:00.517	0.86037	0.86078			6
2024.08.08	00:29:00.857		0.86072			4
2024.08.08	00:29:16.351		0.86071			4
2024.08.08	00:29:23.854		0.86072			4
2024.08.08	00:29:55.950		0.86073			4
2024.08.08	00:30:00.373	0.86037				2
2024.08.08	00:30:00.999		0.86072			4
2024.08.08	00:30:01.653		0.86073			4
2024.08.08	00:30:02.556		0.86075			4
2024.08.08	00:30:03.451		0.86076			4
2024.08.08	00:30:10.897		0.86073			4
2024.08.08	00:30:12.967		0.86072			4
2024.08.08	00:30:13.281		0.86073			4
2024.08.08	00:30:22.112	0.86029	0.86075			6
2024.08.08	00:30:26.030		0.86073			4
2024.08.08	00:30:28.689		0.86071			4
2024.08.08	00:30:30.751		0.86073			4
2024.08.08	00:30:37.110		0.86074			4
2024.08.08	00:30:37.471		0.86071			4
2024.08.08	00:30:39.755		0.86072			4
2024.08.08	00:30:40.182		0.86071			4
2024.08.08	00:30:42.632		0.86070			4
2024.08.08	00:30:43.949	0.86031	0.86073			6
2024.08.08	00:30:44.289		0.86076			4
2024.08.08	00:30:44.929		0.86078			4
2024.08.08	00:30:45.971	0.86027				2
2024.08.08	00:30:48.451	0.86028	0.86080			6
2024.08.08	00:30:49.355		0.86081			4
2024.08.08	00:30:52.821		0.86083			4
2024.08.08	00:30:54.173		0.86081			4
2024.08.08	00:31:01.953	0.86028				2
2024.08.08	00:31:03.858	0.86029	0.86082			6
2024.08.08	00:31:05.950	0.86028				2
2024.08.08	00:31:06.546		0.86081			4
2024.08.08	00:31:08.193		0.86079			4
2024.08.08	00:31:10.584	0.86027	0.86078			6
2024.08.08	00:31:23.943	0.86026	0.86077			6
2024.08.08	00:31:27.236	0.86028	0.86079			6
2024.08.08	00:31:27.932	0.86031	0.86081			6
2024.08.08	00:31:29.211	0.86030				2
2024.08.08	00:31:35.136	0.86029	0.86080			6
2024.08.08	00:31:37.230	0.86030	0.86081			6
2024.08.08	00:31:38.027	0.86032	0.86083			6
2024.08.08	00:31:51.152	0.86033	0.86084			6
2024.08.08	00:31:56.061	0.86031	0.86082			6
2024.08.08	00:31:56.852	0.86030	0.86081			6
2024.08.08	00:32:00.754	0.86028	0.86080			6
2024.08.08	00:32:09.835	0.86027	0.86078			6
2024.08.08	00:32:10.961	0.86030	0.86082			6
2024.08.08	00:32:13.981	0.86029	0.86080			6
2024.08.08	00:32:17.780	0.86028				2
2024.08.08	00:32:18.766	0.86029				2
2024.08.08	00:32:52.160		0.86081			4
2024.08.08	00:32:52.936	0.86031	0.86082			6
2024.08.08	00:33:01.652	0.86031				2
2024.08.08	00:33:11.939	0.86032	0.86083			6
2024.08.08	00:33:15.507	0.86030	0.86082			6
2024.08.08	00:33:20.370		0.86081			4
2024.08.08	00:33:28.075	0.86029				2
2024.08.08	00:33:34.358		0.86080			4
2024.08.08	00:33:56.122		0.86081			4
2024.08.08	00:34:00.932	0.86029				2
2024.08.08	00:34:10.351	0.86030				2
2024.08.08	00:34:21.970		0.86082			4
2024.08.08	00:34:38.851	0.86031				2
2024.08.08	00:34:43.054	0.86030				2
2024.08.08	00:34:52.797		0.86081			4
2024.08.08	00:35:00.336	0.86030				2
2024.08.08	00:35:09.451	0.86029				2
2024.08.08	00:35:19.973	0.86030	0.86082			6
2024.08.08	00:35:21.733	0.86029	0.86081			6
2024.08.08	00:35:28.652	0.86030				2
2024.08.08	00:35:38.264	0.86031	0.86083			6
2024.08.08	00:35:43.109		0.86082			4
2024.08.08	00:35:44.617	0.86030				2
2024.08.08	00:35:47.142	0.86031				2
2024.08.08	00:35:47.738	0.86029	0.86081			6
2024.08.08	00:35:48.935		0.86080			4
2024.08.08	00:35:52.222	0.86028	0.86079			6
2024.08.08	00:35:52.533	0.86031	0.86082			6
2024.08.08	00:35:54.194		0.86083			4
2024.08.08	00:35:54.520	0.86032				2
2024.08.08	00:35:55.205	0.86031				2
2024.08.08	00:35:57.753	0.86030	0.86082			6
2024.08.08	00:36:01.522	0.86030	0.86081			6
2024.08.08	00:36:17.056	0.86031	0.86082			6
2024.08.08	00:36:18.140	0.86030	0.86081			6
2024.08.08	00:36:30.308	0.86031	0.86082			6
2024.08.08	00:36:37.956		0.86081			4
2024.08.08	00:36:39.361	0.86030				2
2024.08.08	00:36:40.438	0.86029	0.86080			6
2024.08.08	00:36:43.945	0.86030	0.86081			6
2024.08.08	00:37:00.835	0.86030				2
2024.08.08	00:37:11.540	0.86029	0.86080			6
2024.08.08	00:37:15.258	0.86031	0.86082			6
2024.08.08	00:37:24.352	0.86032	0.86083			6
2024.08.08	00:37:32.462	0.86030	0.86081			6
2024.08.08	00:37:36.230	0.86031	0.86082			6
2024.08.08	00:37:40.394	0.86030	0.86081			6
2024.08.08	00:37:41.749	0.86032	0.86083			6
2024.08.08	00:37:44.024	0.86033	0.86084			6
2024.08.08	00:37:52.951	0.86032	0.86083			6
2024.08.08	00:37:58.979	0.86033	0.86084			6
2024.08.08	00:38:00.312	0.86033				2
2024.08.08	00:38:01.688	0.86032	0.86083			6
2024.08.08	00:38:08.228	0.86033	0.86084			6
2024.08.08	00:38:39.008		0.86083			4
2024.08.08	00:38:45.305	0.86032				2
2024.08.08	00:38:50.346	0.86033	0.86084			6
2024.08.08	00:49:26.579	0.86047	0.86067			6
2024.08.08	00:49:48.332		0.86066			4
2024.08.08	00:50:02.424	0.86049	0.86068			6
2024.08.08	00:50:27.154		0.86069			4
2024.08.08	00:50:32.515	0.86050				2
2024.08.08	00:50:41.124	0.86048	0.86070			6
2024.08.08	00:50:44.252		0.86071			4
2024.08.08	00:50:47.850	0.86049	0.86070			6
2024.08.08	00:50:54.160	0.86048				2
2024.08.08	00:50:54.504		0.86069			4
2024.08.08	00:50:54.822	0.86049	0.86070			6
2024.08.08	00:50:59.326	0.86050	0.86069			6
2024.08.08	00:51:00.086	0.86050				2
2024.08.08	00:51:03.079	0.86049	0.86070			6
2024.08.08	00:51:07.707	0.86048	0.86071			6
2024.08.08	00:51:15.850		0.86069			4
2024.08.08	00:51:21.978		0.86068			4
2024.08.08	00:51:24.728		0.86069			4
2024.08.08	00:51:25.075		0.86068			4
2024.08.08	00:51:31.199		0.86067			4
2024.08.08	00:51:34.537	0.86047	0.86069			6
2024.08.08	00:51:42.016	0.86048	0.86068			6
2024.08.08	00:51:54.573	0.86047	0.86071			6
2024.08.08	00:51:59.854	0.86046	0.86072			6
2024.08.08	00:52:00.543	0.86046				2
2024.08.08	00:52:04.583	0.86048	0.86071			6
2024.08.08	00:52:08.851	0.86047	0.86072			6
2024.08.08	00:52:09.683	0.86049	0.86070			6
2024.08.08	00:52:10.693	0.86047	0.86072			6
2024.08.08	00:52:12.211	0.86048	0.86071			6
2024.08.08	00:52:15.219	0.86047	0.86072			6
2024.08.08	00:52:20.855		0.86071			4
2024.08.08	00:52:25.483		0.86072			4
2024.08.08	00:52:27.313	0.86048				2
2024.08.08	00:52:32.854	0.86047				2
2024.08.08	00:52:35.845		0.86071			4
2024.08.08	00:52:40.551	0.86048	0.86070			6
2024.08.08	00:52:51.261	0.86049	0.86069			6
2024.08.08	00:52:53.866	0.86048	0.86070			6
2024.08.08	00:52:57.523	0.86047	0.86071			6
2024.08.08	00:53:02.915	0.86047				2
2024.08.08	00:53:09.024		0.86070			4
2024.08.08	00:53:26.315	0.86049	0.86066			6
2024.08.08	00:53:27.323	0.86047	0.86070			6
2024.08.08	00:53:27.780		0.86068			4
2024.08.08	00:53:29.535		0.86069			4
2024.08.08	00:53:30.203		0.86066			4
2024.08.08	00:53:33.156		0.86068			4
2024.08.08	00:53:34.831		0.86066			4
2024.08.08	00:53:38.255		0.86068			4
2024.08.08	00:53:39.436	0.86048	0.86066			6
2024.08.08	00:53:39.786	0.86047				2
2024.08.08	00:53:40.086	0.86048	0.86065			6
2024.08.08	00:53:42.348	0.86049	0.86068			6
2024.08.08	00:53:43.588	0.86048	0.86065			6
2024.08.08	00:53:44.119	0.86051	0.86068			6
2024.08.08	00:53:44.807	0.86052	0.86069			6
2024.08.08	00:53:52.182	0.86048	0.86065			6
2024.08.08	00:53:53.470		0.86066			4
2024.08.08	00:53:55.193	0.86047	0.86065			6
2024.08.08	00:53:56.349	0.86046				2
2024.08.08	00:53:56.653	0.86048				2
2024.08.08	00:54:00.183	0.86048				2
2024.08.08	00:54:03.056	0.86054	0.86071			6
2024.08.08	00:54:04.261	0.86055	0.86073			6
2024.08.08	00:54:05.662	0.86051	0.86068			6
2024.08.08	00:54:06.005	0.86055	0.86073			6
2024.08.08	00:54:06.918	0.86056	0.86077			6
2024.08.08	00:54:08.640	0.86051	0.86069			6
2024.08.08	00:54:10.350	0.86053	0.86071			6
2024.08.08	00:54:10.678	0.86051	0.86069			6
2024.08.08	00:54:13.178	0.86050	0.86068			6
2024.08.08	00:54:14.692	0.86049				2
2024.08.08	00:54:15.001	0.86053	0.86072			6
2024.08.08	00:54:15.303	0.86051	0.86070			6
2024.08.08	00:54:19.743	0.86050	0.86069			6
2024.08.08	00:54:36.194		0.86068			4
2024.08.08	00:54:38.232	0.86049				2
2024.08.08	00:54:42.810	0.86050	0.86069			6
2024.08.08	00:54:44.732	0.86048	0.86067			6
2024.08.08	00:54:45.143	0.86049	0.86068			6
2024.08.08	00:54:52.992		0.86069			4
2024.08.08	00:54:59.561	0.86048	0.86068			6
2024.08.08	00:55:00.164	0.86049				2
2024.08.08	00:55:08.253		0.86069			4
2024.08.08	00:55:23.490	0.86050	0.86070			6
2024.08.08	00:55:28.025	0.86049	0.86069			6
2024.08.08	00:55:32.124		0.86068			4
2024.08.08	00:55:34.060		0.86069			4
2024.08.08	00:55:53.102	0.86048				2
2024.08.08	00:55:56.625	0.86049				2
2024.08.08	00:56:02.667	0.86049				2
2024.08.08	00:56:13.113	0.86045	0.86068			6
2024.08.08	00:56:14.570	0.86049	0.86070			6
2024.08.08	00:56:17.689		0.86069			4
2024.08.08	00:56:33.463		0.86070			4
2024.08.08	00:56:42.681	0.86050				2
2024.08.08	00:57:01.526	0.86050				2
2024.08.08	00:57:11.754		0.86071			4
2024.08.08	00:57:26.196	0.86049	0.86070			6
2024.08.08	00:57:56.692	0.86034	0.86056			6
2024.08.08	00:57:57.002	0.86024	0.86047			6
2024.08.08	00:57:57.625	0.86018	0.86044			6
2024.08.08	00:57:57.982	0.86016				2
2024.08.08	00:57:58.649	0.86013				2
2024.08.08	00:57:58.950	0.86015				2
2024.08.08	00:58:00.374	0.86014	0.86047			6
2024.08.08	00:58:00.676	0.86018	0.86048			6
2024.08.08	00:58:01.901	0.86015	0.86047			6
2024.08.08	00:58:02.880	0.86016				2
2024.08.08	00:58:03.476	0.86021				2
2024.08.08	00:58:03.985	0.86022	0.86046			6
2024.08.08	00:58:09.754	0.86021	0.86047			6
2024.08.08	00:58:13.276	0.86019	0.86050			6
2024.08.08	00:58:13.812	0.86020	0.86049			6
2024.08.08	00:58:14.697	0.86000	0.86052			6
2024.08.08	00:58:15.002	0.86010	0.86050			6
2024.08.08	00:58:15.328	0.86013				2
2024.08.08	00:58:15.643	0.86004	0.86052			6
2024.08.08	00:58:16.054	0.85998				2
2024.08.08	00:58:17.251	0.85994				2
2024.08.08	00:58:18.018	0.86007	0.86048			6
2024.08.08	00:58:19.505	0.85995	0.86047			6
2024.08.08	00:58:20.062	0.85994				2
2024.08.08	00:58:20.372	0.85999				2
2024.08.08	00:58:21.151	0.86006	0.86048			6
2024.08.08	00:58:23.174	0.86007				2
2024.08.08	00:58:23.584	0.85994				2
2024.08.08	00:58:25.873	0.86011	0.86046			6
2024.08.08	00:58:26.257	0.86006				2
2024.08.08	00:58:27.063		0.86047			4
2024.08.08	00:58:27.452	0.86000				2
2024.08.08	00:58:28.033	0.86003	0.86048			6
2024.08.08	00:58:28.343	0.86004				2
2024.08.08	00:58:30.877	0.86008	0.86049			6
2024.08.08	00:58:31.605	0.86012				2
2024.08.08	00:58:35.552	0.86011				2
2024.08.08	00:58:35.874	0.85994				2
2024.08.08	00:58:36.184	0.86008	0.86050			6
2024.08.08	00:58:36.484	0.86010	0.86051			6
2024.08.08	00:58:36.817	0.86012				2
2024.08.08	00:58:38.607	0.86011	0.86052			6
2024.08.08	00:58:39.821	0.86015				2
2024.08.08	00:58:44.594		0.86056			4
2024.08.08	00:58:44.903	0.85986	0.86095			6
2024.08.08	00:58:45.219	0.85988	0.86098			6
2024.08.08	00:58:45.521	0.85995	0.86094			6
2024.08.08	00:58:45.823	0.85994	0.86095			6
2024.08.08	00:58:46.165	0.85997	0.86096			6
2024.08.08	00:58:46.505	0.85993	0.86100			6
2024.08.08	00:58:46.976	0.85988	0.86096			6
2024.08.08	00:58:47.855		0.86094			4
2024.08.08	00:58:48.317	0.85997	0.86102			6
2024.08.08	00:58:48.622	0.85985	0.86101			6
2024.08.08	00:58:49.379	0.85995	0.86100			6
2024.08.08	00:58:49.686	0.85987	0.86099			6
2024.08.08	00:58:50.431	0.85985				2
2024.08.08	00:58:51.752	0.85986	0.86098			6
2024.08.08	00:58:52.189	0.85991				2
2024.08.08	00:58:52.537	0.85995	0.86097			6
2024.08.08	00:58:53.382	0.86000	0.86099			6
2024.08.08	00:58:53.983	0.85996	0.86102			6
2024.08.08	00:58:54.381	0.85992				2
2024.08.08	00:58:55.115	0.85994	0.86100			6
2024.08.08	00:58:55.533	0.86006	0.86098			6
2024.08.08	00:58:55.951	0.85996				2
2024.08.08	00:58:56.660	0.85999	0.86097			6
2024.08.08	00:58:57.139	0.86002				2
2024.08.08	00:58:57.751		0.86098			4
2024.08.08	00:58:58.097	0.86001				2
2024.08.08	00:59:00.001	0.85997	0.86099			6
2024.08.08	00:59:00.717	0.86001				2
2024.08.08	00:59:01.052	0.85997				2
2024.08.08	00:59:04.351	0.85998	0.86098			6
2024.08.08	00:59:06.099	0.85997	0.86097			6
2024.08.08	00:59:07.270	0.86000				2
2024.08.08	00:59:07.717	0.86002	0.86095			6
2024.08.08	00:59:10.657		0.86094			4
2024.08.08	00:59:11.252	0.86000				2
2024.08.08	00:59:12.451	0.85999				2
2024.08.08	00:59:13.444	0.86002	0.86092			6
2024.08.08	00:59:15.447	0.86001	0.86093			6
2024.08.08	00:59:17.552	0.86002	0.86092			6
2024.08.08	00:59:18.703	0.86000	0.86095			6
2024.08.08	00:59:19.204	0.86003	0.86094			6
2024.08.08	00:59:19.962	0.86002				2
2024.08.08	00:59:22.380	0.86003				2
2024.08.08	00:59:24.137	0.86002				2
2024.08.08	00:59:25.354	0.85996	0.86096			6
2024.08.08	00:59:27.212		0.86095			4
2024.08.08	00:59:28.038		0.86094			4
2024.08.08	00:59:28.355	0.85994	0.86095			6
2024.08.08	00:59:29.098	0.85993	0.86096			6
2024.08.08	00:59:29.576	0.85996				2
2024.08.08	00:59:30.041	0.85993				2
2024.08.08	00:59:30.346	0.85992	0.86097			6
2024.08.08	00:59:31.218	0.85996				2
2024.08.08	00:59:31.655	0.85998				2
2024.08.08	00:59:32.738	0.85995	0.86096			6
2024.08.08	00:59:36.753	0.85996	0.86095			6
2024.08.08	00:59:39.444	0.86002				2
2024.08.08	00:59:39.780	0.86003	0.86094			6
2024.08.08	00:59:40.952	0.86002				2
2024.08.08	00:59:42.377	0.85998				2
2024.08.08	00:59:43.468	0.86001	0.86091			6
2024.08.08	00:59:43.841	0.85999	0.86093			6
2024.08.08	00:59:44.866		0.86094			4
2024.08.08	00:59:45.844	0.86000	0.86093			6
2024.08.08	00:59:46.962	0.85999				2
2024.08.08	00:59:47.269	0.85993				2
2024.08.08	00:59:50.241	0.85999	0.86092			6
2024.08.08	00:59:51.456	0.86000	0.86091			6
2024.08.08	00:59:52.779	0.85999				2
2024.08.08	00:59:53.512	0.85998	0.86092			6
2024.08.08	00:59:54.935	0.85999				2
2024.08.08	00:59:55.351		0.86091			4
2024.08.08	00:59:56.245	0.86000	0.86090			6
2024.08.08	00:59:56.592		0.86091			4
2024.08.08	00:59:59.940	0.85999	0.86092			6
2024.08.08	01:00:00.313	0.85993	0.86091			6
2024.08.08	01:00:00.625	0.86002	0.86083			6
2024.08.08	01:00:00.990	0.86005	0.86087			6
2024.08.08	01:00:01.305	0.86020	0.86085			6
2024.08.08	01:00:01.623	0.86010	0.86099			6
2024.08.08	01:00:01.943	0.86012	0.86104			6
2024.08.08	01:00:02.256	0.86051	0.86098			6
2024.08.08	01:00:02.782	0.86050	0.86097			6
2024.08.08	01:00:03.215	0.86012	0.86106			6
2024.08.08	01:00:03.517	0.86031	0.86105			6
2024.08.08	01:00:03.873	0.86020				2
2024.08.08	01:00:04.193	0.86029				2
2024.08.08	01:00:04.497	0.86031	0.86103			6
2024.08.08	01:00:04.954	0.86035				2
2024.08.08	01:00:05.324	0.86039	0.86099			6
2024.08.08	01:00:05.637	0.86038	0.86102			6
2024.08.08	01:00:05.941	0.86034	0.86105			6
2024.08.08	01:00:06.245		0.86106			4
2024.08.08	01:00:06.598	0.86032	0.86105			6
2024.08.08	01:00:06.904	0.86033	0.86109			6
2024.08.08	01:00:07.211		0.86110			4
2024.08.08	01:00:07.525	0.86027	0.86111			6
2024.08.08	01:00:07.826	0.86038	0.86104			6
2024.08.08	01:00:08.151	0.86035	0.86107			6
2024.08.08	01:00:08.509	0.86033	0.86110			6
2024.08.08	01:00:08.822	0.86035	0.86109			6
2024.08.08	01:00:09.176		0.86110			4
2024.08.08	01:00:09.541	0.86037	0.86109			6
2024.08.08	01:00:10.331	0.86034				2
2024.08.08	01:00:10.641	0.86033	0.86108			6
2024.08.08	01:00:11.004	0.86035	0.86107			6
2024.08.08	01:00:11.339	0.86032				2
2024.08.08	01:00:12.368	0.86033				2
2024.08.08	01:00:12.785	0.86037	0.86106			6
2024.08.08	01:00:13.118		0.86108			4
2024.08.08	01:00:13.424	0.86044	0.86104			6
2024.08.08	01:00:13.736	0.86045	0.86105			6
2024.08.08	01:00:14.057	0.86043	0.86107			6
2024.08.08	01:00:14.364		0.86100			4
2024.08.08	01:00:14.666		0.86101			4
2024.08.08	01:00:15.287		0.86094			4
2024.08.08	01:00:15.622		0.86098			4
2024.08.08	01:00:15.933		0.86093			4
2024.08.08	01:00:16.540	0.86044	0.86091			6
2024.08.08	01:00:17.029	0.86045	0.86093			6
2024.08.08	01:00:17.358	0.86047				2
2024.08.08	01:00:19.693	0.86058	0.86076			6
2024.08.08	01:00:20.004	0.86066	0.86082			6
2024.08.08	01:00:20.314		0.86084			4
2024.08.08	01:00:22.474	0.86068	0.86085			6
2024.08.08	01:00:23.175	0.86071				2
2024.08.08	01:00:23.487	0.86069				2
2024.08.08	01:00:23.957	0.86062				2
2024.08.08	01:00:24.269	0.86067				2
2024.08.08	01:00:25.301	0.86061				2
2024.08.08	01:00:26.272	0.86066				2
2024.08.08	01:00:26.582	0.86071	0.86088			6
2024.08.08	01:00:26.951	0.86073	0.86089			6
2024.08.08	01:00:27.270	0.86071				2
2024.08.08	01:00:28.837	0.86067	0.86090			6
2024.08.08	01:00:29.701	0.86073				2
2024.08.08	01:00:30.940	0.86071				2
2024.08.08	01:00:31.689	0.86067				2
2024.08.08	01:00:32.031	0.86073				2
2024.08.08	01:00:33.294	0.86071				2
2024.08.08	01:00:33.741	0.86073				2
2024.08.08	01:00:34.371	0.86071				2
2024.08.08	01:00:34.741	0.86073	0.86092			6
2024.08.08	01:00:35.448	0.86072				2
2024.08.08	01:00:35.853	0.86068	0.86084			6
2024.08.08	01:00:36.166		0.86078			4
2024.08.08	01:00:36.572	0.86064	0.86079			6
2024.08.08	01:00:37.207	0.86063				2
2024.08.08	01:00:51.004		0.86080			4
2024.08.08	01:00:53.238	0.86066				2
2024.08.08	01:00:53.544	0.86065				2
2024.08.08	01:00:53.898	0.86063	0.86074			6
2024.08.08	01:00:54.356	0.86062				2
2024.08.08	01:00:55.237	0.86063				2
2024.08.08	01:01:00.451	0.86063				2
2024.08.08	01:01:00.817	0.86059	0.86075			6
2024.08.08	01:01:01.124	0.86063	0.86073			6
2024.08.08	01:01:01.428	0.86062	0.86071			6
2024.08.08	01:01:05.034	0.86057				2
2024.08.08	01:01:19.975	0.86063	0.86077			6
2024.08.08	01:01:20.329	0.86069	0.86088			6
2024.08.08	01:01:29.453	0.86067	0.86085			6
2024.08.08	01:01:29.762	0.86070	0.86089			6
2024.08.08	01:01:32.759	0.86077	0.86096			6
2024.08.08	01:01:33.063	0.86072	0.86091			6
2024.08.08	01:01:33.365	0.86074	0.86093			6
2024.08.08	01:01:33.841	0.86075				2
2024.08.08	01:01:39.525		0.86092			4
2024.08.08	01:01:39.835	0.86071	0.86088			6
2024.08.08	01:01:40.236		0.86082			4
2024.08.08	01:01:40.544	0.86067	0.86081			6
2024.08.08	01:01:41.306	0.86069	0.86085			6
2024.08.08	01:01:41.624	0.86071	0.86088			6
2024.08.08	01:01:42.000		0.86087			4
2024.08.08	01:01:43.374		0.86088			4
2024.08.08	01:01:51.867		0.86086			4
2024.08.08	01:01:52.707		0.86088			4
2024.08.08	01:01:53.373		0.86087			4
2024.08.08	01:01:55.121		0.86088			4
2024.08.08	01:02:00.366	0.86071				2
2024.08.08	01:02:01.503		0.86087			4
2024.08.08	01:02:01.931	0.86074	0.86090			6
2024.08.08	01:02:02.234	0.86070	0.86085			6
2024.08.08	01:02:08.592	0.86066	0.86080			6
2024.08.08	01:02:31.499	0.86069	0.86085			6
2024.08.08	01:02:41.425	0.86067	0.86081			6
2024.08.08	01:03:00.433	0.86067				2
2024.08.08	01:03:01.142	0.86065	0.86080			6
2024.08.08	01:03:02.155	0.86064				2
2024.08.08	01:03:07.152	0.86065				2
2024.08.08	01:03:08.537	0.86067	0.86084			6
2024.08.08	01:03:22.232		0.86081			4
2024.08.08	01:03:22.542		0.86080			4
2024.08.08	01:03:22.956	0.86065				2
2024.08.08	01:03:26.359	0.86067				2
2024.08.08	01:03:28.037	0.86066				2
2024.08.08	01:03:28.408	0.86067				2
2024.08.08	01:03:30.582	0.86066				2
2024.08.08	01:03:30.908	0.86067				2
2024.08.08	01:03:31.727	0.86065				2
2024.08.08	01:03:32.358	0.86062	0.86075			6
2024.08.08	01:03:34.472		0.86076			4
2024.08.08	01:03:35.989		0.86075			4
2024.08.08	01:03:37.654		0.86076			4
2024.08.08	01:03:38.068		0.86075			4
2024.08.08	01:03:54.011		0.86074			4
2024.08.08	01:03:56.379		0.86076			4
2024.08.08	01:04:00.012	0.86062				2
2024.08.08	01:04:02.119	0.86065	0.86080			6
2024.08.08	01:04:03.444	0.86068	0.86083			6
2024.08.08	01:04:03.746	0.86069	0.86084			6
2024.08.08	01:04:04.051		0.86085			4
2024.08.08	01:04:06.204		0.86084			4
2024.08.08	01:04:07.782		0.86085			4
2024.08.08	01:04:08.884		0.86083			4
2024.08.08	01:04:09.758		0.86084			4
2024.08.08	01:04:13.118		0.86085			4
2024.08.08	01:04:13.727		0.86084			4
2024.08.08	01:04:15.888		0.86085			4
2024.08.08	01:04:20.428	0.86068	0.86083			6
2024.08.08	01:04:20.742	0.86067				2
2024.08.08	01:04:21.106	0.86066				2
2024.08.08	01:04:21.441	0.86067				2
2024.08.08	01:04:22.229		0.86080			4
2024.08.08	01:04:22.571	0.86071	0.86083			6
2024.08.08	01:04:22.883	0.86070				2
2024.08.08	01:04:23.231	0.86069				2
2024.08.08	01:04:24.309	0.86070				2
2024.08.08	01:04:25.055		0.86084			4
2024.08.08	01:04:30.364	0.86071				2
2024.08.08	01:04:30.698	0.86070				2
2024.08.08	01:04:41.233	0.86071	0.86085			6
2024.08.08	01:04:42.866	0.86070				2
2024.08.08	01:04:43.664	0.86071	0.86083			6
2024.08.08	01:04:46.851	0.86070	0.86081			6
2024.08.08	01:04:48.442		0.86080			4
2024.08.08	01:04:49.216		0.86081			4
2024.08.08	01:04:50.631		0.86083			4
2024.08.08	01:04:51.525		0.86081			4
2024.08.08	01:04:51.830	0.86071	0.86083			6
2024.08.08	01:04:52.143	0.86073	0.86085			6
2024.08.08	01:04:53.323	0.86075	0.86086			6
2024.08.08	01:04:54.562	0.86071	0.86085			6
2024.08.08	01:04:54.961	0.86072				2
2024.08.08	01:04:55.650		0.86086			4
2024.08.08	01:04:55.952	0.86071				2
2024.08.08	01:04:57.702	0.86073	0.86087			6
2024.08.08	01:05:00.152	0.86073	0.86088			6
2024.08.08	01:05:02.314	0.86072				2
2024.08.08	01:05:04.054	0.86071	0.86087			6
2024.08.08	01:05:04.393	0.86072				2
2024.08.08	01:05:05.370	0.86071				2
2024.08.08	01:05:05.673	0.86072				2
2024.08.08	01:05:07.458	0.86073				2
2024.08.08	01:05:08.087	0.86072				2
2024.08.08	01:05:08.411	0.86073				2
2024.08.08	01:05:09.467	0.86074				2
2024.08.08	01:05:10.408	0.86073				2
2024.08.08	01:05:11.463		0.86086			4
2024.08.08	01:05:11.863		0.86087			4
2024.08.08	01:05:12.207		0.86086			4
2024.08.08	01:05:12.689	0.86072				2
2024.08.08	01:05:15.045	0.86073				2
2024.08.08	01:05:20.390		0.86085			4
2024.08.08	01:05:21.221		0.86086			4
2024.08.08	01:05:21.599		0.86085			4
2024.08.08	01:05:23.333		0.86086			4
2024.08.08	01:05:23.692		0.86085			4
2024.08.08	01:05:26.851		0.86086			4
2024.08.08	01:05:30.123		0.86087			4
2024.08.08	01:05:30.648		0.86086			4
2024.08.08	01:05:40.125		0.86087			4
2024.08.08	01:05:41.003		0.86086			4
2024.08.08	01:05:57.025	0.86076	0.86088			6
2024.08.08	01:05:57.418		0.86089			4
2024.08.08	01:05:57.762	0.86077				2
2024.08.08	01:05:59.129	0.86074	0.86085			6
2024.08.08	01:06:00.202	0.86074				2
2024.08.08	01:06:00.669		0.86080			4
2024.08.08	01:06:03.790	0.86075	0.86079			6
2024.08.08	01:06:04.095	0.86073				2
2024.08.08	01:06:21.572	0.86074	0.86080			6
2024.08.08	01:06:26.826	0.86075	0.86081			6
2024.08.08	01:06:27.149	0.86076				2
2024.08.08	01:06:28.636		0.86082			4
2024.08.08	01:06:28.954	0.86075	0.86081			6
2024.08.08	01:06:30.390	0.86074	0.86079			6
2024.08.08	01:06:32.486	0.86073	0.86078			6
2024.08.08	01:06:50.715	0.86074	0.86080			6
2024.08.08	01:06:51.779	0.86075				2
2024.08.08	01:06:52.161		0.86081			4
2024.08.08	01:07:00.427	0.86075				2
2024.08.08	01:07:00.769	0.86074	0.86080			6
2024.08.08	01:07:01.145	0.86075	0.86081			6
2024.08.08	01:07:01.941	0.86076	0.86082			6
2024.08.08	01:07:04.505	0.86077				2
2024.08.08	01:07:12.525		0.86083			4
2024.08.08	01:07:13.276	0.86076	0.86082			6
2024.08.08	01:07:14.961	0.86075				2
2024.08.08	01:07:16.343	0.86076				2
2024.08.08	01:07:16.653	0.86075	0.86081			6
2024.08.08	01:07:16.963	0.86076	0.86082			6
2024.08.08	01:07:21.485		0.86081			4
2024.08.08	01:07:26.622		0.86082			4
2024.08.08	01:07:35.737	0.86075	0.86081			6
2024.08.08	01:07:37.007	0.86076				2
2024.08.08	01:07:38.413		0.86082			4
2024.08.08	01:07:46.575	0.86078	0.86084			6
2024.08.08	01:08:00.780	0.86078				2
2024.08.08	01:08:12.139	0.86077				2
2024.08.08	01:08:13.033	0.86078				2
2024.08.08	01:08:16.001	0.86077	0.86083			6
2024.08.08	01:08:16.373	0.86076	0.86082			6
2024.08.08	01:08:16.912		0.86081			4
2024.08.08	01:08:24.747	0.86080	0.86086			6
2024.08.08	01:08:25.420		0.86085			4
2024.08.08	01:08:25.935		0.86086			4
2024.08.08	01:08:27.363	0.86081				2
2024.08.08	01:08:33.996	0.86076	0.86081			6
2024.08.08	01:08:39.721	0.86075				2
2024.08.08	01:08:43.352	0.86073	0.86079			6
2024.08.08	01:08:46.619	0.86074				2
2024.08.08	01:08:48.160	0.86073				2
2024.08.08	01:08:49.754	0.86076	0.86082			6
2024.08.08	01:09:00.365	0.86076				2
2024.08.08	01:09:00.686		0.86081			4
2024.08.08	01:09:01.098		0.86082			4
2024.08.08	01:09:07.711	0.86077				2
2024.08.08	01:09:08.016		0.86083			4
2024.08.08	01:09:08.484	0.86079	0.86084			6
2024.08.08	01:09:09.014	0.86078				2
2024.08.08	01:09:11.243		0.86083			4
2024.08.08	01:09:14.994	0.86072	0.86077			6
2024.08.08	01:09:15.305	0.86071				2
2024.08.08	01:09:15.624		0.86076			4
2024.08.08	01:09:16.002	0.86070				2
2024.08.08	01:09:16.357	0.86071				2
2024.08.08	01:09:17.085	0.86070				2
2024.08.08	01:09:18.213	0.86071				2
2024.08.08	01:09:19.117	0.86070				2
2024.08.08	01:09:20.023		0.86075			4
2024.08.08	01:09:21.564	0.86071	0.86077			6
2024.08.08	01:09:22.061	0.86080	0.86085			6
2024.08.08	01:09:22.729	0.86079	0.86083			6
2024.08.08	01:09:23.041	0.86080	0.86085			6
2024.08.08	01:09:23.344	0.86082	0.86086			6
2024.08.08	01:09:23.841		0.86087			4
2024.08.08	01:09:24.603	0.86083	0.86088			6
2024.08.08	01:09:24.908		0.86089			4
2024.08.08	01:09:26.854	0.86086	0.86093			6
2024.08.08	01:09:27.719	0.86087				2
2024.08.08	01:09:28.053	0.86088	0.86094			6
2024.08.08	01:09:28.362		0.86095			4
2024.08.08	01:09:28.687	0.86092	0.86098			6
2024.08.08	01:09:31.973	0.86093	0.86099			6
2024.08.08	01:09:33.808	0.86099	0.86100			6
2024.08.08	01:09:35.382	0.86098	0.86101			6
2024.08.08	01:09:36.480	0.86095				2
2024.08.08	01:09:36.928	0.86093				2
2024.08.08	01:09:37.297	0.86095	0.86103			6
2024.08.08	01:09:38.998		0.86104			4
2024.08.08	01:09:41.400	0.86094	0.86102			6
2024.08.08	01:09:41.778		0.86103			4
2024.08.08	01:09:43.054	0.86095				2
2024.08.08	01:09:43.490		0.86102			4
2024.08.08	01:09:43.825	0.86096	0.86104			6
2024.08.08	01:09:44.171	0.86097	0.86105			6
2024.08.08	01:09:44.490		0.86102			4
2024.08.08	01:09:44.852	0.86096				2
2024.08.08	01:09:45.219		0.86103			4
2024.08.08	01:09:46.838	0.86097	0.86109			6
2024.08.08	01:09:47.143	0.86096	0.86107			6
2024.08.08	01:09:47.471	0.86095	0.86108			6
2024.08.08	01:09:48.103	0.86096	0.86107			6
2024.08.08	01:09:50.087		0.86106			4
2024.08.08	01:09:50.971	0.86095	0.86107			6
2024.08.08	01:09:51.313	0.86102	0.86104			6
2024.08.08	01:09:52.006	0.86103				2
2024.08.08	01:09:54.284	0.86102	0.86103			6
2024.08.08	01:09:54.709	0.86101				2
2024.08.08	01:09:55.023		0.86104			4
2024.08.08	01:09:56.433		0.86103			4
2024.08.08	01:09:57.246	0.86102	0.86104			6
2024.08.08	01:10:00.048	0.86102				2
2024.08.08	01:10:01.590	0.86100	0.86101			6
2024.08.08	01:10:02.159	0.86099				2
2024.08.08	01:10:15.599		0.86100			4
2024.08.08	01:10:18.784		0.86101			4
2024.08.08	01:10:25.573		0.86100			4
2024.08.08	01:10:28.018		0.86101			4
2024.08.08	01:10:34.003	0.86100				2
2024.08.08	01:10:35.554	0.86099				2
2024.08.08	01:10:36.296	0.86100				2
2024.08.08	01:10:39.018	0.86101	0.86103			6
2024.08.08	01:10:39.333		0.86102			4
2024.08.08	01:10:41.266	0.86102	0.86103			6
2024.08.08	01:10:42.452	0.86098				2
2024.08.08	01:10:44.881	0.86097	0.86102			6
2024.08.08	01:10:45.431		0.86103			4
2024.08.08	01:10:46.352	0.86098				2
2024.08.08	01:11:00.523	0.86098				2
2024.08.08	01:11:04.600	0.86097	0.86102			6
2024.08.08	01:11:05.134	0.86098	0.86103			6
2024.08.08	01:11:05.646	0.86097				2
2024.08.08	01:11:08.251	0.86098				2
2024.08.08	01:11:08.792		0.86104			4
2024.08.08	01:11:15.347		0.86103			4
2024.08.08	01:11:18.626		0.86104			4
2024.08.08	01:11:19.768	0.86099				2
2024.08.08	01:11:24.876	0.86098	0.86103			6
2024.08.08	01:11:29.172	0.86097	0.86102			6
2024.08.08	01:11:41.657	0.86098	0.86103			6
2024.08.08	01:11:49.654	0.86097	0.86102			6
2024.08.08	01:11:57.452	0.86096	0.86101			6
2024.08.08	01:11:59.731	0.86097	0.86102			6
2024.08.08	01:12:00.111	0.86097				2
2024.08.08	01:12:11.710	0.86095	0.86101			6
2024.08.08	01:12:12.025	0.86100	0.86106			6
2024.08.08	01:12:12.326	0.86099	0.86105			6
2024.08.08	01:12:13.584	0.86096	0.86109			6
2024.08.08	01:12:14.334	0.86099	0.86105			6
2024.08.08	01:12:21.955	0.86098	0.86103			6
2024.08.08	01:12:22.366	0.86099	0.86104			6
2024.08.08	01:12:24.120		0.86105			4
2024.08.08	01:12:24.422	0.86098	0.86104			6
2024.08.08	01:12:24.790	0.86099	0.86105			6
2024.08.08	01:12:28.063	0.86100				2
2024.08.08	01:12:28.422	0.86099				2
2024.08.08	01:12:28.745		0.86104			4
2024.08.08	01:12:29.256	0.86100	0.86106			6
2024.08.08	01:12:32.721		0.86105			4
2024.08.08	01:12:33.507	0.86099				2
2024.08.08	01:12:34.662	0.86100	0.86106			6
2024.08.08	01:12:47.364	0.86101				2
2024.08.08	01:12:48.125	0.86100				2
2024.08.08	01:12:53.408	0.86101				2
2024.08.08	01:12:54.952	0.86103	0.86108			6
2024.08.08	01:13:00.375	0.86103				2
2024.08.08	01:13:08.066	0.86102	0.86107			6
2024.08.08	01:13:09.087	0.86101	0.86106			6
2024.08.08	01:13:11.684	0.86102	0.86107			6
2024.08.08	01:13:12.002	0.86101				2
2024.08.08	01:13:19.362	0.86102				2
2024.08.08	01:13:20.987		0.86115			4
2024.08.08	01:13:21.739	0.86105	0.86111			6
2024.08.08	01:13:24.130	0.86106				2
2024.08.08	01:13:25.699	0.86105				2
2024.08.08	01:13:28.405	0.86106				2
2024.08.08	01:13:28.874	0.86105				2
2024.08.08	01:13:30.381	0.86106	0.86112			6
2024.08.08	01:13:31.364	0.86107				2
2024.08.08	01:13:31.704		0.86113			4
2024.08.08	01:13:36.986	0.86109	0.86114			6
2024.08.08	01:13:37.440	0.86108				2
2024.08.08	01:13:38.279	0.86116	0.86126			6
2024.08.08	01:13:38.607	0.86114	0.86123			6
2024.08.08	01:13:38.946		0.86119			4
2024.08.08	01:13:39.269	0.86115	0.86120			6
2024.08.08	01:13:39.647	0.86116	0.86121			6
2024.08.08	01:13:40.267	0.86115	0.86122			6
2024.08.08	01:13:41.865	0.86116	0.86123			6
2024.08.08	01:13:42.793		0.86122			4
2024.08.08	01:13:43.128	0.86117				2
2024.08.08	01:13:45.667	0.86116	0.86121			6
2024.08.08	01:13:48.150	0.86115				2
2024.08.08	01:14:00.965	0.86115				2
2024.08.08	01:14:01.909		0.86120			4
2024.08.08	01:14:08.013		0.86121			4
2024.08.08	01:14:08.323	0.86120	0.86122			6
2024.08.08	01:14:08.659	0.86118	0.86123			6
2024.08.08	01:14:09.001		0.86122			4
2024.08.08	01:14:09.736		0.86123			4
2024.08.08	01:14:10.721	0.86117	0.86122			6
2024.08.08	01:14:14.395		0.86123			4
2024.08.08	01:14:15.710	0.86115	0.86120			6
2024.08.08	01:14:18.855	0.86113	0.86118			6
2024.08.08	01:14:19.159		0.86119			4
2024.08.08	01:14:20.259		0.86118			4
2024.08.08	01:14:21.478		0.86119			4
2024.08.08	01:14:23.015	0.86112	0.86118			6
2024.08.08	01:14:24.861		0.86119			4
2024.08.08	01:14:25.175	0.86113				2
2024.08.08	01:14:27.041	0.86114				2
2024.08.08	01:14:27.450	0.86113	0.86118			6
2024.08.08	01:14:28.149		0.86119			4
2024.08.08	01:14:28.478	0.86112	0.86120			6
2024.08.08	01:14:28.805	0.86113				2
2024.08.08	01:14:32.673	0.86114	0.86121			6
2024.08.08	01:14:33.303	0.86115				2
2024.08.08	01:14:35.488	0.86113	0.86118			6
2024.08.08	01:14:35.792		0.86119			4
2024.08.08	01:14:37.523		0.86118			4
2024.08.08	01:14:37.969		0.86119			4
2024.08.08	01:14:38.597	0.86111	0.86116			6
2024.08.08	01:14:38.968	0.86110				2
2024.08.08	01:14:49.395		0.86114			4
2024.08.08	01:14:51.964	0.86106	0.86111			6
2024.08.08	01:14:52.361		0.86112			4
2024.08.08	01:14:53.276	0.86107	0.86113			6
2024.08.08	01:14:54.151	0.86108				2
2024.08.08	01:14:54.749	0.86107				2
2024.08.08	01:14:55.301	0.86106				2
2024.08.08	01:14:55.606	0.86111	0.86116			6
2024.08.08	01:14:55.929	0.86112	0.86118			6
2024.08.08	01:14:56.316	0.86113				2
2024.08.08	01:14:56.632	0.86114				2
2024.08.08	01:14:59.973	0.86113				2
2024.08.08	01:15:00.285	0.86113	0.86119			6
2024.08.08	01:15:00.641		0.86120			4
2024.08.08	01:15:01.974	0.86114				2
2024.08.08	01:15:05.795		0.86119			4
2024.08.08	01:15:06.163	0.86113				2
2024.08.08	01:15:07.071	0.86114	0.86120			6
2024.08.08	01:15:10.175	0.86117	0.86121			6
2024.08.08	01:15:10.483	0.86116				2
2024.08.08	01:15:14.574	0.86115				2
2024.08.08	01:15:17.227	0.86116				2
2024.08.08	01:15:18.744	0.86115				2
2024.08.08	01:15:19.239	0.86114	0.86120			6
2024.08.08	01:15:20.483	0.86117	0.86123			6
2024.08.08	01:15:21.594	0.86118	0.86124			6
2024.08.08	01:15:21.904		0.86123			4
2024.08.08	01:15:22.222	0.86117				2
2024.08.08	01:15:36.452	0.86118				2
2024.08.08	01:15:40.771		0.86124			4
2024.08.08	01:15:43.982		0.86125			4
2024.08.08	01:15:44.959		0.86123			4
2024.08.08	01:15:50.401	0.86121	0.86124			6
2024.08.08	01:15:50.704	0.86118	0.86123			6
2024.08.08	01:15:52.239	0.86116	0.86122			6
2024.08.08	01:15:54.841	0.86117	0.86123			6
2024.08.08	01:15:55.224		0.86122			4
2024.08.08	01:15:59.547		0.86123			4
2024.08.08	01:15:59.916		0.86122			4
2024.08.08	01:16:00.225	0.86116				2
2024.08.08	01:16:09.474	0.86117	0.86123			6
2024.08.08	01:16:30.589	0.86116	0.86121			6
2024.08.08	01:16:33.759	0.86115				2
2024.08.08	01:16:36.452	0.86116				2
2024.08.08	01:16:38.687		0.86122			4
2024.08.08	01:16:45.227		0.86121			4
2024.08.08	01:16:45.751	0.86115				2
2024.08.08	01:16:47.428	0.86117				2
2024.08.08	01:16:53.005	0.86115				2
2024.08.08	01:16:55.764		0.86120			4
2024.08.08	01:16:57.078		0.86121			4
2024.08.08	01:16:58.633		0.86120			4
2024.08.08	01:16:58.939		0.86121			4
2024.08.08	01:16:59.348	0.86116	0.86120			6
2024.08.08	01:17:00.379	0.86116	0.86121			6
2024.08.08	01:17:01.178		0.86120			4
2024.08.08	01:17:02.008	0.86115				2
2024.08.08	01:17:02.376		0.86121			4
2024.08.08	01:17:04.200	0.86117				2
2024.08.08	01:17:06.243	0.86116				2
2024.08.08	01:17:07.050	0.86115				2
2024.08.08	01:17:07.915	0.86116	0.86122			6
2024.08.08	01:17:08.234	0.86117				2
2024.08.08	01:17:09.862		0.86121			4
2024.08.08	01:17:11.017		0.86122			4
2024.08.08	01:17:15.232		0.86123			4
2024.08.08	01:17:15.555	0.86116	0.86122			6
2024.08.08	01:17:20.847	0.86119	0.86125			6
2024.08.08	01:17:21.163	0.86120	0.86127			6
2024.08.08	01:17:22.141		0.86126			4
2024.08.08	01:17:23.208		0.86125			4
2024.08.08	01:17:23.737	0.86119				2
2024.08.08	01:17:24.474		0.86126			4
2024.08.08	01:17:24.950		0.86125			4
2024.08.08	01:17:26.220	0.86120				2
2024.08.08	01:17:26.970		0.86126			4
2024.08.08	01:17:32.326	0.86121				2
2024.08.08	01:17:36.366	0.86120				2
2024.08.08	01:17:38.046		0.86128			4
2024.08.08	01:17:38.907		0.86126			4
2024.08.08	01:17:43.597	0.86122	0.86127			6
2024.08.08	01:17:43.904	0.86123				2
2024.08.08	01:17:46.978	0.86122				2
2024.08.08	01:17:52.952		0.86128			4
2024.08.08	01:17:54.151	0.86123				2
2024.08.08	01:17:56.108		0.86127			4
2024.08.08	01:17:57.168		0.86128			4
2024.08.08	01:18:00.659	0.86123				2
2024.08.08	01:18:01.232		0.86127			4
2024.08.08	01:18:01.564		0.86128			4
2024.08.08	01:18:02.713	0.86122	0.86129			6
2024.08.08	01:18:04.078	0.86123				2
2024.08.08	01:18:04.855		0.86128			4
2024.08.08	01:18:05.418		0.86129			4
2024.08.08	01:18:08.238	0.86122				2
2024.08.08	01:18:08.806	0.86123				2
2024.08.08	01:18:09.155	0.86122				2
2024.08.08	01:18:09.574	0.86123	0.86128			6
2024.08.08	01:18:12.167	0.86124				2
2024.08.08	01:18:12.591	0.86125	0.86130			6
2024.08.08	01:18:12.897		0.86131			4
2024.08.08	01:18:17.560	0.86126				2
2024.08.08	01:18:24.807	0.86124	0.86128			6
2024.08.08	01:18:26.372	0.86125	0.86129			6
2024.08.08	01:18:26.734		0.86128			4
2024.08.08	01:18:27.294	0.86124				2
2024.08.08	01:18:36.261	0.86122	0.86127			6
2024.08.08	01:18:37.990	0.86121				2
2024.08.08	01:18:40.975		0.86126			4
2024.08.08	01:18:42.311		0.86127			4
2024.08.08	01:18:44.568		0.86126			4
2024.08.08	01:18:47.636		0.86128			4
2024.08.08	01:18:56.255	0.86122				2
2024.08.08	01:18:58.303	0.86123	0.86129			6
2024.08.08	01:18:58.662		0.86130			4
2024.08.08	01:19:00.145	0.86123				2
2024.08.08	01:19:10.227		0.86129			4
2024.08.08	01:19:29.521	0.86122				2
2024.08.08	01:19:29.945	0.86121	0.86127			6
2024.08.08	01:19:32.789		0.86126			4
2024.08.08	01:19:35.067		0.86127			4
2024.08.08	01:19:43.952	0.86122				2
2024.08.08	01:19:47.560		0.86128			4
2024.08.08	01:19:47.868	0.86121				2
2024.08.08	01:19:48.299	0.86120				2
2024.08.08	01:19:50.775	0.86121				2
2024.08.08	01:19:54.198		0.86126			4
2024.08.08	01:19:57.304	0.86122				2
2024.08.08	01:19:58.552	0.86121	0.86127			6
2024.08.08	01:19:58.912		0.86126			4
2024.08.08	01:20:00.169	0.86121	0.86127			6
2024.08.08	01:20:02.253	0.86122				2
2024.08.08	01:20:03.271	0.86121				2
2024.08.08	01:20:04.055	0.86122				2
2024.08.08	01:20:05.165		0.86126			4
2024.08.08	01:20:09.558	0.86121				2
2024.08.08	01:20:12.382	0.86120				2
2024.08.08	01:20:14.779	0.86121				2
2024.08.08	01:20:15.230	0.86116	0.86120			6
2024.08.08	01:20:15.626		0.86121			4
2024.08.08	01:20:16.671	0.86115	0.86122			6
2024.08.08	01:20:20.432		0.86121			4
2024.08.08	01:20:20.750	0.86116				2
2024.08.08	01:20:21.587		0.86122			4
2024.08.08	01:20:22.327	0.86115				2
2024.08.08	01:20:22.741		0.86121			4
2024.08.08	01:20:23.813		0.86122			4
2024.08.08	01:20:24.682		0.86121			4
2024.08.08	01:20:25.524	0.86116				2
2024.08.08	01:20:28.529	0.86115				2
2024.08.08	01:20:30.720	0.86116				2
2024.08.08	01:20:34.994	0.86115				2
2024.08.08	01:20:37.050	0.86116				2
2024.08.08	01:20:37.942		0.86122			4
2024.08.08	01:20:38.851		0.86121			4
2024.08.08	01:20:42.354		0.86122			4
2024.08.08	01:20:44.064		0.86121			4
2024.08.08	01:20:44.720	0.86115	0.86122			6
2024.08.08	01:20:46.351	0.86116				2
2024.08.08	01:20:47.605	0.86117	0.86123			6
2024.08.08	01:20:49.917	0.86118				2
2024.08.08	01:20:51.140		0.86124			4
2024.08.08	01:20:52.686	0.86117				2
2024.08.08	01:20:53.612	0.86118				2
2024.08.08	01:21:00.733	0.86118				2
2024.08.08	01:21:01.496	0.86120				2
2024.08.08	01:21:01.860	0.86118				2
2024.08.08	01:21:04.225	0.86113	0.86117			6
2024.08.08	01:21:04.556	0.86112	0.86120			6
2024.08.08	01:21:04.884	0.86113				2
2024.08.08	01:21:05.186		0.86116			4
2024.08.08	01:21:05.496	0.86114				2
2024.08.08	01:21:10.375	0.86112	0.86118			6
2024.08.08	01:21:11.216		0.86117			4
2024.08.08	01:21:11.721		0.86118			4
2024.08.08	01:21:12.646		0.86117			4
2024.08.08	01:21:14.045		0.86118			4
2024.08.08	01:21:18.584	0.86115	0.86121			6
2024.08.08	01:21:18.967		0.86120			4
2024.08.08	01:21:22.952	0.86116				2
2024.08.08	01:21:27.367		0.86119			4
2024.08.08	01:21:28.006		0.86118			4
2024.08.08	01:21:30.371	0.86114	0.86119			6
2024.08.08	01:21:30.693	0.86115				2
2024.08.08	01:21:31.126		0.86118			4
2024.08.08	01:21:32.358		0.86121			4
2024.08.08	01:21:35.374	0.86114				2
2024.08.08	01:21:36.507	0.86115				2
2024.08.08	01:21:39.744	0.86114	0.86122			6
2024.08.08	01:21:44.851	0.86115				2
2024.08.08	01:21:45.495	0.86114	0.86123			6
2024.08.08	01:21:45.800	0.86115				2
2024.08.08	01:21:48.752	0.86116				2
2024.08.08	01:21:51.753	0.86115				2
2024.08.08	01:21:52.777		0.86122			4
2024.08.08	01:21:53.699	0.86116				2
2024.08.08	01:21:55.494	0.86115	0.86121			6
2024.08.08	01:22:02.162	0.86115				2
2024.08.08	01:22:02.513		0.86120			4
2024.08.08	01:22:04.311	0.86101	0.86110			6
2024.08.08	01:22:04.622		0.86109			4
2024.08.08	01:22:08.797	0.86100				2
2024.08.08	01:22:11.435	0.86101				2
2024.08.08	01:22:15.474	0.86100				2
2024.08.08	01:22:19.591	0.86101				2
2024.08.08	01:22:20.641	0.86092	0.86096			6
2024.08.08	01:22:20.945	0.86089	0.86097			6
2024.08.08	01:22:22.927	0.86090				2
2024.08.08	01:22:25.369	0.86091				2
2024.08.08	01:22:26.720	0.86093				2
2024.08.08	01:22:31.116		0.86098			4
2024.08.08	01:22:31.989		0.86097			4
2024.08.08	01:22:34.824		0.86098			4
2024.08.08	01:22:41.299		0.86099			4
2024.08.08	01:22:41.674		0.86098			4
2024.08.08	01:22:42.097	0.86094	0.86097			6
2024.08.08	01:22:42.473	0.86095				2
2024.08.08	01:22:48.448	0.86094				2
2024.08.08	01:22:48.898	0.86095				2
2024.08.08	01:22:50.353	0.86093				2
2024.08.08	01:22:50.939	0.86095				2
2024.08.08	01:22:51.594	0.86094				2
2024.08.08	01:22:51.903	0.86095				2
2024.08.08	01:22:53.206	0.86094	0.86098			6
2024.08.08	01:23:01.319	0.86093				2
2024.08.08	01:23:06.547	0.86094				2
2024.08.08	01:23:07.119	0.86093				2
2024.08.08	01:23:08.419	0.86092				2
2024.08.08	01:23:10.052	0.86094				2
2024.08.08	01:23:11.519		0.86100			4
2024.08.08	01:23:11.961	0.86093				2
2024.08.08	01:23:12.279	0.86094	0.86099			6
2024.08.08	01:23:12.594	0.86093	0.86100			6
2024.08.08	01:23:16.677	0.86094				2
2024.08.08	01:23:19.924	0.86093				2
2024.08.08	01:23:20.761		0.86099			4
2024.08.08	01:23:21.083	0.86092				2
2024.08.08	01:23:21.662	0.86094	0.86100			6
2024.08.08	01:23:21.980	0.86093	0.86099			6
2024.08.08	01:23:22.655	0.86092	0.86100			6
2024.08.08	01:23:23.040	0.86093				2
2024.08.08	01:23:23.427	0.86092				2
2024.08.08	01:23:29.931	0.86093	0.86099			6
2024.08.08	01:23:30.243	0.86092	0.86100			6
2024.08.08	01:23:30.663		0.86099			4
2024.08.08	01:23:39.674	0.86093				2
2024.08.08	01:23:40.051	0.86092				2
2024.08.08	01:23:50.886	0.86093				2
2024.08.08	01:23:54.305	0.86092				2
2024.08.08	01:23:54.999	0.86093				2
2024.08.08	01:23:57.709	0.86094				2
2024.08.08	01:23:59.615	0.86093				2
2024.08.08	01:24:00.881	0.86092				2
2024.08.08	01:24:01.736	0.86093				2
2024.08.08	01:24:07.862	0.86092				2
2024.08.08	01:24:30.688		0.86099			4
2024.08.08	01:24:41.876	0.86093				2
2024.08.08	01:24:42.298	0.86092				2
2024.08.08	01:24:43.561	0.86093				2
2024.08.08	01:24:43.871	0.86092				2
2024.08.08	01:24:44.311	0.86093				2
2024.08.08	01:24:45.261	0.86092				2
2024.08.08	01:24:49.021	0.86093				2
2024.08.08	01:24:51.970	0.86092				2
2024.08.08	01:25:00.456	0.86092				2
2024.08.08	01:25:00.907	0.86096	0.86100			6
2024.08.08	01:25:05.970		0.86101			4
2024.08.08	01:25:06.304	0.86095	0.86100			6
2024.08.08	01:25:06.937	0.86096	0.86101			6
2024.08.08	01:25:07.240	0.86095	0.86100			6
2024.08.08	01:25:08.018	0.86096	0.86102			6
2024.08.08	01:25:08.407		0.86101			4
2024.08.08	01:25:10.845	0.86094	0.86099			6
2024.08.08	01:25:11.191	0.86093				2
2024.08.08	01:25:12.753	0.86090	0.86098			6
2024.08.08	01:25:13.146	0.86091				2
2024.08.08	01:25:15.628	0.86090				2
2024.08.08	01:25:20.552	0.86089				2
2024.08.08	01:25:21.391	0.86091				2
2024.08.08	01:25:22.330	0.86090	0.86097			6
2024.08.08	01:25:31.593		0.86098			4
2024.08.08	01:25:34.176	0.86091				2
2024.08.08	01:25:37.064		0.86097			4
2024.08.08	01:25:38.726		0.86098			4
2024.08.08	01:25:39.046		0.86097			4
2024.08.08	01:25:44.954	0.86090				2
2024.08.08	01:25:48.453	0.86091				2
2024.08.08	01:25:53.931	0.86090	0.86098			6
2024.08.08	01:25:56.579		0.86099			4
2024.08.08	01:25:57.715	0.86091				2
2024.08.08	01:25:58.721		0.86098			4
2024.08.08	01:26:00.563	0.86091				2
2024.08.08	01:26:04.596		0.86099			4
2024.08.08	01:26:05.178	0.86090				2
2024.08.08	01:26:05.775	0.86091				2
2024.08.08	01:26:17.696	0.86090	0.86095			6
2024.08.08	01:26:29.628		0.86096			4
2024.08.08	01:26:31.161	0.86091				2
2024.08.08	01:26:47.589		0.86097			4
2024.08.08	01:26:59.605	0.86090				2
2024.08.08	01:27:00.601	0.86091	0.86098			6
2024.08.08	01:27:05.696		0.86097			4
2024.08.08	01:27:07.055	0.86092				2
2024.08.08	01:27:07.392	0.86091				2
2024.08.08	01:27:07.711	0.86092	0.86098			6
2024.08.08	01:27:08.474		0.86100			4
2024.08.08	01:27:11.452	0.86093	0.86101			6
2024.08.08	01:27:11.756	0.86092	0.86100			6
2024.08.08	01:27:13.782	0.86091	0.86099			6
2024.08.08	01:27:14.128	0.86094	0.86101			6
2024.08.08	01:27:21.514		0.86100			4
2024.08.08	01:27:25.011	0.86093				2
2024.08.08	01:27:34.480		0.86101			4
2024.08.08	01:27:34.787		0.86100			4
2024.08.08	01:27:35.101		0.86101			4
2024.08.08	01:27:35.402	0.86091	0.86096			6
2024.08.08	01:27:36.995		0.86095			4
2024.08.08	01:27:45.194	0.86090	0.86094			6
2024.08.08	01:27:58.407	0.86091	0.86095			6
2024.08.08	01:27:58.720	0.86089	0.86096			6
2024.08.08	01:28:00.374	0.86089				2
2024.08.08	01:28:16.227	0.86091	0.86097			6
2024.08.08	01:28:16.570	0.86090				2
2024.08.08	01:28:26.248	0.86091	0.86099			6
2024.08.08	01:28:26.563	0.86090	0.86098			6
2024.08.08	01:28:26.968		0.86099			4
2024.08.08	01:28:28.915	0.86091				2
2024.08.08	01:28:34.598		0.86096			4
2024.08.08	01:28:36.988	0.86090				2
2024.08.08	01:28:41.600	0.86091	0.86098			6
2024.08.08	01:28:42.451		0.86099			4
2024.08.08	01:28:45.056	0.86092				2
2024.08.08	01:28:45.376	0.86091				2
2024.08.08	01:28:51.533	0.86092	0.86100			6
2024.08.08	01:28:53.473	0.86091	0.86099			6
2024.08.08	01:28:57.619	0.86092	0.86100			6
2024.08.08	01:28:57.922	0.86091	0.86098			6
2024.08.08	01:29:00.788	0.86091				2
2024.08.08	01:29:03.273	0.86089				2
2024.08.08	01:29:04.481		0.86096			4
2024.08.08	01:29:05.491		0.86098			4
2024.08.08	01:29:06.016	0.86092				2
2024.08.08	01:29:06.347	0.86091				2
2024.08.08	01:29:08.737	0.86089	0.86096			6
2024.08.08	01:29:09.911	0.86091	0.86098			6
2024.08.08	01:29:10.234	0.86090				2
2024.08.08	01:29:13.012	0.86089				2
2024.08.08	01:29:14.539		0.86096			4
2024.08.08	01:29:16.441	0.86090	0.86100			6
2024.08.08	01:29:16.777		0.86099			4
2024.08.08	01:29:21.422		0.86098			4
2024.08.08	01:29:22.224		0.86100			4
2024.08.08	01:29:23.656		0.86099			4
2024.08.08	01:29:28.401		0.86098			4
2024.08.08	01:29:29.054		0.86100			4
2024.08.08	01:29:39.287	0.86089	0.86098			6
2024.08.08	01:29:44.590	0.86090	0.86100			6
2024.08.08	01:29:44.932	0.86089	0.86098			6
2024.08.08	01:29:46.789	0.86090	0.86100			6
2024.08.08	01:29:48.276		0.86096			4
2024.08.08	01:29:48.582	0.86086	0.86092			6
2024.08.08	01:29:50.358	0.86085				2
2024.08.08	01:29:54.195	0.86086	0.86093			6
2024.08.08	01:30:00.310	0.86088				2
2024.08.08	01:30:00.624	0.86087				2
2024.08.08	01:30:01.512	0.86090				2
2024.08.08	01:30:02.266	0.86091	0.86095			6
2024.08.08	01:30:02.593	0.86088	0.86094			6
2024.08.08	01:30:02.947		0.86093			4
2024.08.08	01:30:03.757	0.86086				2
2024.08.08	01:30:04.275		0.86094			4
2024.08.08	01:30:07.327	0.86090				2
2024.08.08	01:30:09.723	0.86092	0.86096			6
2024.08.08	01:30:21.318	0.86093				2
2024.08.08	01:30:30.067		0.86094			4
2024.08.08	01:30:30.397		0.86096			4
2024.08.08	01:30:31.356	0.86094				2
2024.08.08	01:30:35.787		0.86098			4
2024.08.08	01:30:41.393		0.86097			4
2024.08.08	01:30:43.357		0.86098			4
2024.08.08	01:30:43.666	0.86095	0.86096			6
2024.08.08	01:30:44.519	0.86094	0.86097			6
2024.08.08	01:30:45.271	0.86090	0.86093			6
2024.08.08	01:30:46.671		0.86094			4
2024.08.08	01:30:46.983	0.86083	0.86088			6
2024.08.08	01:30:47.286	0.86084				2
2024.08.08	01:30:48.053	0.86083				2
2024.08.08	01:30:49.414	0.86084	0.86089			6
2024.08.08	01:30:52.499	0.86085				2
2024.08.08	01:30:56.267	0.86083				2
2024.08.08	01:30:56.957		0.86088			4
2024.08.08	01:31:00.248	0.86083				2
2024.08.08	01:31:02.304		0.86089			4
2024.08.08	01:31:04.733	0.86084	0.86088			6
2024.08.08	01:31:19.239	0.86083				2
2024.08.08	01:31:20.561		0.86087			4
2024.08.08	01:31:20.872	0.86084				2
2024.08.08	01:31:27.817	0.86083				2
2024.08.08	01:31:30.767	0.86084				2
2024.08.08	01:31:32.339	0.86080	0.86085			6
2024.08.08	01:31:32.679	0.86079				2
2024.08.08	01:31:33.007	0.86080				2
2024.08.08	01:31:33.574	0.86079				2
2024.08.08	01:31:34.567	0.86082	0.86086			6
2024.08.08	01:31:34.944		0.86087			4
2024.08.08	01:31:41.047		0.86086			4
2024.08.08	01:31:45.604	0.86080				2
2024.08.08	01:31:48.368	0.86081				2
2024.08.08	01:31:48.683		0.86087			4
2024.08.08	01:31:49.929		0.86086			4
2024.08.08	01:31:53.571	0.86080				2
2024.08.08	01:31:54.275	0.86081				2
2024.08.08	01:31:58.552	0.86080				2
2024.08.08	01:32:00.308	0.86080				2
2024.08.08	01:32:00.611	0.86083	0.86088			6
2024.08.08	01:32:00.923		0.86087			4
2024.08.08	01:32:01.350	0.86081				2
2024.08.08	01:32:01.665	0.86083				2
2024.08.08	01:32:03.293	0.86084				2
2024.08.08	01:32:05.707	0.86083	0.86088			6
2024.08.08	01:32:06.629	0.86082				2
2024.08.08	01:32:10.620		0.86087			4
2024.08.08	01:32:18.094	0.86083				2
2024.08.08	01:32:24.042	0.86084				2
2024.08.08	01:32:27.305	0.86085	0.86088			6
2024.08.08	01:32:30.397	0.86083	0.86087			6
2024.08.08	01:32:45.961	0.86081				2
2024.08.08	01:32:50.445	0.86082				2
2024.08.08	01:32:52.954	0.86083				2
2024.08.08	01:33:00.405	0.86082				2
2024.08.08	01:33:01.139	0.86083				2
2024.08.08	01:33:02.403	0.86082				2
2024.08.08	01:33:02.910	0.86083				2
2024.08.08	01:33:10.625		0.86088			4
2024.08.08	01:33:11.037		0.86087			4
2024.08.08	01:33:12.005		0.86088			4
2024.08.08	01:33:20.620		0.86087			4
2024.08.08	01:33:21.211	0.86084				2
2024.08.08	01:33:25.913	0.86082				2
2024.08.08	01:33:31.488		0.86088			4
2024.08.08	01:33:32.511	0.86085	0.86087			6
2024.08.08	01:33:37.753	0.86084				2
2024.08.08	01:33:38.670	0.86085				2
2024.08.08	01:33:39.005		0.86088			4
2024.08.08	01:33:43.648	0.86087	0.86091			6
2024.08.08	01:33:46.746	0.86088	0.86090			6
2024.08.08	01:33:53.407	0.86084				2
2024.08.08	01:33:56.785		0.86089			4
2024.08.08	01:34:00.401	0.86084				2
2024.08.08	01:34:01.707		0.86088			4
2024.08.08	01:34:03.248	0.86082				2
2024.08.08	01:34:09.438		0.86089			4
2024.08.08	01:34:12.739	0.86083	0.86087			6
2024.08.08	01:34:15.041	0.86085				2
2024.08.08	01:34:15.396	0.86084				2
2024.08.08	01:34:18.486	0.86083				2
2024.08.08	01:34:18.925	0.86084	0.86086			6
2024.08.08	01:34:19.614		0.86087			4
2024.08.08	01:34:28.692		0.86086			4
2024.08.08	01:34:34.210	0.86082	0.86088			6
2024.08.08	01:34:45.918	0.86081				2
2024.08.08	01:34:49.486	0.86083				2
2024.08.08	01:34:49.944	0.86082				2
2024.08.08	01:34:50.415	0.86083				2
2024.08.08	01:34:51.417	0.86082				2
2024.08.08	01:34:51.931	0.86083				2
2024.08.08	01:34:52.415	0.86082				2
2024.08.08	01:34:53.079		0.86089			4
2024.08.08	01:34:54.826		0.86088			4
2024.08.08	01:35:00.225	0.86081				2
2024.08.08	01:35:05.018		0.86089			4
2024.08.08	01:35:05.415	0.86082				2
2024.08.08	01:35:06.951		0.86088			4
2024.08.08	01:35:07.417		0.86089			4
2024.08.08	01:35:07.767	0.86081				2
2024.08.08	01:35:08.415	0.86082				2
2024.08.08	01:35:10.628		0.86088			4
2024.08.08	01:35:11.165	0.86083				2
2024.08.08	01:35:16.083	0.86084	0.86087			6
2024.08.08	01:35:26.297	0.86085				2
2024.08.08	01:35:27.209		0.86089			4
2024.08.08	01:35:36.354		0.86088			4
2024.08.08	01:35:38.452	0.86086	0.86089			6
2024.08.08	01:35:49.155		0.86088			4
2024.08.08	01:35:49.465		0.86089			4
2024.08.08	01:35:59.203	0.86087				2
2024.08.08	01:36:00.370	0.86087				2
2024.08.08	01:36:04.111	0.86090	0.86093			6
2024.08.08	01:36:05.350	0.86091				2
2024.08.08	01:36:13.176	0.86090	0.86092			6
2024.08.08	01:36:13.485	0.86089				2
2024.08.08	01:36:20.286		0.86091			4
2024.08.08	01:36:34.392	0.86090				2
2024.08.08	01:36:36.754	0.86089	0.86092			6
2024.08.08	01:36:39.099		0.86091			4
2024.08.08	01:36:40.574		0.86092			4
2024.08.08	01:36:43.284		0.86091			4
2024.08.08	01:36:46.118		0.86092			4
2024.08.08	01:36:46.461	0.86090	0.86093			6
2024.08.08	01:36:51.089		0.86092			4
2024.08.08	01:37:00.364	0.86090				2
2024.08.08	01:37:08.259	0.86091	0.86094			6
2024.08.08	01:37:12.479		0.86093			4
2024.08.08	01:37:17.731	0.86090				2
2024.08.08	01:37:24.609	0.86091				2
2024.08.08	01:37:42.099		0.86092			4
2024.08.08	01:37:48.143		0.86094			4
2024.08.08	01:37:58.291		0.86095			4
2024.08.08	01:37:58.848		0.86094			4
2024.08.08	01:38:00.405	0.86093	0.86099			6
2024.08.08	01:38:00.805		0.86100			4
2024.08.08	01:38:01.361	0.86096	0.86097			6
2024.08.08	01:38:06.820		0.86098			4
2024.08.08	01:38:16.164		0.86099			4
2024.08.08	01:38:16.536		0.86098			4
2024.08.08	01:38:28.469		0.86097			4
2024.08.08	01:38:30.951		0.86098			4
2024.08.08	01:38:35.749		0.86097			4
2024.08.08	01:38:36.170		0.86098			4
2024.08.08	01:38:37.256		0.86097			4
2024.08.08	01:38:37.808		0.86098			4
2024.08.08	01:38:38.252		0.86100			4
2024.08.08	01:38:45.511		0.86099			4
2024.08.08	01:38:46.949		0.86101			4
2024.08.08	01:38:49.052	0.86095	0.86099			6
2024.08.08	01:38:52.545	0.86096	0.86101			6
2024.08.08	01:38:53.270	0.86094	0.86099			6
2024.08.08	01:38:54.128	0.86095	0.86100			6
2024.08.08	01:38:54.693	0.86094	0.86099			6
2024.08.08	01:38:55.106		0.86098			4
2024.08.08	01:38:56.212	0.86095				2
2024.08.08	01:39:01.004	0.86094				2
2024.08.08	01:39:01.620	0.86095				2
2024.08.08	01:39:02.355		0.86099			4
2024.08.08	01:39:05.611	0.86096	0.86100			6
2024.08.08	01:39:12.205	0.86094	0.86098			6
2024.08.08	01:39:12.947		0.86097			4
2024.08.08	01:39:23.188	0.86093				2
2024.08.08	01:39:47.168		0.86096			4
2024.08.08	01:39:49.327		0.86098			4
2024.08.08	01:39:52.281	0.86094				2
2024.08.08	01:39:58.152		0.86096			4
2024.08.08	01:40:00.255	0.86096	0.86097			6
2024.08.08	01:40:06.778	0.86097	0.86098			6
2024.08.08	01:40:07.522		0.86099			4
2024.08.08	01:40:08.170		0.86098			4
2024.08.08	01:40:17.376		0.86099			4
2024.08.08	01:40:22.341	0.86098				2
2024.08.08	01:40:22.977		0.86100			4
2024.08.08	01:40:23.402		0.86099			4
2024.08.08	01:40:25.437		0.86101			4
2024.08.08	01:40:26.814		0.86100			4
2024.08.08	01:40:27.508	0.86095	0.86096			6
2024.08.08	01:40:33.324	0.86094	0.86095			6
2024.08.08	01:40:34.756	0.86096	0.86100			6
2024.08.08	01:40:35.061	0.86094	0.86099			6
2024.08.08	01:40:37.805	0.86095	0.86096			6
2024.08.08	01:40:49.964		0.86098			4
2024.08.08	01:40:58.944	0.86097	0.86100			6
2024.08.08	01:40:59.750	0.86096	0.86099			6
2024.08.08	01:41:00.147	0.86095	0.86098			6
2024.08.08	01:41:00.449		0.86096			4
2024.08.08	01:41:05.692		0.86097			4
2024.08.08	01:41:06.563		0.86096			4
2024.08.08	01:41:19.522	0.86096	0.86097			6
2024.08.08	01:41:20.365	0.86095	0.86096			6
2024.08.08	01:41:26.184	0.86097	0.86098			6
2024.08.08	01:41:43.487	0.86098	0.86099			6
2024.08.08	01:41:52.661	0.86097				2
2024.08.08	01:41:52.978		0.86100			4
2024.08.08	01:41:57.218	0.86095	0.86099			6
2024.08.08	01:41:59.747	0.86096				2
2024.08.08	01:42:00.290	0.86096	0.86101			6
2024.08.08	01:42:01.158	0.86097	0.86100			6
2024.08.08	01:42:02.043	0.86096	0.86102			6
2024.08.08	01:42:02.362		0.86100			4
2024.08.08	01:42:05.458	0.86099	0.86102			6
2024.08.08	01:42:05.763		0.86103			4
2024.08.08	01:42:06.881		0.86102			4
2024.08.08	01:42:07.379	0.86098				2
2024.08.08	01:42:08.726		0.86101			4
2024.08.08	01:42:11.946		0.86102			4
2024.08.08	01:42:14.491		0.86101			4
2024.08.08	01:42:20.467		0.86100			4
2024.08.08	01:42:20.784	0.86097	0.86099			6
2024.08.08	01:42:22.140		0.86100			4
2024.08.08	01:42:29.203	0.86098				2
2024.08.08	01:42:31.261		0.86102			4
2024.08.08	01:42:32.962		0.86101			4
2024.08.08	01:42:37.133		0.86102			4
2024.08.08	01:42:41.942		0.86101			4
2024.08.08	01:42:44.852	0.86100				2
2024.08.08	01:42:45.161	0.86098	0.86100			6
2024.08.08	01:42:54.441	0.86095				2
2024.08.08	01:42:55.147		0.86099			4
2024.08.08	01:42:59.849		0.86097			4
2024.08.08	01:43:00.205	0.86095				2
2024.08.08	01:43:08.705		0.86098			4
2024.08.08	01:43:14.854		0.86097			4
2024.08.08	01:43:22.627	0.86099	0.86103			6
2024.08.08	01:43:23.266	0.86098	0.86102			6
2024.08.08	01:43:23.633		0.86101			4
2024.08.08	01:43:35.724		0.86102			4
2024.08.08	01:43:36.420	0.86099				2
2024.08.08	01:43:46.523		0.86103			4
2024.08.08	01:43:47.081		0.86102			4
2024.08.08	01:43:52.166		0.86103			4
2024.08.08	01:43:52.577		0.86102			4
2024.08.08	01:43:55.066		0.86103			4
2024.08.08	01:44:01.524	0.86099				2
2024.08.08	01:44:03.482		0.86104			4
2024.08.08	01:44:04.188		0.86106			4
2024.08.08	01:44:04.503	0.86102	0.86109			6
2024.08.08	01:44:04.808		0.86108			4
2024.08.08	01:44:05.121	0.86103	0.86107			6
2024.08.08	01:44:10.453	0.86104	0.86108			6
2024.08.08	01:44:11.201	0.86103				2
2024.08.08	01:44:12.615		0.86106			4
2024.08.08	01:44:15.187	0.86102	0.86107			6
2024.08.08	01:44:17.242		0.86106			4
2024.08.08	01:44:18.490	0.86103				2
2024.08.08	01:44:18.801	0.86102				2
2024.08.08	01:44:28.045	0.86103				2
2024.08.08	01:44:29.187	0.86102				2
2024.08.08	01:44:33.045	0.86103				2
2024.08.08	01:44:37.217	0.86104				2
2024.08.08	01:44:37.565	0.86103				2
2024.08.08	01:44:46.673	0.86104				2
2024.08.08	01:44:47.053	0.86103				2
2024.08.08	01:44:48.435	0.86104				2
2024.08.08	01:44:57.733		0.86108			4
2024.08.08	01:45:00.311	0.86104	0.86107			6
2024.08.08	01:45:03.740		0.86106			4
2024.08.08	01:45:16.269		0.86107			4
2024.08.08	01:45:17.548		0.86106			4
2024.08.08	01:45:25.189	0.86103	0.86107			6
2024.08.08	01:45:33.901	0.86104				2
2024.08.08	01:45:42.060		0.86108			4
2024.08.08	01:45:45.663		0.86107			4
2024.08.08	01:45:48.331	0.86103	0.86108			6
2024.08.08	01:45:50.131		0.86107			4
2024.08.08	01:45:52.712		0.86106			4
2024.08.08	01:46:00.308	0.86103				2
2024.08.08	01:46:05.622	0.86104				2
2024.08.08	01:46:09.074		0.86107			4
2024.08.08	01:46:11.233	0.86103				2
2024.08.08	01:46:17.243	0.86101	0.86106			6
2024.08.08	01:46:17.611	0.86100				2
2024.08.08	01:46:28.137	0.86102				2
2024.08.08	01:46:37.676	0.86101				2
2024.08.08	01:46:38.107	0.86102				2
2024.08.08	01:47:00.121	0.86102				2
2024.08.08	01:47:01.249	0.86103				2
2024.08.08	01:47:12.040	0.86104				2
2024.08.08	01:47:18.750		0.86106			4
2024.08.08	01:47:45.232	0.86101				2
2024.08.08	01:47:53.306	0.86107	0.86108			6
2024.08.08	01:47:55.659	0.86108	0.86111			6
2024.08.08	01:47:57.357		0.86112			4
2024.08.08	01:48:00.397	0.86108				2
2024.08.08	01:48:10.701	0.86105	0.86114			6
2024.08.08	01:48:11.004	0.86110	0.86113			6
2024.08.08	01:48:15.184	0.86111	0.86112			6
2024.08.08	01:48:21.909		0.86114			4
2024.08.08	01:48:22.683		0.86115			4
2024.08.08	01:48:23.173	0.86112	0.86113			6
2024.08.08	01:48:29.145		0.86114			4
2024.08.08	01:48:31.796	0.86111				2
2024.08.08	01:48:33.261		0.86113			4
2024.08.08	01:48:33.834	0.86115	0.86118			6
2024.08.08	01:48:34.162	0.86116				2
2024.08.08	01:48:49.533		0.86119			4
2024.08.08	01:48:49.919	0.86117				2
2024.08.08	01:48:52.291	0.86116				2
2024.08.08	01:48:54.646	0.86117				2
2024.08.08	01:48:54.976		0.86120			4
2024.08.08	01:48:55.775	0.86116	0.86119			6
2024.08.08	01:48:56.083	0.86117				2
2024.08.08	01:49:00.236	0.86117				2
2024.08.08	01:49:01.393	0.86119	0.86120			6
2024.08.08	01:49:06.087	0.86120	0.86121			6
2024.08.08	01:49:20.219		0.86122			4
2024.08.08	01:49:24.089		0.86121			4
2024.08.08	01:49:24.574	0.86121	0.86122			6
2024.08.08	01:49:29.872	0.86122	0.86123			6
2024.08.08	01:49:36.429	0.86121	0.86122			6
2024.08.08	01:49:36.797	0.86122	0.86123			6
2024.08.08	01:49:41.279	0.86121	0.86122			6
2024.08.08	01:49:44.282	0.86120	0.86123			6
2024.08.08	01:49:44.648		0.86124			4
2024.08.08	01:49:49.055		0.86123			4
2024.08.08	01:49:53.127	0.86125	0.86129			6
2024.08.08	01:49:53.805	0.86126	0.86131			6
2024.08.08	01:49:54.106		0.86129			4
2024.08.08	01:50:00.108	0.86126				2
2024.08.08	01:50:00.466	0.86127	0.86128			6
2024.08.08	01:50:03.752		0.86129			4
2024.08.08	01:50:04.256		0.86128			4
2024.08.08	01:50:05.511		0.86129			4
2024.08.08	01:50:06.087	0.86128				2
2024.08.08	01:50:07.051	0.86124	0.86125			6
2024.08.08	01:50:07.360	0.86123				2
2024.08.08	01:50:08.243		0.86126			4
2024.08.08	01:50:10.658	0.86132	0.86137			6
2024.08.08	01:50:10.976	0.86133	0.86135			6
2024.08.08	01:50:11.631		0.86136			4
2024.08.08	01:50:15.649	0.86134				2
2024.08.08	01:50:16.371	0.86135				2
2024.08.08	01:50:18.116		0.86137			4
2024.08.08	01:50:20.201	0.86136				2
2024.08.08	01:50:23.710	0.86129	0.86134			6
2024.08.08	01:50:24.422		0.86135			4
2024.08.08	01:50:24.750		0.86134			4
2024.08.08	01:50:41.523	0.86130				2
2024.08.08	01:50:44.474	0.86129				2
2024.08.08	01:50:54.033	0.86130				2
2024.08.08	01:50:59.270	0.86131				2
2024.08.08	01:51:01.578	0.86136	0.86137			6
2024.08.08	01:51:02.251	0.86135	0.86136			6
2024.08.08	01:51:06.079	0.86134	0.86135			6
2024.08.08	01:51:08.150	0.86133	0.86134			6
2024.08.08	01:51:08.466	0.86132	0.86133			6
2024.08.08	01:51:15.572	0.86130				2
2024.08.08	01:51:16.395	0.86131				2
2024.08.08	01:51:17.236	0.86132	0.86135			6
2024.08.08	01:51:17.552	0.86133				2
2024.08.08	01:51:20.719	0.86131	0.86132			6
2024.08.08	01:51:29.132		0.86133			4
2024.08.08	01:51:30.556		0.86132			4
2024.08.08	01:51:58.407	0.86133	0.86134			6
2024.08.08	01:52:00.503	0.86133				2
2024.08.08	01:52:09.488	0.86129	0.86131			6
2024.08.08	01:52:09.804		0.86130			4
2024.08.08	01:52:18.359		0.86131			4
2024.08.08	01:52:35.203		0.86132			4
2024.08.08	01:52:35.533		0.86131			4
2024.08.08	01:52:50.282		0.86130			4
2024.08.08	01:52:53.598		0.86131			4
2024.08.08	01:52:57.388		0.86130			4
2024.08.08	01:52:57.788		0.86131			4
2024.08.08	01:53:00.423	0.86129				2
2024.08.08	01:53:05.129		0.86130			4
2024.08.08	01:53:06.022	0.86128				2
2024.08.08	01:53:06.339		0.86129			4
2024.08.08	01:53:09.061		0.86130			4
2024.08.08	01:53:13.973	0.86129	0.86131			6
2024.08.08	01:53:14.661		0.86130			4
2024.08.08	01:53:16.054	0.86126				2
2024.08.08	01:53:16.682	0.86125	0.86129			6
2024.08.08	01:53:17.584	0.86126	0.86127			6
2024.08.08	01:53:26.759	0.86125				2
2024.08.08	01:53:40.635	0.86128	0.86129			6
2024.08.08	01:54:00.023	0.86128				2
2024.08.08	01:54:15.270	0.86126	0.86127			6
2024.08.08	01:54:58.483	0.86128	0.86129			6
2024.08.08	01:55:00.250	0.86126	0.86127			6
2024.08.08	01:55:07.262	0.86125				2
2024.08.08	01:55:08.026	0.86127	0.86128			6
2024.08.08	01:55:09.040	0.86126	0.86127			6
2024.08.08	01:55:19.959	0.86127	0.86128			6
2024.08.08	01:55:25.876	0.86125	0.86127			6
2024.08.08	01:55:26.230	0.86126				2
2024.08.08	01:55:26.713	0.86128	0.86129			6
2024.08.08	01:55:27.341	0.86125	0.86127			6
2024.08.08	01:55:32.251	0.86127	0.86128			6
2024.08.08	01:55:32.652	0.86126	0.86127			6
2024.08.08	01:55:36.838	0.86125				2
2024.08.08	01:55:58.058	0.86128	0.86129			6
2024.08.08	01:56:00.016	0.86128				2
2024.08.08	01:56:18.810	0.86127	0.86128			6
2024.08.08	01:56:28.241	0.86128	0.86129			6
2024.08.08	01:56:28.875	0.86129	0.86130			6
2024.08.08	01:56:38.308	0.86126	0.86127			6
2024.08.08	01:56:39.453	0.86127	0.86131			6
2024.08.08	01:56:40.246		0.86129			4
2024.08.08	01:56:40.563		0.86131			4
2024.08.08	01:56:46.785	0.86130	0.86132			6
2024.08.08	01:56:48.385	0.86131				2
2024.08.08	01:57:00.227	0.86131				2
2024.08.08	01:57:01.309	0.86132	0.86133			6
2024.08.08	01:57:13.662	0.86131	0.86132			6
2024.08.08	01:57:16.803	0.86132	0.86133			6
2024.08.08	01:57:40.386	0.86131	0.86132			6
2024.08.08	01:57:40.693		0.86133			4
2024.08.08	01:57:41.521		0.86132			4
2024.08.08	01:57:45.940		0.86133			4
2024.08.08	01:57:46.498	0.86133	0.86134			6
2024.08.08	01:58:00.103	0.86133				2
2024.08.08	01:58:00.746	0.86132	0.86133			6
2024.08.08	01:58:05.635	0.86133	0.86134			6
2024.08.08	01:58:07.753	0.86135	0.86136			6
2024.08.08	01:58:12.861		0.86137			4
2024.08.08	01:58:16.837		0.86136			4
2024.08.08	01:58:20.673	0.86136	0.86137			6
2024.08.08	01:58:33.893	0.86135	0.86136			6
2024.08.08	01:58:39.134	0.86136	0.86137			6
2024.08.08	01:58:58.592	0.86137	0.86138			6
2024.08.08	01:59:00.374	0.86137				2
2024.08.08	01:59:00.921	0.86136	0.86137			6
2024.08.08	01:59:21.672	0.86137	0.86138			6
2024.08.08	01:59:22.689	0.86136	0.86137			6
2024.08.08	01:59:46.130	0.86137	0.86138			6
2024.08.08	01:59:52.804	0.86138	0.86139			6
2024.08.08	02:00:00.073	0.86138				2
2024.08.08	02:00:05.981	0.86137	0.86140			6
2024.08.08	02:00:07.097		0.86139			4
2024.08.08	02:00:08.032	0.86136				2
2024.08.08	02:00:30.771	0.86139	0.86140			6
2024.08.08	02:00:39.763	0.86140	0.86141			6
2024.08.08	02:00:44.166	0.86144	0.86146			6
2024.08.08	02:00:47.851		0.86145			4
2024.08.08	02:00:48.466	0.86143				2
2024.08.08	02:00:49.638	0.86147	0.86148			6
2024.08.08	02:01:01.401	0.86147	0.86151			6
2024.08.08	02:01:03.192	0.86146	0.86147			6
2024.08.08	02:01:08.376		0.86148			4
2024.08.08	02:01:08.721		0.86147			4
2024.08.08	02:01:10.691		0.86148			4
2024.08.08	02:01:14.300		0.86147			4
2024.08.08	02:01:20.236	0.86145				2
2024.08.08	02:01:21.597	0.86146				2
2024.08.08	02:01:21.915	0.86145				2
2024.08.08	02:01:22.898	0.86146				2
2024.08.08	02:01:25.480	0.86145				2
2024.08.08	02:01:25.785	0.86146				2
2024.08.08	02:01:28.459	0.86144	0.86149			6
2024.08.08	02:01:28.785	0.86145				2
2024.08.08	02:01:30.694	0.86146	0.86147			6
2024.08.08	02:01:31.006	0.86147	0.86148			6
2024.08.08	02:01:36.533	0.86141	0.86142			6
2024.08.08	02:01:44.927	0.86143	0.86144			6
2024.08.08	02:01:45.463		0.86147			4
2024.08.08	02:01:45.775		0.86144			4
2024.08.08	02:01:49.070	0.86140	0.86142			6
2024.08.08	02:01:59.828	0.86141				2
2024.08.08	02:02:00.152	0.86141				2
2024.08.08	02:02:02.258	0.86143	0.86144			6
2024.08.08	02:02:02.767	0.86141	0.86142			6
2024.08.08	02:02:04.710	0.86143	0.86144			6
2024.08.08	02:02:07.627	0.86142	0.86143			6
2024.08.08	02:02:09.455	0.86143	0.86144			6
2024.08.08	02:02:16.306		0.86145			4
2024.08.08	02:02:16.809		0.86144			4
2024.08.08	02:02:26.671		0.86145			4
2024.08.08	02:02:29.546		0.86144			4
2024.08.08	02:02:37.277	0.86144	0.86145			6
2024.08.08	02:02:52.402	0.86142	0.86143			6
2024.08.08	02:02:52.723	0.86143	0.86144			6
2024.08.08	02:03:00.277	0.86143				2
2024.08.08	02:03:45.000		0.86146			4
2024.08.08	02:03:45.300		0.86144			4
2024.08.08	02:04:00.611	0.86143				2
2024.08.08	02:04:21.507		0.86145			4
2024.08.08	02:04:22.735		0.86144			4
2024.08.08	02:04:42.986	0.86144	0.86146			6
2024.08.08	02:04:43.294	0.86141	0.86142			6
2024.08.08	02:04:43.603	0.86142	0.86143			6
2024.08.08	02:04:52.879	0.86144	0.86146			6
2024.08.08	02:04:53.227		0.86147			4
2024.08.08	02:04:58.654		0.86146			4
2024.08.08	02:05:00.338	0.86144				2
2024.08.08	02:05:02.314		0.86147			4
2024.08.08	02:05:16.161	0.86146	0.86148			6
2024.08.08	02:05:17.228	0.86144				2
2024.08.08	02:05:31.895		0.86146			4
2024.08.08	02:05:54.416	0.86148	0.86149			6
2024.08.08	02:05:55.512		0.86150			4
2024.08.08	02:06:02.715	0.86148				2
2024.08.08	02:06:11.956	0.86149	0.86152			6
2024.08.08	02:06:12.277	0.86148	0.86153			6
2024.08.08	02:06:12.640	0.86150	0.86152			6
2024.08.08	02:06:13.414		0.86153			4
2024.08.08	02:06:21.409	0.86148	0.86152			6
2024.08.08	02:06:31.331		0.86150			4
2024.08.08	02:06:32.081		0.86151			4
2024.08.08	02:06:35.342		0.86152			4
2024.08.08	02:06:36.162	0.86149				2
2024.08.08	02:06:41.544	0.86151	0.86154			6
2024.08.08	02:06:51.843		0.86155			4
2024.08.08	02:06:58.870	0.86149	0.86152			6
2024.08.08	02:06:59.184		0.86151			4
2024.08.08	02:07:00.038	0.86149				2
2024.08.08	02:07:01.263	0.86148	0.86153			6
2024.08.08	02:07:04.006	0.86150	0.86154			6
2024.08.08	02:07:06.469	0.86151	0.86155			6
2024.08.08	02:07:14.808	0.86149	0.86154			6
2024.08.08	02:07:15.151	0.86150	0.86153			6
2024.08.08	02:07:18.244	0.86148	0.86154			6
2024.08.08	02:07:19.812	0.86147				2
2024.08.08	02:07:20.375	0.86148				2
2024.08.08	02:07:33.810		0.86153			4
2024.08.08	02:07:35.340		0.86151			4
2024.08.08	02:07:37.380	0.86146	0.86149			6
2024.08.08	02:07:38.416	0.86145				2
2024.08.08	02:07:48.929		0.86150			4
2024.08.08	02:07:49.244	0.86146				2
2024.08.08	02:07:49.915		0.86152			4
2024.08.08	02:07:50.664		0.86151			4
2024.08.08	02:07:51.451		0.86152			4
2024.08.08	02:07:52.376	0.86147				2
2024.08.08	02:07:52.730		0.86151			4
2024.08.08	02:07:53.203	0.86148				2
2024.08.08	02:07:56.287	0.86147	0.86152			6
2024.08.08	02:07:57.376	0.86148				2
2024.08.08	02:07:57.763	0.86149				2
2024.08.08	02:08:00.645	0.86149				2
2024.08.08	02:08:03.174	0.86148				2
2024.08.08	02:08:15.257	0.86149				2
2024.08.08	02:08:15.583	0.86148				2
2024.08.08	02:08:15.885	0.86150				2
2024.08.08	02:08:22.249	0.86149				2
2024.08.08	02:08:23.969	0.86150				2
2024.08.08	02:08:29.036	0.86149				2
2024.08.08	02:08:29.822	0.86150				2
2024.08.08	02:08:43.479	0.86149				2
2024.08.08	02:08:44.804	0.86148				2
2024.08.08	02:08:47.377	0.86149				2
2024.08.08	02:08:48.456	0.86148				2
2024.08.08	02:08:49.656	0.86149				2
2024.08.08	02:08:52.581	0.86150				2
2024.08.08	02:08:56.359		0.86152			4
2024.08.08	02:08:59.101	0.86151	0.86154			6
2024.08.08	02:08:59.412	0.86150				2
2024.08.08	02:09:00.182	0.86150				2
2024.08.08	02:09:02.457		0.86153			4
2024.08.08	02:09:03.422		0.86152			4
2024.08.08	02:09:03.725	0.86148	0.86150			6
2024.08.08	02:09:04.942	0.86147	0.86151			6
2024.08.08	02:09:05.322	0.86146	0.86150			6
2024.08.08	02:09:06.347		0.86151			4
2024.08.08	02:09:08.872		0.86150			4
2024.08.08	02:09:10.633		0.86151			4
2024.08.08	02:09:12.627		0.86149			4
2024.08.08	02:09:13.022		0.86151			4
2024.08.08	02:09:13.565		0.86149			4
2024.08.08	02:09:14.788		0.86152			4
2024.08.08	02:09:17.120		0.86149			4
2024.08.08	02:09:18.590		0.86150			4
2024.08.08	02:09:19.412		0.86149			4
2024.08.08	02:09:20.899	0.86147				2
2024.08.08	02:09:21.785	0.86144	0.86150			6
2024.08.08	02:09:24.678	0.86146	0.86149			6
2024.08.08	02:09:26.147		0.86151			4
2024.08.08	02:09:27.582		0.86149			4
2024.08.08	02:09:28.694	0.86145				2
2024.08.08	02:09:29.073	0.86143	0.86146			6
2024.08.08	02:09:31.461		0.86147			4
2024.08.08	02:09:33.013		0.86146			4
2024.08.08	02:09:38.272		0.86147			4
2024.08.08	02:09:39.586		0.86148			4
2024.08.08	02:09:40.003	0.86144				2
2024.08.08	02:09:41.399	0.86143				2
2024.08.08	02:09:42.526	0.86142	0.86146			6
2024.08.08	02:09:43.571	0.86143	0.86148			6
2024.08.08	02:09:45.521		0.86146			4
2024.08.08	02:09:51.193		0.86147			4
2024.08.08	02:09:51.853		0.86148			4
2024.08.08	02:09:52.201		0.86145			4
2024.08.08	02:09:52.638		0.86146			4
2024.08.08	02:09:53.157		0.86147			4
2024.08.08	02:09:53.479		0.86148			4
2024.08.08	02:09:54.372		0.86147			4
2024.08.08	02:09:58.667		0.86146			4
2024.08.08	02:10:00.341	0.86143				2
2024.08.08	02:10:00.682		0.86147			4
2024.08.08	02:10:11.522	0.86142				2
2024.08.08	02:10:13.997	0.86144				2
2024.08.08	02:10:18.280		0.86146			4
2024.08.08	02:10:19.557		0.86145			4
2024.08.08	02:10:21.393		0.86147			4
2024.08.08	02:10:21.723		0.86146			4
2024.08.08	02:10:22.351		0.86148			4
2024.08.08	02:10:23.054		0.86147			4
2024.08.08	02:10:24.727	0.86146				2
2024.08.08	02:10:27.351	0.86145	0.86148			6
2024.08.08	02:10:27.945		0.86147			4
2024.08.08	02:10:31.343	0.86146				2
2024.08.08	02:10:33.164		0.86148			4
2024.08.08	02:10:33.536	0.86147				2
2024.08.08	02:10:33.878	0.86146				2
2024.08.08	02:10:34.352	0.86147	0.86149			6
2024.08.08	02:10:34.697		0.86150			4
2024.08.08	02:10:37.387	0.86148				2
2024.08.08	02:10:39.237	0.86149				2
2024.08.08	02:10:39.656		0.86151			4
2024.08.08	02:10:40.274	0.86151	0.86153			6
2024.08.08	02:10:41.995		0.86152			4
2024.08.08	02:10:42.403	0.86148	0.86151			6
2024.08.08	02:10:43.183	0.86150	0.86152			6
2024.08.08	02:10:45.975		0.86153			4
2024.08.08	02:10:48.152		0.86154			4
2024.08.08	02:10:48.874	0.86148	0.86153			6
2024.08.08	02:10:49.929		0.86152			4
2024.08.08	02:10:50.466		0.86153			4
2024.08.08	02:10:51.682		0.86151			4
2024.08.08	02:10:52.022	0.86150				2
2024.08.08	02:10:52.355	0.86149				2
2024.08.08	02:10:52.659		0.86150			4
2024.08.08	02:10:52.994		0.86151			4
2024.08.08	02:10:53.478		0.86150			4
2024.08.08	02:10:55.035		0.86151			4
2024.08.08	02:10:55.370		0.86150			4
2024.08.08	02:10:56.036	0.86150	0.86151			6
2024.08.08	02:10:56.940	0.86149				2
2024.08.08	02:10:57.481		0.86150			4
2024.08.08	02:10:58.673		0.86151			4
2024.08.08	02:10:59.063		0.86150			4
2024.08.08	02:11:00.328	0.86149	0.86151			6
2024.08.08	02:11:02.119	0.86150	0.86153			6
2024.08.08	02:11:04.443		0.86151			4
2024.08.08	02:11:05.413	0.86151	0.86154			6
2024.08.08	02:11:10.221	0.86149	0.86153			6
2024.08.08	02:11:10.541		0.86150			4
2024.08.08	02:11:12.904		0.86152			4
2024.08.08	02:11:13.210		0.86150			4
2024.08.08	02:11:13.983	0.86151	0.86152			6
2024.08.08	02:11:16.522	0.86149	0.86151			6
2024.08.08	02:11:16.844		0.86152			4
2024.08.08	02:11:17.189		0.86150			4
2024.08.08	02:11:18.069	0.86151	0.86152			6
2024.08.08	02:11:19.045	0.86149	0.86150			6
2024.08.08	02:11:22.181	0.86151	0.86152			6
2024.08.08	02:11:25.071		0.86154			4
2024.08.08	02:11:25.806	0.86150				2
2024.08.08	02:11:29.489	0.86155	0.86157			6
2024.08.08	02:11:31.019	0.86153	0.86156			6
2024.08.08	02:11:34.661	0.86152	0.86154			6
2024.08.08	02:11:38.055	0.86153	0.86156			6
2024.08.08	02:11:43.201	0.86154				2
2024.08.08	02:11:43.504	0.86153	0.86155			6
2024.08.08	02:11:45.687	0.86152				2
2024.08.08	02:11:46.341		0.86156			4
2024.08.08	02:11:50.698		0.86155			4
2024.08.08	02:11:52.301		0.86156			4
2024.08.08	02:11:53.817	0.86153				2
2024.08.08	02:11:55.134		0.86155			4
2024.08.08	02:11:55.473		0.86156			4
2024.08.08	02:11:57.077	0.86150	0.86155			6
2024.08.08	02:11:58.366		0.86156			4
2024.08.08	02:11:59.084		0.86155			4
2024.08.08	02:12:00.144	0.86153	0.86156			6
2024.08.08	02:12:01.279	0.86150	0.86155			6
2024.08.08	02:12:01.582		0.86156			4
2024.08.08	02:12:01.951		0.86155			4
2024.08.08	02:12:03.510		0.86154			4
2024.08.08	02:12:06.185	0.86151				2
2024.08.08	02:12:11.314	0.86149				2
2024.08.08	02:12:15.471	0.86151				2
2024.08.08	02:12:16.249	0.86152	0.86155			6
2024.08.08	02:12:18.370	0.86149	0.86154			6
2024.08.08	02:12:57.194	0.86151				2
2024.08.08	02:12:57.506		0.86153			4
2024.08.08	02:12:57.881	0.86150				2
2024.08.08	02:12:58.651	0.86151				2
2024.08.08	02:12:59.464	0.86150	0.86151			6
2024.08.08	02:13:00.710	0.86148	0.86149			6
2024.08.08	02:13:13.142	0.86147				2
2024.08.08	02:13:13.807		0.86148			4
2024.08.08	02:13:15.150	0.86148	0.86149			6
2024.08.08	02:13:22.678		0.86150			4
2024.08.08	02:13:23.060		0.86151			4
2024.08.08	02:13:23.404		0.86150			4
2024.08.08	02:13:23.710	0.86149				2
2024.08.08	02:13:26.216	0.86147	0.86151			6
2024.08.08	02:13:26.553		0.86150			4
2024.08.08	02:13:28.826	0.86146				2
2024.08.08	02:13:35.355	0.86147	0.86149			6
2024.08.08	02:13:35.690	0.86148	0.86151			6
2024.08.08	02:13:36.044		0.86149			4
2024.08.08	02:13:38.954	0.86147	0.86150			6
2024.08.08	02:13:40.992	0.86149	0.86151			6
2024.08.08	02:13:52.440	0.86147	0.86150			6
2024.08.08	02:13:53.874	0.86148	0.86151			6
2024.08.08	02:13:54.842		0.86149			4
2024.08.08	02:13:59.304		0.86150			4
2024.08.08	02:14:00.737	0.86148				2
2024.08.08	02:14:02.256	0.86150	0.86151			6
2024.08.08	02:14:14.796	0.86151	0.86152			6
2024.08.08	02:14:15.299		0.86153			4
2024.08.08	02:14:15.603	0.86150	0.86152			6
2024.08.08	02:14:17.553	0.86152	0.86153			6
2024.08.08	02:14:18.356		0.86154			4
2024.08.08	02:14:21.153		0.86155			4
2024.08.08	02:14:25.754		0.86154			4
2024.08.08	02:14:31.148		0.86153			4
2024.08.08	02:14:31.524	0.86151	0.86152			6
2024.08.08	02:14:35.002	0.86152	0.86153			6
2024.08.08	02:14:44.468	0.86154	0.86155			6
2024.08.08	02:14:52.853	0.86155	0.86156			6
2024.08.08	02:14:53.213	0.86154	0.86155			6
2024.08.08	02:14:54.321	0.86156	0.86157			6
2024.08.08	02:14:54.705	0.86155	0.86156			6
2024.08.08	02:15:00.066	0.86155				2
2024.08.08	02:15:06.398	0.86157	0.86158			6
2024.08.08	02:15:07.536	0.86154	0.86155			6
2024.08.08	02:15:08.210	0.86155	0.86156			6
2024.08.08	02:15:09.242	0.86154	0.86155			6
2024.08.08	02:15:18.413	0.86155	0.86156			6
2024.08.08	02:15:18.786	0.86156	0.86157			6
2024.08.08	02:15:19.457	0.86155	0.86156			6
2024.08.08	02:15:19.821	0.86153	0.86155			6
2024.08.08	02:15:20.124		0.86154			4
2024.08.08	02:15:20.963	0.86155	0.86156			6
2024.08.08	02:15:22.074	0.86154	0.86155			6
2024.08.08	02:15:22.690	0.86156	0.86157			6
2024.08.08	02:15:23.961	0.86157	0.86158			6
2024.08.08	02:15:25.052	0.86156	0.86157			6
2024.08.08	02:15:26.905		0.86159			4
2024.08.08	02:15:42.526	0.86157	0.86160			6
2024.08.08	02:15:43.171		0.86159			4
2024.08.08	02:15:43.577		0.86160			4
2024.08.08	02:16:01.009	0.86157				2
2024.08.08	02:16:01.852		0.86159			4
2024.08.08	02:16:02.174		0.86160			4
2024.08.08	02:16:03.127		0.86159			4
2024.08.08	02:16:04.059		0.86160			4
2024.08.08	02:16:08.405		0.86159			4
2024.08.08	02:16:17.270	0.86158				2
2024.08.08	02:16:19.889	0.86155	0.86158			6
2024.08.08	02:16:30.980	0.86154				2
2024.08.08	02:16:32.020	0.86157	0.86159			6
2024.08.08	02:16:41.135	0.86156				2
2024.08.08	02:16:43.125	0.86158	0.86160			6
2024.08.08	02:17:01.243	0.86158				2
2024.08.08	02:17:03.537	0.86160	0.86161			6
2024.08.08	02:17:05.279	0.86158	0.86160			6
2024.08.08	02:17:09.980		0.86161			4
2024.08.08	02:17:30.836	0.86161	0.86162			6
2024.08.08	02:17:34.251	0.86160	0.86161			6
2024.08.08	02:17:37.507	0.86161	0.86164			6
2024.08.08	02:17:41.429		0.86162			4
2024.08.08	02:17:50.946	0.86162	0.86164			6
2024.08.08	02:17:56.067	0.86161	0.86163			6
2024.08.08	02:17:56.409		0.86162			4
2024.08.08	02:17:57.939		0.86163			4
2024.08.08	02:17:58.456		0.86162			4
2024.08.08	02:18:00.995	0.86161				2
2024.08.08	02:18:02.211		0.86163			4
2024.08.08	02:18:03.011	0.86163	0.86165			6
2024.08.08	02:18:10.361	0.86162				2
2024.08.08	02:18:11.848	0.86163				2
2024.08.08	02:18:13.764	0.86165	0.86167			6
2024.08.08	02:18:18.351	0.86164				2
2024.08.08	02:18:23.752		0.86166			4
2024.08.08	02:18:24.082		0.86167			4
2024.08.08	02:18:24.526	0.86165	0.86166			6
2024.08.08	02:18:28.886	0.86158	0.86162			6
2024.08.08	02:18:29.241		0.86161			4
2024.08.08	02:18:31.167	0.86157				2
2024.08.08	02:18:31.893		0.86162			4
2024.08.08	02:18:35.628	0.86159				2
2024.08.08	02:18:38.980	0.86158				2
2024.08.08	02:18:42.344	0.86159	0.86163			6
2024.08.08	02:18:55.655	0.86157	0.86161			6
2024.08.08	02:18:58.743	0.86155	0.86159			6
2024.08.08	02:18:59.148	0.86157	0.86161			6
2024.08.08	02:19:00.317	0.86157				2
2024.08.08	02:19:02.171	0.86155				2
2024.08.08	02:19:08.585	0.86156	0.86160			6
2024.08.08	02:19:12.238		0.86161			4
2024.08.08	02:19:13.322		0.86160			4
2024.08.08	02:19:21.362		0.86159			4
2024.08.08	02:19:22.422		0.86161			4
2024.08.08	02:19:25.519		0.86160			4
2024.08.08	02:19:25.988		0.86162			4
2024.08.08	02:19:26.306	0.86157				2
2024.08.08	02:19:26.772		0.86161			4
2024.08.08	02:19:39.142	0.86158				2
2024.08.08	02:19:39.620		0.86163			4
2024.08.08	02:19:41.680	0.86159	0.86164			6
2024.08.08	02:19:44.051		0.86161			4
2024.08.08	02:19:46.756		0.86162			4
2024.08.08	02:19:51.570	0.86157	0.86161			6
2024.08.08	02:19:53.249	0.86159				2
2024.08.08	02:19:56.487		0.86162			4
2024.08.08	02:20:00.289	0.86159	0.86161			6
2024.08.08	02:20:01.160		0.86162			4
2024.08.08	02:20:01.460		0.86160			4
2024.08.08	02:20:02.074	0.86157	0.86162			6
2024.08.08	02:20:07.467	0.86158				2
2024.08.08	02:20:12.821	0.86159				2
2024.08.08	02:20:13.149		0.86161			4
2024.08.08	02:20:18.518	0.86158	0.86160			6
2024.08.08	02:20:20.688	0.86159				2
2024.08.08	02:20:30.114	0.86158				2
2024.08.08	02:20:31.039	0.86160	0.86161			6
2024.08.08	02:20:33.270	0.86158	0.86160			6
2024.08.08	02:20:37.706	0.86160	0.86161			6
2024.08.08	02:20:38.108	0.86161	0.86162			6
2024.08.08	02:20:46.424	0.86162	0.86163			6
2024.08.08	02:20:46.737	0.86161	0.86162			6
2024.08.08	02:20:50.803	0.86162	0.86163			6
2024.08.08	02:20:51.464	0.86161	0.86162			6
2024.08.08	02:20:57.012	0.86159	0.86160			6
2024.08.08	02:20:57.414	0.86161	0.86162			6
2024.08.08	02:21:02.970	0.86161				2
2024.08.08	02:21:07.653		0.86164			4
2024.08.08	02:21:15.941	0.86164	0.86166			6
2024.08.08	02:21:17.160	0.86162	0.86165			6
2024.08.08	02:21:17.461		0.86164			4
2024.08.08	02:21:21.223	0.86163				2
2024.08.08	02:21:21.660		0.86165			4
2024.08.08	02:21:26.945	0.86164				2
2024.08.08	02:21:27.278	0.86163				2
2024.08.08	02:21:28.789	0.86164				2
2024.08.08	02:21:51.594	0.86161	0.86164			6
2024.08.08	02:22:00.101	0.86161				2
2024.08.08	02:22:01.554		0.86163			4
2024.08.08	02:22:04.027		0.86162			4
2024.08.08	02:22:06.758	0.86160	0.86161			6
2024.08.08	02:22:07.756	0.86161	0.86162			6
2024.08.08	02:22:08.385	0.86160				2
2024.08.08	02:22:14.947	0.86159				2
2024.08.08	02:22:15.296	0.86158	0.86161			6
2024.08.08	02:22:32.918		0.86162			4
2024.08.08	02:22:33.259		0.86163			4
2024.08.08	02:22:33.564	0.86161	0.86164			6
2024.08.08	02:22:35.510		0.86163			4
2024.08.08	02:22:35.823		0.86164			4
2024.08.08	02:22:36.468		0.86163			4
2024.08.08	02:22:38.865	0.86163	0.86165			6
2024.08.08	02:22:39.227		0.86166			4
2024.08.08	02:22:43.107	0.86164	0.86165			6
2024.08.08	02:22:43.917	0.86163				2
2024.08.08	02:22:44.289	0.86164				2
2024.08.08	02:22:44.604	0.86163	0.86164			6
2024.08.08	02:22:45.649	0.86161				2
2024.08.08	02:22:52.613		0.86163			4
2024.08.08	02:22:57.762		0.86164			4
2024.08.08	02:22:58.899		0.86163			4
2024.08.08	02:23:00.071	0.86161				2
2024.08.08	02:23:08.487		0.86164			4
2024.08.08	02:23:13.136		0.86163			4
2024.08.08	02:23:28.582		0.86162			4
2024.08.08	02:23:31.853		0.86163			4
2024.08.08	02:23:32.379	0.86159	0.86161			6
2024.08.08	02:23:33.068	0.86158				2
2024.08.08	02:23:33.932	0.86159				2
2024.08.08	02:23:38.527	0.86158				2
2024.08.08	02:23:39.036	0.86159				2
2024.08.08	02:23:43.549	0.86158				2
2024.08.08	02:23:47.346		0.86159			4
2024.08.08	02:23:47.690	0.86157				2
2024.08.08	02:23:47.993	0.86156	0.86157			6
2024.08.08	02:23:48.551		0.86158			4
2024.08.08	02:23:51.138	0.86158	0.86159			6
2024.08.08	02:23:51.637	0.86157				2
2024.08.08	02:23:51.973		0.86160			4
2024.08.08	02:23:55.558		0.86161			4
2024.08.08	02:24:00.588	0.86157				2
2024.08.08	02:24:10.180	0.86156	0.86159			6
2024.08.08	02:24:12.257	0.86155				2
2024.08.08	02:24:13.557		0.86160			4
2024.08.08	02:24:13.957	0.86158	0.86159			6
2024.08.08	02:24:16.868	0.86157				2
2024.08.08	02:24:17.651	0.86159	0.86160			6
2024.08.08	02:24:19.585	0.86158				2
2024.08.08	02:24:23.904	0.86159				2
2024.08.08	02:24:24.667	0.86160	0.86161			6
2024.08.08	02:24:31.514	0.86158	0.86160			6
2024.08.08	02:24:36.647	0.86159	0.86161			6
2024.08.08	02:24:36.962	0.86162	0.86163			6
2024.08.08	02:24:38.970	0.86160				2
2024.08.08	02:24:39.327		0.86162			4
2024.08.08	02:24:40.421		0.86161			4
2024.08.08	02:24:40.737		0.86162			4
2024.08.08	02:24:44.563	0.86162	0.86163			6
2024.08.08	02:24:47.783	0.86160	0.86162			6
2024.08.08	02:24:50.368	0.86167	0.86168			6
2024.08.08	02:24:55.297		0.86169			4
2024.08.08	02:24:55.795		0.86168			4
2024.08.08	02:25:00.067	0.86167				2
2024.08.08	02:25:00.368		0.86169			4
2024.08.08	02:25:00.750	0.86166	0.86168			6
2024.08.08	02:25:01.793	0.86167	0.86169			6
2024.08.08	02:25:02.105		0.86168			4
2024.08.08	02:25:05.368	0.86169	0.86171			6
2024.08.08	02:25:07.398	0.86170				2
2024.08.08	02:25:08.436	0.86168	0.86169			6
2024.08.08	02:25:10.620		0.86170			4
2024.08.08	02:25:10.994	0.86170	0.86171			6
2024.08.08	02:25:11.697	0.86168	0.86170			6
2024.08.08	02:25:13.215	0.86169	0.86171			6
2024.08.08	02:25:13.548	0.86170				2
2024.08.08	02:25:14.377	0.86167				2
2024.08.08	02:25:14.684	0.86170				2
2024.08.08	02:25:31.254	0.86169				2
2024.08.08	02:25:32.396	0.86168	0.86170			6
2024.08.08	02:25:33.642	0.86167	0.86171			6
2024.08.08	02:25:33.944		0.86170			4
2024.08.08	02:25:37.786	0.86170	0.86171			6
2024.08.08	02:25:38.418		0.86172			4
2024.08.08	02:25:39.756	0.86169	0.86171			6
2024.08.08	02:25:47.504	0.86166	0.86168			6
2024.08.08	02:25:47.867	0.86167	0.86169			6
2024.08.08	02:25:54.137	0.86168				2
2024.08.08	02:25:55.284	0.86167				2
2024.08.08	02:25:57.978	0.86170	0.86171			6
2024.08.08	02:25:58.701	0.86167	0.86169			6
2024.08.08	02:25:59.429	0.86169	0.86172			6
2024.08.08	02:26:00.052	0.86169				2
2024.08.08	02:26:00.410	0.86170				2
2024.08.08	02:26:03.792		0.86173			4
2024.08.08	02:26:07.212		0.86172			4
2024.08.08	02:26:07.529		0.86171			4
2024.08.08	02:26:09.848		0.86172			4
2024.08.08	02:26:10.434		0.86171			4
2024.08.08	02:26:18.958		0.86172			4
2024.08.08	02:26:24.298		0.86171			4
2024.08.08	02:26:26.369		0.86172			4
2024.08.08	02:26:27.979		0.86171			4
2024.08.08	02:26:28.513		0.86172			4
2024.08.08	02:26:28.870		0.86171			4
2024.08.08	02:26:29.203		0.86172			4
2024.08.08	02:26:31.017		0.86171			4
2024.08.08	02:26:31.330		0.86172			4
2024.08.08	02:26:32.694		0.86171			4
2024.08.08	02:26:33.812		0.86172			4
2024.08.08	02:26:34.859		0.86171			4
2024.08.08	02:26:35.307		0.86172			4
2024.08.08	02:26:37.351		0.86173			4
2024.08.08	02:26:37.664		0.86172			4
2024.08.08	02:26:38.217		0.86173			4
2024.08.08	02:26:38.616		0.86171			4
2024.08.08	02:26:41.127	0.86171	0.86172			6
2024.08.08	02:26:41.462	0.86169	0.86170			6
2024.08.08	02:26:49.677	0.86170	0.86171			6
2024.08.08	02:26:50.762	0.86171	0.86172			6
2024.08.08	02:26:52.191	0.86172	0.86173			6
2024.08.08	02:26:55.224	0.86170	0.86171			6
2024.08.08	02:26:59.630	0.86171	0.86172			6
2024.08.08	02:27:00.235	0.86171	0.86173			6
2024.08.08	02:27:01.052		0.86172			4
2024.08.08	02:27:10.513	0.86172	0.86173			6
2024.08.08	02:27:14.965	0.86171	0.86175			6
2024.08.08	02:27:15.282		0.86174			4
2024.08.08	02:27:15.673		0.86173			4
2024.08.08	02:27:16.361	0.86173	0.86174			6
2024.08.08	02:27:22.107	0.86171	0.86172			6
2024.08.08	02:27:22.893		0.86174			4
2024.08.08	02:27:23.238		0.86172			4
2024.08.08	02:27:30.248		0.86173			4
2024.08.08	02:27:33.247		0.86172			4
2024.08.08	02:27:38.660	0.86172	0.86173			6
2024.08.08	02:27:39.775		0.86175			4
2024.08.08	02:27:40.231		0.86174			4
2024.08.08	02:27:40.908		0.86173			4
2024.08.08	02:27:48.426	0.86169	0.86172			6
2024.08.08	02:27:48.745	0.86168	0.86171			6
2024.08.08	02:27:50.207		0.86170			4
2024.08.08	02:27:52.716		0.86169			4
2024.08.08	02:27:54.386	0.86170	0.86172			6
2024.08.08	02:27:54.705	0.86171				2
2024.08.08	02:27:57.490	0.86170	0.86171			6
2024.08.08	02:27:57.911	0.86168				2
2024.08.08	02:27:58.698		0.86170			4
2024.08.08	02:28:00.127	0.86168				2
2024.08.08	02:28:00.445	0.86169				2
2024.08.08	02:28:03.895	0.86170	0.86171			6
2024.08.08	02:28:04.205	0.86168	0.86170			6
2024.08.08	02:28:06.242		0.86171			4
2024.08.08	02:28:07.860	0.86169				2
2024.08.08	02:28:09.150	0.86168	0.86170			6
2024.08.08	02:28:14.611		0.86171			4
2024.08.08	02:28:15.541		0.86170			4
2024.08.08	02:28:19.145	0.86169	0.86171			6
2024.08.08	02:28:19.450	0.86171	0.86172			6
2024.08.08	02:28:22.133	0.86168	0.86170			6
2024.08.08	02:28:24.418	0.86171	0.86172			6
2024.08.08	02:28:32.472	0.86172	0.86173			6
2024.08.08	02:28:33.945	0.86171	0.86172			6
2024.08.08	02:28:39.974		0.86173			4
2024.08.08	02:28:41.752	0.86172				2
2024.08.08	02:28:42.180	0.86171				2
2024.08.08	02:28:52.587	0.86172				2
2024.08.08	02:28:54.099		0.86174			4
2024.08.08	02:28:56.044		0.86173			4
2024.08.08	02:28:57.402	0.86171	0.86174			6
2024.08.08	02:29:00.433	0.86171				2
2024.08.08	02:29:00.877		0.86173			4
2024.08.08	02:29:01.691	0.86172				2
2024.08.08	02:29:11.740		0.86174			4
2024.08.08	02:29:17.947		0.86173			4
2024.08.08	02:29:33.164	0.86171				2
2024.08.08	02:29:43.111	0.86173	0.86177			6
2024.08.08	02:29:43.807		0.86176			4
2024.08.08	02:29:44.196	0.86172				2
2024.08.08	02:29:48.878	0.86174				2
2024.08.08	02:29:54.927	0.86173	0.86175			6
2024.08.08	02:29:58.442	0.86172				2
2024.08.08	02:30:00.440	0.86172				2
2024.08.08	02:30:01.854	0.86173				2
2024.08.08	02:30:04.094		0.86176			4
2024.08.08	02:30:12.208	0.86171	0.86174			6
2024.08.08	02:30:13.290	0.86172				2
2024.08.08	02:30:20.734	0.86171	0.86175			6
2024.08.08	02:30:25.133		0.86176			4
2024.08.08	02:30:25.982	0.86173	0.86177			6
2024.08.08	02:30:27.031	0.86172	0.86175			6
2024.08.08	02:30:28.367		0.86176			4
2024.08.08	02:30:29.600		0.86175			4
2024.08.08	02:30:30.369		0.86176			4
2024.08.08	02:30:31.224	0.86173	0.86175			6
2024.08.08	02:30:33.693	0.86172	0.86176			6
2024.08.08	02:30:35.249	0.86175	0.86178			6
2024.08.08	02:30:35.581		0.86179			4
2024.08.08	02:30:43.719	0.86176	0.86178			6
2024.08.08	02:30:44.339		0.86179			4
2024.08.08	02:30:47.362		0.86180			4
2024.08.08	02:30:47.747		0.86179			4
2024.08.08	02:30:50.623	0.86177	0.86180			6
2024.08.08	02:30:54.430	0.86179	0.86181			6
2024.08.08	02:30:55.466	0.86181	0.86182			6
2024.08.08	02:30:56.553	0.86183	0.86184			6
2024.08.08	02:30:56.864	0.86181	0.86182			6
2024.08.08	02:30:59.260	0.86183	0.86184			6
2024.08.08	02:30:59.675	0.86180	0.86182			6
2024.08.08	02:31:00.064	0.86180				2
2024.08.08	02:31:00.726	0.86181				2
2024.08.08	02:31:02.207	0.86182	0.86183			6
2024.08.08	02:31:02.509	0.86183	0.86184			6
2024.08.08	02:31:03.613		0.86186			4
2024.08.08	02:31:04.114		0.86184			4
2024.08.08	02:31:04.424		0.86185			4
2024.08.08	02:31:04.740	0.86181	0.86184			6
2024.08.08	02:31:06.183	0.86184	0.86186			6
2024.08.08	02:31:09.564	0.86183				2
2024.08.08	02:31:10.747		0.86187			4
2024.08.08	02:31:11.595	0.86185	0.86189			6
2024.08.08	02:31:11.902	0.86190	0.86192			6
2024.08.08	02:31:14.352	0.86188	0.86191			6
2024.08.08	02:31:16.349	0.86189				2
2024.08.08	02:31:20.626	0.86190				2
2024.08.08	02:31:20.944	0.86191	0.86194			6
2024.08.08	02:31:24.584		0.86193			4
2024.08.08	02:31:25.214		0.86194			4
2024.08.08	02:31:31.698	0.86192				2
2024.08.08	02:31:32.022	0.86194	0.86197			6
2024.08.08	02:31:32.648	0.86195	0.86198			6
2024.08.08	02:31:33.261		0.86197			4
2024.08.08	02:31:38.792	0.86193	0.86196			6
2024.08.08	02:31:39.213		0.86195			4
2024.08.08	02:31:40.425		0.86196			4
2024.08.08	02:31:40.779		0.86195			4
2024.08.08	02:31:41.478	0.86191				2
2024.08.08	02:31:42.368		0.86196			4
2024.08.08	02:31:42.716	0.86190	0.86193			6
2024.08.08	02:31:43.022	0.86189				2
2024.08.08	02:31:44.039	0.86191				2
2024.08.08	02:31:44.469	0.86192				2
2024.08.08	02:31:50.118	0.86193	0.86195			6
2024.08.08	02:31:50.828	0.86192	0.86194			6
2024.08.08	02:31:54.201		0.86195			4
2024.08.08	02:31:55.256	0.86196	0.86197			6
2024.08.08	02:31:55.906	0.86195	0.86199			6
2024.08.08	02:31:57.392	0.86194	0.86200			6
2024.08.08	02:31:57.901	0.86195				2
2024.08.08	02:31:59.258	0.86194				2
2024.08.08	02:31:59.634	0.86195				2
2024.08.08	02:32:00.296	0.86195				2
2024.08.08	02:32:02.381	0.86196				2
2024.08.08	02:32:02.741	0.86193	0.86198			6
2024.08.08	02:32:03.049	0.86195	0.86200			6
2024.08.08	02:32:03.365	0.86198	0.86201			6
2024.08.08	02:32:03.666	0.86197				2
2024.08.08	02:32:03.986	0.86196	0.86200			6
2024.08.08	02:32:04.315	0.86197	0.86201			6
2024.08.08	02:32:04.617	0.86196				2
2024.08.08	02:32:04.987		0.86200			4
2024.08.08	02:32:05.604		0.86201			4
2024.08.08	02:32:05.956	0.86197				2
2024.08.08	02:32:06.681	0.86196				2
2024.08.08	02:32:07.055		0.86200			4
2024.08.08	02:32:07.391		0.86201			4
2024.08.08	02:32:07.867	0.86197				2
2024.08.08	02:32:17.459		0.86199			4
2024.08.08	02:32:19.454		0.86201			4
2024.08.08	02:32:19.767		0.86200			4
2024.08.08	02:32:21.059		0.86199			4
2024.08.08	02:32:22.031	0.86198	0.86201			6
2024.08.08	02:32:22.339	0.86194	0.86198			6
2024.08.08	02:32:22.644		0.86197			4
2024.08.08	02:32:22.950		0.86198			4
2024.08.08	02:32:24.508		0.86197			4
2024.08.08	02:32:26.386		0.86196			4
2024.08.08	02:32:32.407		0.86195			4
2024.08.08	02:32:34.478	0.86195	0.86196			6
2024.08.08	02:32:37.111	0.86194	0.86195			6
2024.08.08	02:32:40.641	0.86192	0.86193			6
2024.08.08	02:32:42.333	0.86191	0.86192			6
2024.08.08	02:32:42.693	0.86192	0.86193			6
2024.08.08	02:32:49.915	0.86191	0.86192			6
2024.08.08	02:32:52.446	0.86192	0.86193			6
2024.08.08	02:32:55.047	0.86193	0.86194			6
2024.08.08	02:32:55.903	0.86192	0.86193			6
2024.08.08	02:33:00.050	0.86192				2
2024.08.08	02:33:00.373	0.86189	0.86191			6
2024.08.08	02:33:00.926		0.86192			4
2024.08.08	02:33:03.854	0.86190				2
2024.08.08	02:33:04.384		0.86193			4
2024.08.08	02:33:05.117		0.86194			4
2024.08.08	02:33:07.333		0.86193			4
2024.08.08	02:33:08.800		0.86192			4
2024.08.08	02:33:09.139		0.86193			4
2024.08.08	02:33:12.805		0.86192			4
2024.08.08	02:33:13.109	0.86186	0.86189			6
2024.08.08	02:33:14.005	0.86185				2
2024.08.08	02:33:14.307		0.86188			4
2024.08.08	02:33:17.146		0.86189			4
2024.08.08	02:33:33.033	0.86189	0.86191			6
2024.08.08	02:33:35.212		0.86190			4
2024.08.08	02:33:39.062	0.86188				2
2024.08.08	02:33:41.007	0.86191	0.86192			6
2024.08.08	02:33:49.078		0.86193			4
2024.08.08	02:33:52.971	0.86193	0.86194			6
2024.08.08	02:33:54.552	0.86192	0.86193			6
2024.08.08	02:33:57.362	0.86193	0.86194			6
2024.08.08	02:34:00.174	0.86193				2
2024.08.08	02:34:03.289	0.86194	0.86196			6
2024.08.08	02:34:03.600	0.86196	0.86198			6
2024.08.08	02:34:04.408		0.86197			4
2024.08.08	02:34:07.264	0.86198	0.86199			6
2024.08.08	02:34:09.099	0.86197	0.86198			6
2024.08.08	02:34:12.249	0.86199	0.86200			6
2024.08.08	02:34:16.391	0.86198	0.86199			6
2024.08.08	02:34:17.382	0.86197	0.86198			6
2024.08.08	02:34:24.345	0.86195	0.86196			6
2024.08.08	02:34:25.364		0.86197			4
2024.08.08	02:34:26.042		0.86196			4
2024.08.08	02:34:27.309		0.86197			4
2024.08.08	02:34:28.074		0.86196			4
2024.08.08	02:34:34.238		0.86197			4
2024.08.08	02:34:34.841	0.86196				2
2024.08.08	02:34:36.883	0.86194				2
2024.08.08	02:34:37.190		0.86196			4
2024.08.08	02:34:39.769	0.86195				2
