<DATE>	<TIME>	<BID>	<ASK>	<LAST>	<VOLUME>	<FLAGS>
2024.12.16	00:00:00.285	0.82994	0.83198			6
2024.12.16	00:00:13.940	0.82970	0.83174			6
2024.12.16	00:00:18.176	0.82976	0.83180			6
2024.12.16	00:00:21.503	0.82981	0.83185			6
2024.12.16	00:00:25.132	0.82980	0.83184			6
2024.12.16	00:00:38.741	0.83029	0.83211			6
2024.12.16	00:01:02.814	0.83029				2
2024.12.16	00:01:09.007		0.83214			4
2024.12.16	00:01:13.515		0.83215			4
2024.12.16	00:01:16.486		0.83211			4
2024.12.16	00:01:34.010	0.83034				2
2024.12.16	00:02:01.560	0.83034				2
2024.12.16	00:02:21.555		0.83211			4
2024.12.16	00:02:23.572		0.83206			4
2024.12.16	00:03:01.796	0.83034				2
2024.12.16	00:03:24.012	0.83038	0.83206			6
2024.12.16	00:04:03.571	0.83038				2
2024.12.16	00:04:19.012	0.83041				2
2024.12.16	00:04:29.195		0.83206			4
2024.12.16	00:05:01.788	0.83041				2
2024.12.16	00:05:04.621		0.83211			4
2024.12.16	00:05:56.118		0.83206			4
2024.12.16	00:06:04.641	0.83041				2
2024.12.16	00:07:04.024	0.83041	0.83206			6
2024.12.16	00:07:57.982		0.83208			4
2024.12.16	00:07:59.017	0.83048				2
2024.12.16	00:08:01.870	0.83048	0.83207			6
2024.12.16	00:08:54.016	0.83044				2
2024.12.16	00:09:01.558	0.83044				2
2024.12.16	00:09:11.851		0.83207			4
2024.12.16	00:10:00.354	0.83044	0.83193			6
2024.12.16	00:10:01.556	0.83057	0.83194			6
2024.12.16	00:10:03.235		0.83193			4
2024.12.16	00:10:06.839	0.83058				2
2024.12.16	00:10:37.742		0.83192			4
2024.12.16	00:10:42.541	0.83059				2
2024.12.16	00:11:00.840	0.83059				2
2024.12.16	00:11:04.743	0.83065	0.83186			6
2024.12.16	00:11:11.979	0.83062	0.83188			6
2024.12.16	00:11:21.980	0.83063				2
2024.12.16	00:11:36.362	0.83062	0.83189			6
2024.12.16	00:11:57.239	0.83070				2
2024.12.16	00:12:00.628	0.83070				2
2024.12.16	00:12:01.133	0.83072				2
2024.12.16	00:12:01.554	0.83069				2
2024.12.16	00:12:04.745	0.83070				2
2024.12.16	00:12:10.690	0.83073				2
2024.12.16	00:12:21.221	0.83071				2
2024.12.16	00:12:21.535	0.83070				2
2024.12.16	00:12:31.135	0.83073				2
2024.12.16	00:12:31.787	0.83071				2
2024.12.16	00:12:32.640	0.83073				2
2024.12.16	00:12:37.186		0.83189			4
2024.12.16	00:12:40.794	0.83071				2
2024.12.16	00:12:41.635	0.83073				2
2024.12.16	00:12:48.840	0.83074				2
2024.12.16	00:13:00.879	0.83069				2
2024.12.16	00:13:01.736	0.83067				2
2024.12.16	00:13:21.797	0.83072				2
2024.12.16	00:13:22.781	0.83070				2
2024.12.16	00:13:31.006	0.83069				2
2024.12.16	00:13:31.877	0.83067				2
2024.12.16	00:13:41.488	0.83064	0.83192			6
2024.12.16	00:13:46.825	0.83065				2
2024.12.16	00:13:52.444	0.83064				2
2024.12.16	00:13:53.935	0.83065				2
2024.12.16	00:13:56.278	0.83063				2
2024.12.16	00:13:56.654	0.83070				2
2024.12.16	00:13:59.939	0.83071				2
2024.12.16	00:14:01.555	0.83071				2
2024.12.16	00:14:03.324	0.83072				2
2024.12.16	00:14:07.737	0.83073				2
2024.12.16	00:14:09.626		0.83193			4
2024.12.16	00:14:09.954	0.83074				2
2024.12.16	00:14:10.742	0.83079				2
2024.12.16	00:14:11.079	0.83078				2
2024.12.16	00:14:12.768	0.83077				2
2024.12.16	00:14:14.635	0.83079				2
2024.12.16	00:14:16.776	0.83080				2
2024.12.16	00:14:24.838	0.83079				2
2024.12.16	00:14:28.144	0.83080				2
2024.12.16	00:14:31.945	0.83078				2
2024.12.16	00:14:32.953	0.83080				2
2024.12.16	00:14:35.636	0.83079				2
2024.12.16	00:14:42.579	0.83078				2
2024.12.16	00:14:45.838	0.83077				2
2024.12.16	00:14:51.724	0.83078				2
2024.12.16	00:14:52.615	0.83080				2
2024.12.16	00:14:57.820	0.83073	0.83200			6
2024.12.16	00:15:00.396	0.83075	0.83199			6
2024.12.16	00:15:00.721	0.83076	0.83198			6
2024.12.16	00:15:01.757	0.83075				2
2024.12.16	00:15:03.061	0.83076				2
2024.12.16	00:15:04.035	0.83074	0.83200			6
2024.12.16	00:15:04.401	0.83077				2
2024.12.16	00:15:05.336	0.83075				2
2024.12.16	00:15:05.776	0.83081				2
2024.12.16	00:15:06.239	0.83079	0.83199			6
2024.12.16	00:15:06.705	0.83080	0.83200			6
2024.12.16	00:15:07.062	0.83076				2
2024.12.16	00:15:08.344	0.83077	0.83199			6
2024.12.16	00:15:08.938	0.83078	0.83200			6
2024.12.16	00:15:09.836	0.83077				2
2024.12.16	00:15:10.963	0.83076	0.83201			6
2024.12.16	00:15:11.638	0.83077				2
2024.12.16	00:15:12.843	0.83078				2
2024.12.16	00:15:13.366	0.83079				2
2024.12.16	00:15:15.537	0.83080				2
2024.12.16	00:15:17.410	0.83079				2
2024.12.16	00:15:21.518	0.83080				2
2024.12.16	00:15:22.370	0.83079	0.83199			6
2024.12.16	00:15:23.034	0.83078	0.83200			6
2024.12.16	00:15:23.335	0.83068				2
2024.12.16	00:15:23.762	0.83076				2
2024.12.16	00:15:24.063	0.83077				2
2024.12.16	00:15:24.497	0.83076	0.83201			6
2024.12.16	00:15:25.807	0.83075				2
2024.12.16	00:15:31.463	0.83076				2
2024.12.16	00:15:31.837	0.83074				2
2024.12.16	00:15:33.235	0.83076				2
2024.12.16	00:15:34.355	0.83077				2
2024.12.16	00:15:38.034	0.83073				2
2024.12.16	00:15:39.061	0.83074	0.83200			6
2024.12.16	00:15:43.105	0.83073	0.83201			6
2024.12.16	00:15:44.035	0.83082				2
2024.12.16	00:15:46.059	0.83083	0.83200			6
2024.12.16	00:15:48.162	0.83087				2
2024.12.16	00:15:51.535		0.83201			4
2024.12.16	00:15:52.063	0.83088	0.83200			6
2024.12.16	00:15:53.944	0.83087				2
2024.12.16	00:16:00.267	0.83087				2
2024.12.16	00:16:05.640	0.83082				2
2024.12.16	00:16:12.835	0.83083				2
2024.12.16	00:16:14.335	0.83082				2
2024.12.16	00:16:20.036	0.83083				2
2024.12.16	00:16:23.658	0.83082				2
2024.12.16	00:16:25.447	0.83083				2
2024.12.16	00:16:26.037	0.83082	0.83201			6
2024.12.16	00:16:26.360	0.83078				2
2024.12.16	00:16:27.064	0.83079	0.83200			6
2024.12.16	00:16:28.764	0.83076				2
2024.12.16	00:16:29.635	0.83075				2
2024.12.16	00:16:36.069	0.83076	0.83199			6
2024.12.16	00:16:39.841	0.83075	0.83200			6
2024.12.16	00:16:41.636	0.83076				2
2024.12.16	00:16:47.643	0.83077				2
2024.12.16	00:16:52.066	0.83078	0.83199			6
2024.12.16	00:16:54.238	0.83077				2
2024.12.16	00:17:00.236	0.83077				2
2024.12.16	00:17:02.353	0.83076	0.83200			6
2024.12.16	00:17:03.835	0.83077	0.83199			6
2024.12.16	00:17:04.794	0.83076	0.83200			6
2024.12.16	00:17:14.073	0.83077	0.83199			6
2024.12.16	00:17:20.641	0.83076				2
2024.12.16	00:17:22.135	0.83077				2
2024.12.16	00:17:24.451	0.83075				2
2024.12.16	00:17:26.348	0.83076				2
2024.12.16	00:17:28.435		0.83200			4
2024.12.16	00:17:35.343	0.83073				2
2024.12.16	00:17:38.344	0.83071				2
2024.12.16	00:17:40.146	0.83073				2
2024.12.16	00:17:50.935	0.83071				2
2024.12.16	00:18:01.555	0.83071				2
2024.12.16	00:18:02.578	0.83076				2
2024.12.16	00:18:04.026	0.83077	0.83199			6
2024.12.16	00:18:06.847	0.83078				2
2024.12.16	00:18:26.335	0.83081				2
2024.12.16	00:18:34.437	0.83084				2
2024.12.16	00:18:42.838	0.83082				2
2024.12.16	00:18:43.440	0.83080				2
2024.12.16	00:18:46.147	0.83079				2
2024.12.16	00:18:53.343	0.83078				2
2024.12.16	00:18:56.046	0.83079				2
2024.12.16	00:19:03.242	0.83079				2
2024.12.16	00:19:03.837	0.83080				2
2024.12.16	00:19:06.268	0.83068	0.83199			6
2024.12.16	00:19:07.074	0.83057				2
2024.12.16	00:19:08.355	0.83056				2
2024.12.16	00:19:28.292	0.83052				2
2024.12.16	00:19:29.635	0.83056				2
2024.12.16	00:19:53.939	0.83057				2
2024.12.16	00:19:55.139	0.83058				2
2024.12.16	00:20:00.546	0.83058				2
2024.12.16	00:20:05.335	0.83057				2
2024.12.16	00:20:06.282		0.83199			4
2024.12.16	00:20:08.035	0.83056				2
2024.12.16	00:20:09.536	0.83057				2
2024.12.16	00:20:19.137	0.83054	0.83203			6
2024.12.16	00:20:20.096	0.83052				2
2024.12.16	00:20:21.091		0.83204			4
2024.12.16	00:20:23.635	0.83053	0.83205			6
2024.12.16	00:20:33.912	0.83052	0.83206			6
2024.12.16	00:20:35.766		0.83205			4
2024.12.16	00:20:37.137	0.83053	0.83206			6
2024.12.16	00:20:38.084		0.83205			4
2024.12.16	00:20:40.736		0.83204			4
2024.12.16	00:20:43.140	0.83057				2
2024.12.16	00:20:43.738	0.83059				2
2024.12.16	00:20:45.561	0.83053				2
2024.12.16	00:20:54.541	0.83052				2
2024.12.16	00:20:58.140	0.83058				2
2024.12.16	00:21:01.560	0.83058				2
2024.12.16	00:21:02.041	0.83059				2
2024.12.16	00:21:09.835	0.83052				2
2024.12.16	00:21:13.012	0.83056	0.83199			6
2024.12.16	00:21:13.641	0.83063	0.83200			6
2024.12.16	00:21:21.836	0.83064				2
2024.12.16	00:21:43.437	0.83062				2
2024.12.16	00:21:58.140	0.83065				2
2024.12.16	00:22:00.246	0.83065				2
2024.12.16	00:22:04.132	0.83064				2
2024.12.16	00:22:04.438	0.83062				2
2024.12.16	00:22:10.435		0.83199			4
2024.12.16	00:22:21.545	0.83061				2
2024.12.16	00:22:24.834		0.83200			4
2024.12.16	00:22:26.692	0.83078	0.83204			6
2024.12.16	00:22:29.936	0.83079				2
2024.12.16	00:22:30.837	0.83080				2
2024.12.16	00:22:33.744		0.83203			4
2024.12.16	00:22:34.268		0.83204			4
2024.12.16	00:22:34.741	0.83081				2
2024.12.16	00:22:35.052	0.83096	0.83209			6
2024.12.16	00:22:36.841	0.83099	0.83206			6
2024.12.16	00:22:38.338	0.83100				2
2024.12.16	00:22:44.269	0.83104				2
2024.12.16	00:22:45.084	0.83102				2
2024.12.16	00:22:45.836	0.83104	0.83205			6
2024.12.16	00:22:46.142	0.83102				2
2024.12.16	00:22:47.090	0.83104				2
2024.12.16	00:22:52.493	0.83102				2
2024.12.16	00:22:55.071	0.83103				2
2024.12.16	00:23:00.358	0.83103				2
2024.12.16	00:23:01.573	0.83101	0.83208			6
2024.12.16	00:23:02.943	0.83100				2
2024.12.16	00:23:05.336	0.83101				2
2024.12.16	00:23:07.738	0.83103				2
2024.12.16	00:23:22.141	0.83102	0.83209			6
2024.12.16	00:23:23.345		0.83208			4
2024.12.16	00:23:24.837	0.83103				2
2024.12.16	00:23:32.936	0.83104				2
2024.12.16	00:23:36.452	0.83105	0.83207			6
2024.12.16	00:23:41.034	0.83104	0.83198			6
2024.12.16	00:23:41.380	0.83113	0.83201			6
2024.12.16	00:23:41.683	0.83101	0.83195			6
2024.12.16	00:23:42.313	0.83100	0.83196			6
2024.12.16	00:23:42.928	0.83099	0.83207			6
2024.12.16	00:23:43.232	0.83098	0.83213			6
2024.12.16	00:23:50.043		0.83212			4
2024.12.16	00:23:53.941	0.83099				2
2024.12.16	00:23:55.554	0.83111	0.83205			6
2024.12.16	00:23:58.787	0.83101	0.83212			6
2024.12.16	00:23:59.645	0.83102				2
2024.12.16	00:24:01.442	0.83102				2
2024.12.16	00:24:05.340	0.83106				2
2024.12.16	00:24:07.826	0.83111	0.83217			6
2024.12.16	00:24:10.283	0.83107	0.83221			6
2024.12.16	00:24:12.184	0.83114	0.83207			6
2024.12.16	00:24:17.104		0.83206			4
2024.12.16	00:24:19.940	0.83113	0.83204			6
2024.12.16	00:24:20.320		0.83200			4
2024.12.16	00:24:25.067		0.83203			4
2024.12.16	00:24:25.504		0.83200			4
2024.12.16	00:24:33.922		0.83197			4
2024.12.16	00:24:35.639	0.83114				2
2024.12.16	00:24:50.381	0.83115				2
2024.12.16	00:25:00.326	0.83115				2
2024.12.16	00:25:12.101	0.83118	0.83205			6
2024.12.16	00:25:12.546	0.83122	0.83207			6
2024.12.16	00:25:12.901	0.83118	0.83205			6
2024.12.16	00:25:14.132	0.83117	0.83206			6
2024.12.16	00:25:16.097	0.83116	0.83207			6
2024.12.16	00:25:21.818	0.83114	0.83209			6
2024.12.16	00:25:26.035	0.83113				2
2024.12.16	00:25:28.139		0.83210			4
2024.12.16	00:25:29.510		0.83209			4
2024.12.16	00:25:32.111		0.83210			4
2024.12.16	00:25:34.140	0.83112				2
2024.12.16	00:25:36.556		0.83211			4
2024.12.16	00:25:42.505	0.83114	0.83209			6
2024.12.16	00:25:45.235	0.83113	0.83210			6
2024.12.16	00:25:47.648	0.83116	0.83207			6
2024.12.16	00:26:01.553	0.83116				2
2024.12.16	00:26:10.392	0.83118	0.83205			6
2024.12.16	00:26:14.336		0.83204			4
2024.12.16	00:26:15.844	0.83119				2
2024.12.16	00:26:30.537	0.83118	0.83195			6
2024.12.16	00:26:52.108	0.83119				2
2024.12.16	00:27:00.238	0.83119				2
2024.12.16	00:27:11.645	0.83120				2
2024.12.16	00:27:14.393	0.83118	0.83196			6
2024.12.16	00:27:14.925	0.83116	0.83194			6
2024.12.16	00:27:17.036	0.83117				2
2024.12.16	00:27:19.145	0.83115	0.83192			6
2024.12.16	00:27:23.347	0.83117	0.83194			6
2024.12.16	00:27:32.637	0.83118				2
2024.12.16	00:27:33.150	0.83115	0.83192			6
2024.12.16	00:27:34.406	0.83116				2
2024.12.16	00:27:36.499		0.83193			4
2024.12.16	00:27:36.842	0.83115	0.83191			6
2024.12.16	00:27:41.554	0.83116	0.83192			6
2024.12.16	00:27:42.414	0.83120	0.83198			6
2024.12.16	00:27:42.776	0.83114	0.83188			6
2024.12.16	00:27:43.437	0.83111	0.83187			6
2024.12.16	00:27:46.736	0.83112	0.83188			6
2024.12.16	00:27:53.339		0.83187			4
2024.12.16	00:28:01.565	0.83112				2
2024.12.16	00:28:08.037	0.83113				2
2024.12.16	00:28:24.775		0.83186			4
2024.12.16	00:28:25.135	0.83114	0.83187			6
2024.12.16	00:28:28.736		0.83188			4
2024.12.16	00:28:30.536		0.83187			4
2024.12.16	00:28:35.003	0.83108	0.83181			6
2024.12.16	00:28:36.111	0.83107	0.83180			6
2024.12.16	00:28:39.427	0.83113	0.83185			6
2024.12.16	00:28:39.773	0.83106	0.83177			6
2024.12.16	00:28:40.140	0.83105				2
2024.12.16	00:28:48.661	0.83106				2
2024.12.16	00:29:01.557	0.83106				2
2024.12.16	00:29:03.235	0.83111	0.83182			6
2024.12.16	00:29:04.642	0.83110	0.83181			6
2024.12.16	00:29:07.885	0.83113	0.83184			6
2024.12.16	00:29:14.473	0.83111	0.83181			6
2024.12.16	00:29:16.097	0.83105	0.83175			6
2024.12.16	00:29:22.985	0.83094	0.83164			6
2024.12.16	00:29:23.636	0.83090	0.83160			6
2024.12.16	00:29:23.944	0.83069				2
2024.12.16	00:29:24.353	0.83064				2
2024.12.16	00:29:25.125		0.83161			4
2024.12.16	00:29:26.114		0.83160			4
2024.12.16	00:29:26.554	0.83065				2
2024.12.16	00:29:27.057		0.83159			4
2024.12.16	00:29:28.736	0.83064				2
2024.12.16	00:29:29.119	0.83065				2
2024.12.16	00:29:29.554	0.83069	0.83156			6
2024.12.16	00:29:30.835	0.83068				2
2024.12.16	00:29:33.057	0.83070	0.83152			6
2024.12.16	00:29:35.115	0.83069	0.83151			6
2024.12.16	00:29:37.119	0.83068	0.83152			6
2024.12.16	00:29:38.123	0.83082	0.83157			6
2024.12.16	00:29:38.942	0.83081	0.83158			6
2024.12.16	00:29:39.835		0.83157			4
2024.12.16	00:29:41.935	0.83080				2
2024.12.16	00:29:42.245		0.83158			4
2024.12.16	00:29:43.120	0.83081	0.83157			6
2024.12.16	00:29:44.125	0.83080	0.83158			6
2024.12.16	00:29:44.640	0.83084				2
2024.12.16	00:29:46.120	0.83085	0.83157			6
2024.12.16	00:29:47.121	0.83084	0.83158			6
2024.12.16	00:29:48.118	0.83085	0.83157			6
2024.12.16	00:29:56.148		0.83156			4
2024.12.16	00:30:00.306	0.83084	0.83157			6
2024.12.16	00:30:02.635	0.83085				2
2024.12.16	00:30:04.055	0.83083	0.83159			6
2024.12.16	00:30:04.764	0.83080	0.83161			6
2024.12.16	00:30:06.277	0.83081				2
2024.12.16	00:30:08.337	0.83080				2
2024.12.16	00:30:09.066	0.83079	0.83163			6
2024.12.16	00:30:10.117		0.83164			4
2024.12.16	00:30:10.697	0.83075	0.83168			6
2024.12.16	00:30:13.125	0.83074				2
2024.12.16	00:30:13.660	0.83073	0.83169			6
2024.12.16	00:30:14.047		0.83168			4
2024.12.16	00:30:15.087		0.83170			4
2024.12.16	00:30:16.427	0.83075	0.83167			6
2024.12.16	00:30:16.972		0.83164			4
2024.12.16	00:30:18.248		0.83163			4
2024.12.16	00:30:19.455	0.83074	0.83164			6
2024.12.16	00:30:20.245	0.83071	0.83157			6
2024.12.16	00:30:21.081	0.83072				2
2024.12.16	00:30:22.246		0.83160			4
2024.12.16	00:30:22.716	0.83071				2
2024.12.16	00:30:23.142	0.83069	0.83151			6
2024.12.16	00:30:23.946		0.83150			4
2024.12.16	00:30:25.255		0.83152			4
2024.12.16	00:30:26.614	0.83070	0.83146			6
2024.12.16	00:30:27.029		0.83148			4
2024.12.16	00:30:27.471	0.83073	0.83152			6
2024.12.16	00:30:28.134	0.83071	0.83151			6
2024.12.16	00:30:28.435		0.83149			4
2024.12.16	00:30:29.646		0.83148			4
2024.12.16	00:30:30.577		0.83151			4
2024.12.16	00:30:38.696	0.83070				2
2024.12.16	00:30:42.772	0.83071				2
2024.12.16	00:30:44.934		0.83158			4
2024.12.16	00:30:47.941		0.83157			4
2024.12.16	00:30:48.948	0.83069	0.83139			6
2024.12.16	00:30:49.338	0.83068	0.83140			6
2024.12.16	00:30:51.240		0.83139			4
2024.12.16	00:30:52.827	0.83070	0.83159			6
2024.12.16	00:30:54.938	0.83071				2
2024.12.16	00:30:56.044	0.83072				2
2024.12.16	00:30:56.645	0.83070	0.83148			6
2024.12.16	00:30:58.354	0.83071	0.83146			6
2024.12.16	00:31:00.546	0.83073	0.83163			6
2024.12.16	00:31:04.357	0.83076				2
2024.12.16	00:31:04.945	0.83077				2
2024.12.16	00:31:05.294	0.83076				2
2024.12.16	00:31:06.360	0.83077				2
2024.12.16	00:31:06.836	0.83075				2
2024.12.16	00:31:13.187	0.83076				2
2024.12.16	00:31:15.312	0.83079				2
2024.12.16	00:31:20.346	0.83082				2
2024.12.16	00:31:23.936		0.83160			4
2024.12.16	00:31:25.152	0.83087	0.83159			6
2024.12.16	00:31:25.451	0.83084				2
2024.12.16	00:31:25.767	0.83085	0.83158			6
2024.12.16	00:31:26.135	0.83086	0.83157			6
2024.12.16	00:31:26.642		0.83159			4
2024.12.16	00:31:29.938		0.83156			4
2024.12.16	00:31:33.927	0.83088	0.83153			6
2024.12.16	00:31:34.453	0.83085	0.83157			6
2024.12.16	00:31:35.334	0.83084				2
2024.12.16	00:31:38.335	0.83085				2
2024.12.16	00:31:41.336		0.83156			4
2024.12.16	00:31:42.835		0.83157			4
2024.12.16	00:31:44.305	0.83086				2
2024.12.16	00:31:46.613	0.83089	0.83154			6
2024.12.16	00:31:49.242	0.83086	0.83157			6
2024.12.16	00:31:51.538		0.83155			4
2024.12.16	00:31:52.118	0.83089	0.83153			6
2024.12.16	00:31:54.438	0.83086	0.83158			6
2024.12.16	00:31:56.637	0.83087	0.83157			6
2024.12.16	00:31:58.138		0.83158			4
2024.12.16	00:32:01.146	0.83087				2
2024.12.16	00:32:01.616	0.83090	0.83156			6
2024.12.16	00:32:02.640		0.83157			4
2024.12.16	00:32:05.934	0.83091				2
2024.12.16	00:32:07.138		0.83156			4
2024.12.16	00:32:08.682	0.83089	0.83154			6
2024.12.16	00:32:15.286	0.83096	0.83166			6
2024.12.16	00:32:15.601	0.83095	0.83168			6
2024.12.16	00:32:16.833		0.83171			4
2024.12.16	00:32:18.359	0.83096				2
2024.12.16	00:32:25.436	0.83095				2
2024.12.16	00:32:27.249	0.83096				2
2024.12.16	00:32:33.382	0.83101				2
2024.12.16	00:32:35.669	0.83110				2
2024.12.16	00:32:37.581	0.83101				2
2024.12.16	00:32:37.955	0.83113				2
2024.12.16	00:32:38.468	0.83114				2
2024.12.16	00:32:38.967	0.83116				2
2024.12.16	00:32:43.088	0.83114				2
2024.12.16	00:32:50.338	0.83115				2
2024.12.16	00:32:55.739	0.83116				2
2024.12.16	00:32:58.907	0.83117				2
2024.12.16	00:32:59.896	0.83120				2
2024.12.16	00:33:00.236	0.83121				2
2024.12.16	00:33:02.254	0.83122				2
2024.12.16	00:33:03.417	0.83116				2
2024.12.16	00:33:05.530	0.83118				2
2024.12.16	00:33:07.329	0.83116				2
2024.12.16	00:33:07.643	0.83118				2
2024.12.16	00:33:14.382	0.83119				2
2024.12.16	00:33:17.003		0.83171			4
2024.12.16	00:33:20.963	0.83112				2
2024.12.16	00:33:26.394	0.83111				2
2024.12.16	00:33:29.201	0.83108				2
2024.12.16	00:33:29.978	0.83109				2
2024.12.16	00:33:32.564	0.83108				2
2024.12.16	00:33:39.359	0.83104				2
2024.12.16	00:33:41.549	0.83105				2
2024.12.16	00:33:44.268	0.83106				2
2024.12.16	00:33:49.136	0.83116				2
2024.12.16	00:33:51.938	0.83117				2
2024.12.16	00:33:53.838	0.83118				2
2024.12.16	00:33:54.153	0.83119				2
2024.12.16	00:33:54.548	0.83116				2
2024.12.16	00:33:56.335	0.83117				2
2024.12.16	00:33:58.389	0.83120				2
2024.12.16	00:34:00.122	0.83120				2
2024.12.16	00:34:01.589	0.83121				2
2024.12.16	00:34:02.480	0.83122				2
2024.12.16	00:34:07.541	0.83123				2
2024.12.16	00:34:11.276	0.83126				2
2024.12.16	00:34:12.790	0.83125				2
2024.12.16	00:34:13.377	0.83127				2
2024.12.16	00:34:17.717		0.83171			4
2024.12.16	00:34:18.050	0.83126				2
2024.12.16	00:34:22.665	0.83127				2
2024.12.16	00:34:24.508	0.83129				2
2024.12.16	00:34:24.834	0.83128				2
2024.12.16	00:34:42.989	0.83130				2
2024.12.16	00:34:47.636	0.83131				2
2024.12.16	00:35:00.366	0.83134				2
2024.12.16	00:35:04.177	0.83133				2
2024.12.16	00:35:05.957	0.83131				2
2024.12.16	00:35:07.110	0.83135				2
2024.12.16	00:35:07.447	0.83133				2
2024.12.16	00:35:08.529	0.83114				2
2024.12.16	00:35:09.020	0.83118				2
2024.12.16	00:35:10.317	0.83113				2
2024.12.16	00:35:10.631	0.83112				2
2024.12.16	00:35:11.019	0.83123				2
2024.12.16	00:35:11.348	0.83112				2
2024.12.16	00:35:13.099	0.83121				2
2024.12.16	00:35:13.402	0.83117				2
2024.12.16	00:35:13.740	0.83121				2
2024.12.16	00:35:14.133	0.83120				2
2024.12.16	00:35:14.597	0.83118				2
2024.12.16	00:35:15.017	0.83119				2
2024.12.16	00:35:17.006	0.83120				2
2024.12.16	00:35:18.837	0.83121	0.83171			6
2024.12.16	00:35:20.042	0.83126				2
2024.12.16	00:35:20.935	0.83122				2
2024.12.16	00:35:21.485	0.83134				2
2024.12.16	00:35:23.149	0.83135				2
2024.12.16	00:35:23.629	0.83137				2
2024.12.16	00:35:24.836	0.83141				2
2024.12.16	00:35:26.934	0.83138				2
2024.12.16	00:35:28.134	0.83132				2
2024.12.16	00:35:28.812	0.83135				2
2024.12.16	00:35:29.297	0.83132				2
2024.12.16	00:35:30.538	0.83134				2
2024.12.16	00:35:31.166	0.83141				2
2024.12.16	00:35:31.891	0.83145				2
2024.12.16	00:35:33.637	0.83142				2
2024.12.16	00:35:35.936	0.83143				2
2024.12.16	00:35:37.677	0.83140				2
2024.12.16	00:35:38.601	0.83141				2
2024.12.16	00:35:39.116	0.83142				2
2024.12.16	00:35:39.612	0.83138				2
2024.12.16	00:35:40.087	0.83140				2
2024.12.16	00:35:40.558	0.83138				2
2024.12.16	00:35:42.155	0.83143				2
2024.12.16	00:35:42.590	0.83144				2
2024.12.16	00:35:48.836	0.83146	0.83172			6
2024.12.16	00:36:00.438	0.83146				2
2024.12.16	00:36:02.340	0.83147	0.83173			6
2024.12.16	00:36:15.619	0.83146	0.83172			6
2024.12.16	00:36:46.774	0.83142	0.83171			6
2024.12.16	00:36:47.246	0.83126				2
2024.12.16	00:36:47.682	0.83114				2
2024.12.16	00:36:48.019	0.83126				2
2024.12.16	00:36:50.938	0.83127				2
2024.12.16	00:36:52.015	0.83130				2
2024.12.16	00:36:53.407	0.83129				2
2024.12.16	00:36:53.763	0.83128				2
2024.12.16	00:36:54.247	0.83130				2
2024.12.16	00:36:55.391	0.83127				2
2024.12.16	00:36:57.836	0.83128				2
2024.12.16	00:36:58.303	0.83130				2
2024.12.16	00:37:00.835	0.83132				2
2024.12.16	00:37:02.611	0.83131				2
2024.12.16	00:37:04.633	0.83133				2
2024.12.16	00:37:06.578	0.83129				2
2024.12.16	00:37:07.935	0.83132				2
2024.12.16	00:37:09.166	0.83135				2
2024.12.16	00:37:09.680	0.83133				2
2024.12.16	00:37:10.131	0.83132				2
2024.12.16	00:37:12.587	0.83134				2
2024.12.16	00:37:14.767	0.83133				2
2024.12.16	00:37:16.207	0.83131				2
2024.12.16	00:37:16.623	0.83130				2
2024.12.16	00:37:17.720	0.83137				2
2024.12.16	00:37:18.675	0.83133				2
2024.12.16	00:37:19.702	0.83132				2
2024.12.16	00:37:23.984	0.83130				2
2024.12.16	00:37:24.336	0.83134				2
2024.12.16	00:37:24.715	0.83131				2
2024.12.16	00:37:25.262	0.83134				2
2024.12.16	00:37:26.216	0.83135				2
2024.12.16	00:37:27.235	0.83134				2
2024.12.16	00:37:33.935	0.83136				2
2024.12.16	00:37:46.713	0.83139				2
2024.12.16	00:37:47.337	0.83141	0.83171			6
2024.12.16	00:37:48.834	0.83140				2
2024.12.16	00:37:50.301	0.83141				2
2024.12.16	00:37:50.959	0.83140				2
2024.12.16	00:37:53.645	0.83139				2
2024.12.16	00:38:00.836	0.83139				2
2024.12.16	00:38:03.660		0.83192			4
2024.12.16	00:38:11.987	0.83141	0.83195			6
2024.12.16	00:38:12.334	0.83139				2
2024.12.16	00:38:13.234	0.83140	0.83196			6
2024.12.16	00:38:15.567		0.83195			4
2024.12.16	00:38:16.350	0.83141	0.83194			6
2024.12.16	00:38:18.178	0.83140	0.83195			6
2024.12.16	00:38:19.221	0.83141	0.83194			6
2024.12.16	00:38:20.124	0.83142	0.83195			6
2024.12.16	00:38:24.545		0.83194			4
2024.12.16	00:38:28.138	0.83143	0.83196			6
2024.12.16	00:38:29.934	0.83144				2
2024.12.16	00:38:33.542		0.83197			4
2024.12.16	00:38:36.841	0.83143	0.83196			6
2024.12.16	00:38:39.537	0.83142				2
2024.12.16	00:38:39.922		0.83195			4
2024.12.16	00:38:44.040	0.83143				2
2024.12.16	00:38:44.341		0.83196			4
2024.12.16	00:38:48.234	0.83142	0.83195			6
2024.12.16	00:38:51.968	0.83143	0.83196			6
2024.12.16	00:38:52.520	0.83142				2
2024.12.16	00:38:53.529	0.83141	0.83197			6
2024.12.16	00:38:53.941	0.83139				2
2024.12.16	00:38:56.940	0.83138				2
2024.12.16	00:38:58.435	0.83139				2
2024.12.16	00:38:59.937	0.83138				2
2024.12.16	00:39:01.463	0.83138				2
2024.12.16	00:39:05.791		0.83198			4
2024.12.16	00:39:07.102	0.83139				2
2024.12.16	00:39:07.737		0.83197			4
2024.12.16	00:39:09.540	0.83138				2
2024.12.16	00:39:11.336		0.83198			4
2024.12.16	00:39:14.641	0.83139				2
2024.12.16	00:39:25.681	0.83138	0.83199			6
2024.12.16	00:39:27.074	0.83137	0.83200			6
2024.12.16	00:39:27.751	0.83139				2
2024.12.16	00:39:28.149		0.83201			4
2024.12.16	00:39:28.668	0.83142				2
2024.12.16	00:39:29.035	0.83139				2
2024.12.16	00:39:29.637	0.83140				2
2024.12.16	00:39:30.143	0.83135	0.83199			6
2024.12.16	00:39:34.147	0.83140	0.83201			6
2024.12.16	00:39:35.035	0.83134				2
2024.12.16	00:39:35.344		0.83200			4
2024.12.16	00:39:35.679	0.83133	0.83201			6
2024.12.16	00:39:36.137	0.83132	0.83200			6
2024.12.16	00:39:36.903	0.83136	0.83202			6
2024.12.16	00:39:37.248	0.83131				2
2024.12.16	00:39:38.141	0.83135	0.83201			6
2024.12.16	00:39:39.119	0.83133				2
2024.12.16	00:39:41.551		0.83200			4
2024.12.16	00:39:43.002	0.83140	0.83194			6
2024.12.16	00:39:43.346	0.83136	0.83199			6
2024.12.16	00:39:44.041	0.83134	0.83198			6
2024.12.16	00:39:44.701	0.83133	0.83199			6
2024.12.16	00:39:45.232	0.83132	0.83200			6
2024.12.16	00:39:45.654	0.83134	0.83199			6
2024.12.16	00:39:46.687	0.83133	0.83198			6
2024.12.16	00:39:47.036		0.83199			4
2024.12.16	00:39:48.238	0.83132				2
2024.12.16	00:39:53.634	0.83141				2
2024.12.16	00:39:54.229	0.83142	0.83198			6
2024.12.16	00:40:00.791	0.83142				2
2024.12.16	00:40:07.992	0.83139				2
2024.12.16	00:40:12.241		0.83197			4
2024.12.16	00:40:12.551	0.83141				2
2024.12.16	00:40:14.671	0.83137	0.83210			6
2024.12.16	00:40:15.016		0.83212			4
2024.12.16	00:40:15.535	0.83127	0.83221			6
2024.12.16	00:40:15.842	0.83129	0.83218			6
2024.12.16	00:40:16.149		0.83221			4
2024.12.16	00:40:17.044		0.83222			4
2024.12.16	00:40:17.596		0.83221			4
2024.12.16	00:40:18.107		0.83220			4
2024.12.16	00:40:19.537		0.83219			4
2024.12.16	00:40:19.880		0.83223			4
2024.12.16	00:40:20.186		0.83225			4
2024.12.16	00:40:20.622		0.83226			4
2024.12.16	00:40:20.968		0.83222			4
2024.12.16	00:40:21.707		0.83224			4
2024.12.16	00:40:22.163		0.83222			4
2024.12.16	00:40:22.704		0.83221			4
2024.12.16	00:40:23.203	0.83134	0.83219			6
2024.12.16	00:40:24.016	0.83132	0.83220			6
2024.12.16	00:40:25.052	0.83129	0.83245			6
2024.12.16	00:40:25.368		0.83244			4
2024.12.16	00:40:25.896		0.83240			4
2024.12.16	00:40:26.350		0.83243			4
2024.12.16	00:40:26.721		0.83240			4
2024.12.16	00:40:27.164		0.83242			4
2024.12.16	00:40:27.624		0.83246			4
2024.12.16	00:40:28.226		0.83245			4
2024.12.16	00:40:28.556		0.83244			4
2024.12.16	00:40:30.173		0.83242			4
2024.12.16	00:40:30.535		0.83231			4
2024.12.16	00:40:30.843		0.83229			4
2024.12.16	00:40:31.738		0.83231			4
2024.12.16	00:40:32.165		0.83227			4
2024.12.16	00:40:33.750		0.83229			4
2024.12.16	00:40:34.222		0.83228			4
2024.12.16	00:40:36.067	0.83136	0.83230			6
2024.12.16	00:40:36.388		0.83228			4
2024.12.16	00:40:37.957	0.83138	0.83227			6
2024.12.16	00:40:38.334		0.83223			4
2024.12.16	00:40:39.012		0.83224			4
2024.12.16	00:40:40.062	0.83133	0.83228			6
2024.12.16	00:40:40.440	0.83140				2
2024.12.16	00:40:40.746	0.83141	0.83227			6
2024.12.16	00:40:41.082		0.83229			4
2024.12.16	00:40:41.556		0.83227			4
2024.12.16	00:40:41.861		0.83228			4
2024.12.16	00:40:42.805	0.83140	0.83229			6
2024.12.16	00:40:43.249	0.83139	0.83230			6
2024.12.16	00:40:43.577	0.83141	0.83228			6
2024.12.16	00:40:44.123	0.83144				2
2024.12.16	00:40:44.743	0.83143	0.83229			6
2024.12.16	00:40:45.538	0.83141	0.83230			6
2024.12.16	00:40:46.481	0.83145	0.83227			6
2024.12.16	00:40:46.784	0.83143	0.83228			6
2024.12.16	00:40:47.862	0.83142	0.83229			6
2024.12.16	00:40:49.184	0.83143	0.83228			6
2024.12.16	00:40:49.742	0.83144				2
2024.12.16	00:40:50.442	0.83148	0.83224			6
2024.12.16	00:40:51.483		0.83223			4
2024.12.16	00:40:51.936	0.83146	0.83226			6
2024.12.16	00:40:52.544	0.83143	0.83229			6
2024.12.16	00:40:53.701		0.83230			4
2024.12.16	00:40:54.645	0.83142				2
2024.12.16	00:40:55.241	0.83144	0.83229			6
2024.12.16	00:40:55.702	0.83142	0.83231			6
2024.12.16	00:40:56.162	0.83141	0.83233			6
2024.12.16	00:40:56.640	0.83143				2
2024.12.16	00:40:57.437	0.83146	0.83232			6
2024.12.16	00:40:57.809	0.83148	0.83230			6
2024.12.16	00:40:58.621	0.83146	0.83231			6
2024.12.16	00:40:59.336	0.83144	0.83232			6
2024.12.16	00:41:00.251	0.83142	0.83234			6
2024.12.16	00:41:00.581	0.83144	0.83232			6
2024.12.16	00:41:00.906	0.83146	0.83231			6
2024.12.16	00:41:01.243	0.83143	0.83234			6
2024.12.16	00:41:01.909		0.83233			4
2024.12.16	00:41:02.442	0.83142	0.83234			6
2024.12.16	00:41:02.969	0.83143				2
2024.12.16	00:41:03.304	0.83144	0.83232			6
2024.12.16	00:41:03.606	0.83143	0.83233			6
2024.12.16	00:41:03.907	0.83141				2
2024.12.16	00:41:04.213	0.83146	0.83228			6
2024.12.16	00:41:04.706		0.83229			4
2024.12.16	00:41:05.050	0.83143	0.83231			6
2024.12.16	00:41:05.362	0.83142				2
2024.12.16	00:41:05.713	0.83143	0.83230			6
2024.12.16	00:41:07.854	0.83137	0.83229			6
2024.12.16	00:41:09.074		0.83230			4
2024.12.16	00:41:09.379		0.83232			4
2024.12.16	00:41:12.061	0.83140				2
2024.12.16	00:41:13.055	0.83143	0.83228			6
2024.12.16	00:41:13.537	0.83139	0.83230			6
2024.12.16	00:41:14.184	0.83137	0.83233			6
2024.12.16	00:41:14.940	0.83138				2
2024.12.16	00:41:15.562	0.83140	0.83230			6
2024.12.16	00:41:17.289	0.83141				2
2024.12.16	00:41:17.612	0.83145	0.83227			6
2024.12.16	00:41:17.940	0.83144				2
2024.12.16	00:41:18.668	0.83145	0.83228			6
2024.12.16	00:41:19.083	0.83146				2
2024.12.16	00:41:20.036	0.83149	0.83225			6
2024.12.16	00:41:20.342	0.83143				2
2024.12.16	00:41:20.886	0.83144				2
2024.12.16	00:41:21.201		0.83226			4
2024.12.16	00:41:23.341	0.83146				2
2024.12.16	00:41:24.335	0.83145				2
2024.12.16	00:41:25.124	0.83146	0.83227			6
2024.12.16	00:41:27.735	0.83147				2
2024.12.16	00:41:29.138	0.83148	0.83226			6
2024.12.16	00:41:29.451	0.83147	0.83227			6
2024.12.16	00:41:30.361	0.83148	0.83226			6
2024.12.16	00:41:30.753	0.83146	0.83228			6
2024.12.16	00:41:32.320	0.83148	0.83226			6
2024.12.16	00:41:33.433	0.83153	0.83227			6
2024.12.16	00:41:35.640	0.83149	0.83228			6
2024.12.16	00:41:42.064	0.83148	0.83230			6
2024.12.16	00:41:43.793	0.83154	0.83231			6
2024.12.16	00:41:44.111		0.83230			4
2024.12.16	00:41:44.664	0.83150	0.83234			6
2024.12.16	00:41:45.011	0.83152	0.83233			6
2024.12.16	00:41:45.377	0.83151	0.83234			6
2024.12.16	00:41:46.166	0.83157				2
2024.12.16	00:41:48.144		0.83235			4
2024.12.16	00:41:49.154	0.83150				2
2024.12.16	00:41:49.915	0.83149	0.83236			6
2024.12.16	00:41:50.241	0.83143	0.83241			6
2024.12.16	00:41:50.928	0.83142				2
2024.12.16	00:41:51.312	0.83153				2
2024.12.16	00:41:52.169	0.83145				2
2024.12.16	00:41:53.995	0.83150				2
2024.12.16	00:42:00.090	0.83150	0.83238			6
2024.12.16	00:42:00.450		0.83241			4
2024.12.16	00:42:03.303	0.83158				2
2024.12.16	00:42:03.666	0.83155				2
2024.12.16	00:42:05.454	0.83152				2
2024.12.16	00:42:11.311	0.83159				2
2024.12.16	00:42:12.055	0.83151				2
2024.12.16	00:42:12.491	0.83150				2
2024.12.16	00:42:13.537	0.83151				2
2024.12.16	00:42:14.096	0.83150				2
2024.12.16	00:42:15.615	0.83158				2
2024.12.16	00:42:16.312	0.83170				2
2024.12.16	00:42:17.316	0.83157				2
2024.12.16	00:42:17.736	0.83156				2
2024.12.16	00:42:18.350	0.83155				2
2024.12.16	00:42:18.702		0.83242			4
2024.12.16	00:42:20.354	0.83156				2
2024.12.16	00:42:21.728	0.83155				2
2024.12.16	00:42:22.662	0.83156				2
2024.12.16	00:42:23.056	0.83159				2
2024.12.16	00:42:24.182	0.83168				2
2024.12.16	00:42:25.222	0.83159				2
2024.12.16	00:42:25.712	0.83158				2
2024.12.16	00:42:29.196	0.83162				2
2024.12.16	00:42:30.241	0.83158				2
2024.12.16	00:42:31.233	0.83157				2
2024.12.16	00:42:31.687	0.83158				2
2024.12.16	00:42:31.994	0.83160				2
2024.12.16	00:42:32.309	0.83176				2
2024.12.16	00:42:33.050	0.83159				2
2024.12.16	00:42:34.039	0.83158				2
2024.12.16	00:42:35.341	0.83159				2
2024.12.16	00:42:37.418	0.83160				2
2024.12.16	00:42:37.739	0.83162				2
2024.12.16	00:42:40.559	0.83163				2
2024.12.16	00:42:41.634	0.83162				2
2024.12.16	00:42:45.313	0.83165				2
2024.12.16	00:42:46.251	0.83162				2
2024.12.16	00:42:46.712	0.83163				2
2024.12.16	00:42:47.310	0.83174				2
2024.12.16	00:42:48.247	0.83165	0.83239			6
2024.12.16	00:42:49.144	0.83166				2
2024.12.16	00:42:51.557		0.83238			4
2024.12.16	00:42:51.900	0.83164	0.83240			6
2024.12.16	00:42:53.281	0.83165				2
2024.12.16	00:42:54.788	0.83164	0.83241			6
2024.12.16	00:42:55.162	0.83165	0.83239			6
2024.12.16	00:42:56.343	0.83166				2
2024.12.16	00:42:57.808	0.83167	0.83238			6
2024.12.16	00:42:59.636	0.83168				2
2024.12.16	00:43:01.559	0.83168				2
2024.12.16	00:43:06.353	0.83170				2
2024.12.16	00:43:08.356	0.83171				2
2024.12.16	00:43:08.938		0.83239			4
2024.12.16	00:43:09.500		0.83238			4
2024.12.16	00:43:12.816	0.83172	0.83237			6
2024.12.16	00:43:15.484	0.83171	0.83238			6
2024.12.16	00:43:18.354	0.83172				2
2024.12.16	00:43:28.429		0.83237			4
2024.12.16	00:43:29.344	0.83173	0.83238			6
2024.12.16	00:43:35.667	0.83166	0.83234			6
2024.12.16	00:43:36.089	0.83165	0.83233			6
2024.12.16	00:43:36.584	0.83163				2
2024.12.16	00:43:37.301	0.83164	0.83234			6
2024.12.16	00:43:39.214	0.83163	0.83233			6
2024.12.16	00:43:42.349	0.83164				2
2024.12.16	00:43:45.395	0.83161	0.83225			6
2024.12.16	00:43:45.768	0.83153	0.83228			6
2024.12.16	00:43:46.078	0.83152				2
2024.12.16	00:43:46.382	0.83154				2
2024.12.16	00:43:46.758	0.83156	0.83224			6
2024.12.16	00:43:47.760	0.83152	0.83228			6
2024.12.16	00:43:48.239	0.83154				2
2024.12.16	00:43:49.158	0.83156	0.83226			6
2024.12.16	00:43:49.755	0.83152	0.83225			6
2024.12.16	00:43:50.751		0.83224			4
2024.12.16	00:43:51.751	0.83153				2
2024.12.16	00:43:52.818	0.83152				2
2024.12.16	00:43:54.157	0.83150	0.83226			6
2024.12.16	00:43:54.462	0.83151				2
2024.12.16	00:43:54.765	0.83150	0.83225			6
2024.12.16	00:43:55.161	0.83152				2
2024.12.16	00:43:55.464		0.83226			4
2024.12.16	00:43:56.191	0.83150	0.83223			6
2024.12.16	00:43:57.241	0.83151				2
2024.12.16	00:43:58.169		0.83221			4
2024.12.16	00:43:58.752	0.83149	0.83222			6
2024.12.16	00:43:59.337	0.83150				2
2024.12.16	00:44:00.622	0.83152	0.83220			6
2024.12.16	00:44:01.170	0.83151	0.83218			6
2024.12.16	00:44:01.486	0.83149				2
2024.12.16	00:44:01.830	0.83148	0.83219			6
2024.12.16	00:44:02.171	0.83149	0.83218			6
2024.12.16	00:44:02.753	0.83147	0.83219			6
2024.12.16	00:44:03.375		0.83218			4
2024.12.16	00:44:08.035	0.83149	0.83220			6
2024.12.16	00:44:08.363	0.83148				2
2024.12.16	00:44:08.741	0.83144	0.83221			6
2024.12.16	00:44:09.261	0.83146	0.83222			6
2024.12.16	00:44:09.570	0.83147	0.83221			6
2024.12.16	00:44:09.897	0.83148	0.83220			6
2024.12.16	00:44:10.257	0.83149	0.83219			6
2024.12.16	00:44:12.050	0.83148	0.83218			6
2024.12.16	00:44:13.742		0.83217			4
2024.12.16	00:44:14.558	0.83146				2
2024.12.16	00:44:15.067	0.83145				2
2024.12.16	00:44:15.836	0.83144	0.83218			6
2024.12.16	00:44:16.832		0.83219			4
2024.12.16	00:44:17.258	0.83143	0.83220			6
2024.12.16	00:44:17.854	0.83142	0.83221			6
2024.12.16	00:44:18.272	0.83143	0.83219			6
2024.12.16	00:44:18.739	0.83141	0.83222			6
2024.12.16	00:44:19.681	0.83142	0.83221			6
2024.12.16	00:44:20.940	0.83141	0.83222			6
2024.12.16	00:44:26.609	0.83142				2
2024.12.16	00:44:26.942	0.83145	0.83220			6
2024.12.16	00:44:27.470	0.83144	0.83221			6
2024.12.16	00:44:28.323	0.83146	0.83217			6
2024.12.16	00:44:28.630	0.83143	0.83220			6
2024.12.16	00:44:29.466	0.83149	0.83215			6
2024.12.16	00:44:29.941	0.83148				2
2024.12.16	00:44:33.237	0.83147				2
2024.12.16	00:44:35.244	0.83148				2
2024.12.16	00:44:35.720	0.83143	0.83220			6
2024.12.16	00:44:36.181		0.83221			4
2024.12.16	00:44:37.176	0.83142				2
2024.12.16	00:44:37.712	0.83144	0.83218			6
2024.12.16	00:44:38.300	0.83146	0.83217			6
2024.12.16	00:44:39.538	0.83147				2
2024.12.16	00:44:39.951	0.83156	0.83223			6
2024.12.16	00:44:45.550	0.83158	0.83220			6
2024.12.16	00:44:46.059	0.83157	0.83222			6
2024.12.16	00:44:46.760	0.83156	0.83223			6
2024.12.16	00:44:48.842		0.83222			4
2024.12.16	00:44:50.215		0.83223			4
2024.12.16	00:44:51.881	0.83159	0.83220			6
2024.12.16	00:44:52.184	0.83156	0.83223			6
2024.12.16	00:44:53.934	0.83157	0.83222			6
2024.12.16	00:44:54.239	0.83156	0.83223			6
2024.12.16	00:44:59.489		0.83222			4
2024.12.16	00:45:00.539	0.83157				2
2024.12.16	00:45:01.558	0.83156	0.83223			6
2024.12.16	00:45:02.098	0.83165	0.83232			6
2024.12.16	00:45:03.796	0.83155	0.83223			6
2024.12.16	00:45:07.725	0.83175	0.83213			6
2024.12.16	00:45:08.340	0.83174				2
2024.12.16	00:45:08.995		0.83214			4
2024.12.16	00:45:10.139	0.83173				2
2024.12.16	00:45:10.582	0.83174				2
2024.12.16	00:45:11.018	0.83173	0.83215			6
2024.12.16	00:45:12.834	0.83177	0.83211			6
2024.12.16	00:45:14.937	0.83176				2
2024.12.16	00:45:15.335	0.83174	0.83214			6
2024.12.16	00:45:17.335		0.83213			4
2024.12.16	00:45:18.355		0.83214			4
2024.12.16	00:45:18.739	0.83173				2
2024.12.16	00:45:21.554	0.83174				2
2024.12.16	00:45:22.423		0.83213			4
2024.12.16	00:45:25.199		0.83214			4
2024.12.16	00:45:26.486	0.83171	0.83221			6
2024.12.16	00:45:26.982		0.83222			4
2024.12.16	00:45:27.478	0.83168	0.83224			6
2024.12.16	00:45:28.350	0.83169	0.83223			6
2024.12.16	00:45:28.664	0.83168	0.83225			6
2024.12.16	00:45:29.021		0.83224			4
2024.12.16	00:45:29.949		0.83225			4
2024.12.16	00:45:31.036	0.83170	0.83223			6
2024.12.16	00:45:31.362	0.83169				2
2024.12.16	00:45:31.672	0.83155	0.83230			6
2024.12.16	00:45:31.981	0.83157				2
2024.12.16	00:45:32.288	0.83158				2
2024.12.16	00:45:32.632	0.83149				2
2024.12.16	00:45:33.276	0.83155				2
2024.12.16	00:45:34.708	0.83165				2
2024.12.16	00:45:35.017	0.83156				2
2024.12.16	00:45:35.535	0.83159				2
2024.12.16	00:45:36.439	0.83157				2
2024.12.16	00:45:37.320	0.83159				2
2024.12.16	00:45:39.840	0.83161				2
2024.12.16	00:45:40.180	0.83162				2
2024.12.16	00:45:40.629	0.83164				2
2024.12.16	00:45:41.222	0.83165				2
2024.12.16	00:45:41.621	0.83169				2
2024.12.16	00:45:42.185	0.83170				2
2024.12.16	00:45:43.204	0.83171				2
2024.12.16	00:45:43.698	0.83167				2
2024.12.16	00:45:45.171	0.83174				2
2024.12.16	00:45:45.770	0.83171				2
2024.12.16	00:45:46.641	0.83176				2
2024.12.16	00:45:46.955	0.83174				2
2024.12.16	00:45:48.419	0.83175				2
2024.12.16	00:45:49.263	0.83178	0.83228			6
2024.12.16	00:45:49.642	0.83175	0.83229			6
2024.12.16	00:45:49.947	0.83169	0.83230			6
2024.12.16	00:45:51.184	0.83173	0.83228			6
2024.12.16	00:45:52.214	0.83171	0.83230			6
2024.12.16	00:45:52.694	0.83176	0.83229			6
2024.12.16	00:45:53.003	0.83175	0.83230			6
2024.12.16	00:45:53.319	0.83179				2
2024.12.16	00:45:54.514	0.83180	0.83229			6
2024.12.16	00:45:56.359		0.83228			4
2024.12.16	00:45:57.473	0.83177	0.83229			6
2024.12.16	00:45:58.621	0.83176				2
2024.12.16	00:46:00.119	0.83179	0.83227			6
2024.12.16	00:46:00.690	0.83178	0.83228			6
2024.12.16	00:46:01.757	0.83176	0.83230			6
2024.12.16	00:46:02.701	0.83174	0.83229			6
2024.12.16	00:46:03.309	0.83175				2
2024.12.16	00:46:04.175	0.83176				2
2024.12.16	00:46:04.922	0.83177				2
2024.12.16	00:46:05.270		0.83228			4
2024.12.16	00:46:05.634	0.83179				2
2024.12.16	00:46:08.652	0.83178	0.83229			6
2024.12.16	00:46:09.060	0.83177				2
2024.12.16	00:46:10.501	0.83178	0.83228			6
2024.12.16	00:46:11.324	0.83179	0.83227			6
2024.12.16	00:46:11.707	0.83177	0.83228			6
2024.12.16	00:46:12.675	0.83178	0.83227			6
2024.12.16	00:46:13.475	0.83177				2
2024.12.16	00:46:14.035	0.83176	0.83228			6
2024.12.16	00:46:15.843	0.83177	0.83227			6
2024.12.16	00:46:16.777	0.83175	0.83229			6
2024.12.16	00:46:17.779	0.83177	0.83227			6
2024.12.16	00:46:18.210	0.83178				2
2024.12.16	00:46:22.086	0.83177	0.83228			6
2024.12.16	00:46:22.436	0.83178				2
2024.12.16	00:46:24.616		0.83229			4
2024.12.16	00:46:25.737	0.83179	0.83227			6
2024.12.16	00:46:26.234	0.83178	0.83228			6
2024.12.16	00:46:26.882	0.83179	0.83227			6
2024.12.16	00:46:27.309		0.83228			4
2024.12.16	00:46:28.726	0.83180	0.83227			6
2024.12.16	00:46:29.258	0.83181	0.83226			6
2024.12.16	00:46:30.123	0.83180	0.83227			6
2024.12.16	00:46:31.436	0.83178				2
2024.12.16	00:46:31.743	0.83180				2
2024.12.16	00:46:33.320	0.83179	0.83228			6
2024.12.16	00:46:34.399		0.83229			4
2024.12.16	00:46:36.120		0.83228			4
2024.12.16	00:46:37.727		0.83229			4
2024.12.16	00:46:38.343		0.83228			4
2024.12.16	00:46:40.141	0.83180				2
2024.12.16	00:46:43.258	0.83179				2
2024.12.16	00:46:46.737	0.83180				2
2024.12.16	00:46:48.234	0.83181				2
2024.12.16	00:46:48.795	0.83178	0.83230			6
2024.12.16	00:46:49.135	0.83179	0.83228			6
2024.12.16	00:46:50.882	0.83177	0.83230			6
2024.12.16	00:46:51.209	0.83179	0.83228			6
2024.12.16	00:46:51.524	0.83177	0.83230			6
2024.12.16	00:46:52.263	0.83180	0.83227			6
2024.12.16	00:46:53.182	0.83177	0.83229			6
2024.12.16	00:46:55.304	0.83178	0.83228			6
2024.12.16	00:46:56.304		0.83229			4
2024.12.16	00:46:57.727		0.83228			4
2024.12.16	00:47:00.371	0.83177	0.83229			6
2024.12.16	00:47:02.097	0.83194	0.83237			6
2024.12.16	00:47:03.958	0.83178	0.83228			6
2024.12.16	00:47:04.899		0.83229			4
2024.12.16	00:47:06.062	0.83181	0.83227			6
2024.12.16	00:47:06.784	0.83183	0.83226			6
2024.12.16	00:47:07.135	0.83180				2
2024.12.16	00:47:07.478	0.83179	0.83225			6
2024.12.16	00:47:10.242		0.83227			4
2024.12.16	00:47:11.623	0.83178	0.83229			6
2024.12.16	00:47:12.184	0.83180	0.83226			6
2024.12.16	00:47:13.436	0.83181				2
2024.12.16	00:47:13.854	0.83180	0.83227			6
2024.12.16	00:47:15.763	0.83181				2
2024.12.16	00:47:18.933	0.83182	0.83224			6
2024.12.16	00:47:19.238	0.83178	0.83229			6
2024.12.16	00:47:19.972	0.83177				2
2024.12.16	00:47:20.984	0.83182	0.83226			6
2024.12.16	00:47:21.307	0.83179	0.83229			6
2024.12.16	00:47:22.936	0.83183	0.83226			6
2024.12.16	00:47:23.265	0.83176	0.83229			6
2024.12.16	00:47:24.167	0.83178	0.83228			6
2024.12.16	00:47:24.781	0.83177	0.83229			6
2024.12.16	00:47:25.680		0.83228			4
2024.12.16	00:47:26.837	0.83178				2
2024.12.16	00:47:28.963	0.83177	0.83229			6
2024.12.16	00:47:30.191	0.83180	0.83227			6
2024.12.16	00:47:30.648	0.83179				2
2024.12.16	00:47:31.422	0.83178	0.83228			6
2024.12.16	00:47:33.384	0.83179	0.83227			6
2024.12.16	00:47:33.806	0.83180				2
2024.12.16	00:47:35.282	0.83178	0.83228			6
2024.12.16	00:47:35.886	0.83179	0.83227			6
2024.12.16	00:47:36.384		0.83228			4
2024.12.16	00:47:36.697		0.83227			4
2024.12.16	00:47:37.003	0.83178				2
2024.12.16	00:47:38.039	0.83175				2
2024.12.16	00:47:38.603	0.83177	0.83226			6
2024.12.16	00:47:39.029	0.83176	0.83227			6
2024.12.16	00:47:40.346		0.83228			4
2024.12.16	00:47:41.938		0.83227			4
2024.12.16	00:47:43.044		0.83228			4
2024.12.16	00:47:44.348	0.83179	0.83227			6
2024.12.16	00:47:44.664		0.83228			4
2024.12.16	00:47:44.997	0.83182	0.83226			6
2024.12.16	00:47:45.836	0.83181	0.83227			6
2024.12.16	00:47:46.349	0.83185	0.83225			6
2024.12.16	00:47:47.635		0.83224			4
2024.12.16	00:47:49.042	0.83177	0.83229			6
2024.12.16	00:47:49.354	0.83181	0.83227			6
2024.12.16	00:47:49.669		0.83225			4
2024.12.16	00:47:50.036	0.83165	0.83238			6
2024.12.16	00:47:50.365	0.83163	0.83235			6
2024.12.16	00:47:50.722		0.83233			4
2024.12.16	00:47:51.126		0.83236			4
2024.12.16	00:47:51.960	0.83167	0.83234			6
2024.12.16	00:47:53.348	0.83168	0.83233			6
2024.12.16	00:47:54.017	0.83161	0.83238			6
2024.12.16	00:47:54.325	0.83155	0.83243			6
2024.12.16	00:47:54.635	0.83158	0.83236			6
2024.12.16	00:47:54.942	0.83171	0.83231			6
2024.12.16	00:47:55.354	0.83172	0.83232			6
2024.12.16	00:47:56.144	0.83161	0.83237			6
2024.12.16	00:47:56.463	0.83172	0.83225			6
2024.12.16	00:47:56.784	0.83169	0.83231			6
2024.12.16	00:47:57.160	0.83166	0.83233			6
2024.12.16	00:47:57.530		0.83232			4
2024.12.16	00:47:58.238	0.83172				2
2024.12.16	00:47:59.098	0.83171				2
2024.12.16	00:48:00.368	0.83171				2
2024.12.16	00:48:00.848	0.83172				2
2024.12.16	00:48:01.456	0.83171				2
2024.12.16	00:48:04.692	0.83172	0.83231			6
2024.12.16	00:48:05.033	0.83173				2
2024.12.16	00:48:06.117	0.83171	0.83240			6
2024.12.16	00:48:06.424	0.83165	0.83230			6
2024.12.16	00:48:06.761	0.83156	0.83233			6
2024.12.16	00:48:07.151	0.83155				2
2024.12.16	00:48:07.659	0.83168	0.83223			6
2024.12.16	00:48:08.973	0.83164	0.83232			6
2024.12.16	00:48:10.468		0.83231			4
2024.12.16	00:48:12.837	0.83163				2
2024.12.16	00:48:17.335	0.83164				2
2024.12.16	00:48:17.824	0.83166	0.83230			6
2024.12.16	00:48:18.241	0.83164	0.83234			6
2024.12.16	00:48:19.364	0.83167				2
2024.12.16	00:48:23.314	0.83165	0.83236			6
2024.12.16	00:48:23.880	0.83163	0.83238			6
2024.12.16	00:48:24.193	0.83165	0.83236			6
2024.12.16	00:48:26.840	0.83169				2
2024.12.16	00:48:28.381	0.83168				2
2024.12.16	00:48:29.035	0.83172	0.83234			6
2024.12.16	00:48:29.682	0.83170	0.83237			6
2024.12.16	00:48:30.258	0.83169	0.83238			6
2024.12.16	00:48:32.635		0.83237			4
2024.12.16	00:48:33.387	0.83175	0.83233			6
2024.12.16	00:48:35.498	0.83176				2
2024.12.16	00:48:38.052		0.83232			4
2024.12.16	00:48:40.735	0.83177	0.83233			6
2024.12.16	00:48:45.838		0.83232			4
2024.12.16	00:48:48.321	0.83174	0.83236			6
2024.12.16	00:48:50.193	0.83173				2
2024.12.16	00:48:51.430	0.83172				2
2024.12.16	00:48:52.350	0.83173				2
2024.12.16	00:48:53.315	0.83176	0.83233			6
2024.12.16	00:48:54.420	0.83174	0.83236			6
2024.12.16	00:48:55.045	0.83173	0.83234			6
2024.12.16	00:48:55.821	0.83167				2
2024.12.16	00:48:56.596	0.83166	0.83235			6
2024.12.16	00:48:58.173	0.83167	0.83231			6
2024.12.16	00:48:59.124	0.83168	0.83232			6
2024.12.16	00:48:59.442	0.83178	0.83223			6
2024.12.16	00:49:00.124	0.83168	0.83234			6
2024.12.16	00:49:01.130	0.83169	0.83233			6
2024.12.16	00:49:01.436	0.83168				2
2024.12.16	00:49:01.856	0.83170	0.83234			6
2024.12.16	00:49:02.162		0.83235			4
2024.12.16	00:49:02.467	0.83174	0.83221			6
2024.12.16	00:49:02.960	0.83173	0.83222			6
2024.12.16	00:49:03.271	0.83159	0.83232			6
2024.12.16	00:49:04.214	0.83162	0.83234			6
2024.12.16	00:49:04.526	0.83163				2
2024.12.16	00:49:06.835		0.83233			4
2024.12.16	00:49:08.038	0.83164				2
2024.12.16	00:49:09.389	0.83163	0.83234			6
2024.12.16	00:49:09.776	0.83167	0.83233			6
2024.12.16	00:49:10.131	0.83168	0.83231			6
2024.12.16	00:49:10.923	0.83166	0.83233			6
2024.12.16	00:49:11.921	0.83171				2
2024.12.16	00:49:13.920	0.83172	0.83231			6
2024.12.16	00:49:14.689	0.83171	0.83232			6
2024.12.16	00:49:14.995	0.83167	0.83234			6
2024.12.16	00:49:15.921	0.83166				2
2024.12.16	00:49:16.752	0.83167	0.83235			6
2024.12.16	00:49:17.116	0.83169				2
2024.12.16	00:49:20.046	0.83165				2
2024.12.16	00:49:20.941	0.83168	0.83234			6
2024.12.16	00:49:22.735		0.83233			4
2024.12.16	00:49:24.354	0.83174				2
2024.12.16	00:49:26.035	0.83175				2
2024.12.16	00:49:28.324	0.83176				2
2024.12.16	00:49:28.839	0.83175				2
2024.12.16	00:49:29.473		0.83232			4
2024.12.16	00:49:30.054	0.83174	0.83233			6
2024.12.16	00:49:30.429	0.83176				2
2024.12.16	00:49:33.839	0.83175				2
2024.12.16	00:49:35.136	0.83174				2
2024.12.16	00:49:40.081	0.83158				2
2024.12.16	00:49:48.561		0.83232			4
2024.12.16	00:49:49.423	0.83159				2
2024.12.16	00:49:51.345	0.83157	0.83234			6
2024.12.16	00:49:52.061	0.83160	0.83231			6
2024.12.16	00:49:54.193	0.83161				2
2024.12.16	00:49:56.937	0.83162	0.83232			6
2024.12.16	00:50:00.241	0.83162				2
2024.12.16	00:50:03.193		0.83231			4
2024.12.16	00:50:04.210	0.83159	0.83234			6
2024.12.16	00:50:05.888	0.83161	0.83233			6
2024.12.16	00:50:06.268	0.83162	0.83231			6
2024.12.16	00:50:15.006	0.83161				2
2024.12.16	00:50:16.735		0.83232			4
2024.12.16	00:50:17.280	0.83162	0.83231			6
2024.12.16	00:50:22.002	0.83168				2
2024.12.16	00:50:23.053	0.83176				2
2024.12.16	00:50:24.056	0.83168				2
2024.12.16	00:50:25.055	0.83182				2
2024.12.16	00:50:25.841	0.83181				2
2024.12.16	00:50:32.843	0.83182				2
2024.12.16	00:50:35.253	0.83180				2
2024.12.16	00:50:36.689	0.83182				2
2024.12.16	00:50:37.967	0.83179	0.83229			6
2024.12.16	00:50:40.113		0.83230			4
2024.12.16	00:50:41.238		0.83228			4
2024.12.16	00:50:41.903	0.83184	0.83231			6
2024.12.16	00:50:42.770	0.83183				2
2024.12.16	00:50:43.978	0.83184				2
2024.12.16	00:50:44.442	0.83177	0.83229			6
2024.12.16	00:50:45.095	0.83184	0.83231			6
2024.12.16	00:50:46.444	0.83181	0.83229			6
2024.12.16	00:50:47.812	0.83177				2
2024.12.16	00:50:48.121	0.83178				2
2024.12.16	00:50:48.546	0.83179				2
2024.12.16	00:50:49.121	0.83180				2
2024.12.16	00:50:49.742		0.83230			4
2024.12.16	00:50:50.353	0.83179				2
2024.12.16	00:50:51.539		0.83229			4
2024.12.16	00:50:51.913	0.83180				2
2024.12.16	00:50:53.325	0.83179	0.83230			6
2024.12.16	00:50:53.711	0.83177	0.83228			6
2024.12.16	00:50:54.802		0.83229			4
2024.12.16	00:50:56.040		0.83230			4
2024.12.16	00:50:57.180		0.83229			4
2024.12.16	00:50:57.690	0.83178				2
2024.12.16	00:50:58.320	0.83181	0.83230			6
2024.12.16	00:51:00.358	0.83181				2
2024.12.16	00:51:01.879		0.83229			4
2024.12.16	00:51:03.321		0.83231			4
2024.12.16	00:51:05.639		0.83230			4
2024.12.16	00:51:07.377		0.83228			4
2024.12.16	00:51:14.473		0.83226			4
2024.12.16	00:51:18.438	0.83182				2
2024.12.16	00:51:18.738	0.83183				2
2024.12.16	00:51:19.688	0.83185	0.83228			6
2024.12.16	00:51:23.389	0.83186				2
2024.12.16	00:51:24.328		0.83229			4
2024.12.16	00:51:26.036		0.83228			4
2024.12.16	00:51:29.037	0.83184	0.83230			6
2024.12.16	00:51:29.422	0.83185				2
2024.12.16	00:51:30.230	0.83183				2
2024.12.16	00:51:33.505	0.83199				2
2024.12.16	00:51:34.358	0.83192				2
2024.12.16	00:51:35.602	0.83195				2
2024.12.16	00:51:36.322	0.83194				2
2024.12.16	00:51:37.324	0.83195				2
2024.12.16	00:51:37.843	0.83194				2
2024.12.16	00:51:40.135	0.83195				2
2024.12.16	00:51:43.081	0.83194				2
2024.12.16	00:51:43.435	0.83195				2
2024.12.16	00:51:44.352	0.83201				2
2024.12.16	00:51:44.731	0.83202				2
2024.12.16	00:51:46.268	0.83201				2
2024.12.16	00:51:48.351	0.83202				2
2024.12.16	00:51:55.405	0.83185				2
2024.12.16	00:52:00.460	0.83185				2
2024.12.16	00:52:00.863	0.83194				2
2024.12.16	00:52:01.255	0.83192				2
2024.12.16	00:52:01.876	0.83195				2
2024.12.16	00:52:02.251	0.83192				2
2024.12.16	00:52:04.732	0.83191				2
2024.12.16	00:52:05.389	0.83192				2
2024.12.16	00:52:05.753	0.83193				2
2024.12.16	00:52:06.537	0.83192				2
2024.12.16	00:52:07.205	0.83193				2
2024.12.16	00:52:08.361	0.83192				2
2024.12.16	00:52:09.220	0.83193				2
2024.12.16	00:52:09.653	0.83192				2
2024.12.16	00:52:10.011	0.83193				2
2024.12.16	00:52:10.719	0.83195				2
2024.12.16	00:52:11.030	0.83196				2
2024.12.16	00:52:12.347	0.83197				2
2024.12.16	00:52:14.788	0.83191				2
2024.12.16	00:52:15.308	0.83192				2
2024.12.16	00:52:16.219	0.83194				2
2024.12.16	00:52:17.838	0.83193				2
2024.12.16	00:52:18.740	0.83194				2
2024.12.16	00:52:29.150	0.83164	0.83230			6
2024.12.16	00:52:29.774	0.83161				2
2024.12.16	00:52:30.750	0.83159				2
2024.12.16	00:52:32.705	0.83154				2
2024.12.16	00:52:33.023	0.83158				2
2024.12.16	00:52:34.238	0.83159				2
2024.12.16	00:52:35.340	0.83158				2
2024.12.16	00:52:41.345	0.83159				2
2024.12.16	00:52:42.776	0.83160				2
2024.12.16	00:52:50.035	0.83159				2
2024.12.16	00:52:50.639	0.83160				2
2024.12.16	00:52:52.156	0.83162				2
2024.12.16	00:52:52.859	0.83165	0.83229			6
2024.12.16	00:52:53.167	0.83170	0.83226			6
2024.12.16	00:52:53.485	0.83174	0.83221			6
2024.12.16	00:52:53.936	0.83169	0.83227			6
2024.12.16	00:52:54.277	0.83167	0.83222			6
2024.12.16	00:52:55.514	0.83158	0.83230			6
2024.12.16	00:52:58.895	0.83157				2
2024.12.16	00:52:59.842	0.83151				2
2024.12.16	00:53:00.172	0.83151				2
2024.12.16	00:53:02.339	0.83155				2
2024.12.16	00:53:03.289		0.83226			4
2024.12.16	00:53:03.964		0.83224			4
2024.12.16	00:53:04.357		0.83230			4
2024.12.16	00:53:07.992	0.83151				2
2024.12.16	00:53:10.243	0.83136				2
2024.12.16	00:53:11.122		0.83228			4
2024.12.16	00:53:11.435		0.83229			4
2024.12.16	00:53:11.896		0.83222			4
2024.12.16	00:53:12.203		0.83221			4
2024.12.16	00:53:14.161		0.83228			4
2024.12.16	00:53:14.479		0.83225			4
2024.12.16	00:53:14.781	0.83137	0.83217			6
2024.12.16	00:53:16.737	0.83138				2
2024.12.16	00:53:17.176	0.83136	0.83219			6
2024.12.16	00:53:19.069		0.83218			4
2024.12.16	00:53:22.345	0.83137				2
2024.12.16	00:53:25.342	0.83144	0.83214			6
2024.12.16	00:53:26.342	0.83145	0.83213			6
2024.12.16	00:53:26.681	0.83142	0.83216			6
2024.12.16	00:53:28.139	0.83140	0.83217			6
2024.12.16	00:53:29.928	0.83142	0.83219			6
2024.12.16	00:53:31.791	0.83143	0.83217			6
2024.12.16	00:53:33.679	0.83145				2
2024.12.16	00:53:36.837	0.83146				2
2024.12.16	00:53:37.200	0.83149	0.83214			6
2024.12.16	00:53:37.655	0.83145	0.83215			6
2024.12.16	00:53:38.324	0.83144				2
2024.12.16	00:53:40.007	0.83140				2
2024.12.16	00:53:40.795	0.83141				2
2024.12.16	00:53:41.122	0.83142	0.83216			6
2024.12.16	00:53:41.635	0.83143				2
2024.12.16	00:53:41.939	0.83142	0.83215			6
2024.12.16	00:53:42.272	0.83140	0.83214			6
2024.12.16	00:53:43.741	0.83141	0.83216			6
2024.12.16	00:53:44.441	0.83144	0.83213			6
2024.12.16	00:53:45.502		0.83212			4
2024.12.16	00:53:45.836	0.83138				2
2024.12.16	00:53:46.586	0.83141	0.83211			6
2024.12.16	00:53:47.512	0.83142	0.83210			6
2024.12.16	00:53:49.586	0.83140	0.83212			6
2024.12.16	00:53:51.324	0.83139				2
2024.12.16	00:53:52.434	0.83138	0.83213			6
2024.12.16	00:53:56.641		0.83212			4
2024.12.16	00:54:00.190	0.83138				2
2024.12.16	00:54:01.341	0.83141	0.83211			6
2024.12.16	00:54:02.802	0.83139	0.83212			6
2024.12.16	00:54:03.793	0.83143	0.83208			6
2024.12.16	00:54:04.794		0.83207			4
2024.12.16	00:54:07.584		0.83208			4
2024.12.16	00:54:09.787		0.83207			4
2024.12.16	00:54:10.735	0.83136	0.83214			6
2024.12.16	00:54:11.080	0.83139	0.83211			6
2024.12.16	00:54:11.833	0.83136	0.83215			6
2024.12.16	00:54:14.176	0.83140	0.83211			6
2024.12.16	00:54:15.655	0.83136	0.83214			6
2024.12.16	00:54:16.926	0.83137				2
2024.12.16	00:54:17.936	0.83136	0.83213			6
2024.12.16	00:54:18.806	0.83138	0.83212			6
2024.12.16	00:54:20.357	0.83137				2
2024.12.16	00:54:21.536		0.83213			4
2024.12.16	00:54:22.770	0.83133	0.83218			6
2024.12.16	00:54:23.295	0.83138	0.83217			6
2024.12.16	00:54:23.841	0.83135	0.83220			6
2024.12.16	00:54:24.265	0.83136	0.83219			6
2024.12.16	00:54:24.836	0.83137				2
2024.12.16	00:54:25.142	0.83139				2
2024.12.16	00:54:25.461	0.83137	0.83221			6
2024.12.16	00:54:29.189	0.83139	0.83220			6
2024.12.16	00:54:30.975		0.83219			4
2024.12.16	00:54:32.270		0.83220			4
2024.12.16	00:54:33.235	0.83138				2
2024.12.16	00:54:34.131	0.83139				2
2024.12.16	00:54:40.357	0.83132	0.83227			6
2024.12.16	00:54:42.862	0.83137				2
2024.12.16	00:54:46.467	0.83142				2
2024.12.16	00:54:53.163		0.83228			4
2024.12.16	00:54:54.195	0.83154				2
2024.12.16	00:54:54.851		0.83229			4
2024.12.16	00:55:00.300	0.83154	0.83230			6
2024.12.16	00:55:01.085		0.83225			4
2024.12.16	00:55:10.219		0.83224			4
2024.12.16	00:55:10.539		0.83225			4
2024.12.16	00:55:12.115	0.83160	0.83223			6
2024.12.16	00:55:14.131		0.83224			4
2024.12.16	00:55:14.637		0.83223			4
2024.12.16	00:55:15.214		0.83224			4
2024.12.16	00:55:16.262		0.83226			4
2024.12.16	00:55:17.431		0.83224			4
2024.12.16	00:55:20.731		0.83231			4
2024.12.16	00:55:23.121		0.83225			4
2024.12.16	00:55:38.019		0.83224			4
2024.12.16	00:55:40.125		0.83223			4
2024.12.16	00:55:47.952		0.83222			4
2024.12.16	00:55:50.935		0.83223			4
2024.12.16	00:55:58.375		0.83222			4
2024.12.16	00:56:02.071	0.83160				2
2024.12.16	00:56:07.245	0.83162				2
2024.12.16	00:56:58.583		0.83222			4
2024.12.16	00:57:00.035	0.83162				2
2024.12.16	00:57:01.942	0.83165	0.83223			6
2024.12.16	00:57:02.933		0.83225			4
2024.12.16	00:57:05.373		0.83226			4
2024.12.16	00:57:35.947		0.83227			4
2024.12.16	00:57:49.465	0.83166	0.83226			6
2024.12.16	00:57:51.466	0.83165				2
2024.12.16	00:57:57.114	0.83170				2
2024.12.16	00:58:01.509	0.83170				2
2024.12.16	00:58:03.841		0.83227			4
2024.12.16	00:58:10.082		0.83230			4
2024.12.16	00:58:33.766	0.83164				2
2024.12.16	00:58:52.128		0.83227			4
2024.12.16	00:58:52.764		0.83230			4
2024.12.16	00:58:53.095		0.83227			4
2024.12.16	00:58:58.734		0.83229			4
2024.12.16	00:58:59.238		0.83230			4
2024.12.16	00:59:00.238	0.83164				2
2024.12.16	00:59:01.772		0.83227			4
2024.12.16	00:59:05.997		0.83230			4
2024.12.16	00:59:08.413		0.83235			4
2024.12.16	00:59:08.734	0.83170	0.83234			6
2024.12.16	00:59:09.125		0.83238			4
2024.12.16	00:59:09.506		0.83241			4
2024.12.16	00:59:10.186		0.83239			4
2024.12.16	00:59:10.503	0.83164	0.83235			6
2024.12.16	00:59:11.532	0.83170				2
2024.12.16	00:59:11.857		0.83239			4
2024.12.16	00:59:12.205		0.83234			4
2024.12.16	00:59:14.348		0.83233			4
2024.12.16	00:59:14.988	0.83164	0.83231			6
2024.12.16	00:59:16.692		0.83232			4
2024.12.16	00:59:16.993		0.83228			4
2024.12.16	00:59:21.416		0.83235			4
2024.12.16	00:59:24.284		0.83231			4
2024.12.16	00:59:26.005		0.83227			4
2024.12.16	00:59:26.319		0.83231			4
2024.12.16	00:59:27.972		0.83230			4
2024.12.16	00:59:28.329		0.83233			4
2024.12.16	00:59:28.659	0.83143	0.83226			6
2024.12.16	00:59:28.987		0.83225			4
2024.12.16	00:59:29.747		0.83235			4
2024.12.16	00:59:30.320		0.83232			4
2024.12.16	00:59:30.713		0.83231			4
2024.12.16	00:59:32.036		0.83232			4
2024.12.16	00:59:32.649		0.83237			4
2024.12.16	00:59:32.950		0.83233			4
2024.12.16	00:59:33.771		0.83231			4
2024.12.16	00:59:34.140		0.83233			4
2024.12.16	00:59:34.904		0.83226			4
2024.12.16	00:59:35.585		0.83227			4
2024.12.16	00:59:36.064		0.83226			4
2024.12.16	00:59:36.387		0.83227			4
2024.12.16	00:59:38.282		0.83226			4
2024.12.16	00:59:39.388		0.83225			4
2024.12.16	00:59:43.595		0.83233			4
2024.12.16	00:59:43.895		0.83235			4
2024.12.16	00:59:44.321	0.83153	0.83232			6
2024.12.16	00:59:45.292		0.83236			4
2024.12.16	00:59:45.694	0.83161	0.83231			6
2024.12.16	00:59:46.003		0.83232			4
2024.12.16	00:59:46.424		0.83228			4
2024.12.16	00:59:47.160		0.83231			4
2024.12.16	00:59:47.464		0.83227			4
2024.12.16	00:59:48.546		0.83235			4
2024.12.16	00:59:49.405		0.83225			4
2024.12.16	00:59:51.762		0.83228			4
2024.12.16	00:59:53.258		0.83230			4
2024.12.16	00:59:54.445		0.83229			4
2024.12.16	00:59:58.212		0.83227			4
2024.12.16	00:59:58.552		0.83225			4
2024.12.16	01:00:00.313	0.83161	0.83213			6
2024.12.16	01:00:01.275	0.83126				2
2024.12.16	01:00:01.583		0.83229			4
2024.12.16	01:00:01.885	0.83121				2
2024.12.16	01:00:02.203	0.83126				2
2024.12.16	01:00:02.532	0.83195	0.83232			6
2024.12.16	01:00:02.856	0.83208	0.83218			6
2024.12.16	01:00:04.370	0.83169	0.83219			6
2024.12.16	01:00:04.684	0.83170	0.83217			6
2024.12.16	01:00:05.319	0.83187				2
2024.12.16	01:00:05.865	0.83188				2
2024.12.16	01:00:06.183	0.83189	0.83229			6
2024.12.16	01:00:06.979	0.83190				2
2024.12.16	01:00:07.303	0.83191				2
2024.12.16	01:00:07.628	0.83192				2
2024.12.16	01:00:08.305	0.83193				2
2024.12.16	01:00:08.672	0.83214	0.83232			6
2024.12.16	01:00:09.763	0.83199				2
2024.12.16	01:00:10.130	0.83200				2
2024.12.16	01:00:10.433	0.83215				2
2024.12.16	01:00:10.799	0.83207	0.83229			6
2024.12.16	01:00:11.104	0.83199	0.83228			6
2024.12.16	01:00:16.388	0.83201	0.83233			6
2024.12.16	01:00:17.289		0.83225			4
2024.12.16	01:00:17.913		0.83226			4
2024.12.16	01:00:18.223		0.83227			4
2024.12.16	01:00:18.868		0.83228			4
2024.12.16	01:00:19.184		0.83227			4
2024.12.16	01:00:20.336		0.83228			4
2024.12.16	01:00:23.400		0.83227			4
2024.12.16	01:00:23.832	0.83204				2
2024.12.16	01:00:25.181		0.83234			4
2024.12.16	01:00:25.608	0.83201	0.83230			6
2024.12.16	01:00:26.698	0.83197	0.83228			6
2024.12.16	01:00:27.002		0.83227			4
2024.12.16	01:00:27.537		0.83225			4
2024.12.16	01:00:28.908		0.83224			4
2024.12.16	01:00:29.446		0.83225			4
2024.12.16	01:00:31.130		0.83224			4
2024.12.16	01:00:32.602		0.83225			4
2024.12.16	01:00:34.631		0.83226			4
2024.12.16	01:00:35.913		0.83227			4
2024.12.16	01:00:36.228		0.83229			4
2024.12.16	01:00:36.898	0.83207				2
2024.12.16	01:00:40.886	0.83208				2
2024.12.16	01:00:41.541		0.83225			4
2024.12.16	01:00:44.006	0.83207				2
2024.12.16	01:00:46.381	0.83206	0.83226			6
2024.12.16	01:00:52.725	0.83207				2
2024.12.16	01:00:53.731	0.83206	0.83228			6
2024.12.16	01:00:54.897	0.83207	0.83229			6
2024.12.16	01:00:57.368	0.83211	0.83230			6
2024.12.16	01:00:59.155	0.83206	0.83228			6
2024.12.16	01:00:59.865	0.83203	0.83225			6
2024.12.16	01:01:00.173	0.83204	0.83228			6
2024.12.16	01:01:00.483	0.83203				2
2024.12.16	01:01:00.803	0.83204	0.83229			6
2024.12.16	01:01:01.117	0.83207	0.83228			6
2024.12.16	01:01:07.122	0.83206				2
2024.12.16	01:01:11.557	0.83210				2
2024.12.16	01:01:15.631		0.83229			4
2024.12.16	01:01:17.797	0.83209	0.83228			6
2024.12.16	01:01:22.057	0.83206				2
2024.12.16	01:01:25.945		0.83223			4
2024.12.16	01:01:28.137	0.83207	0.83228			6
2024.12.16	01:01:28.444	0.83210				2
2024.12.16	01:01:30.817	0.83214	0.83229			6
2024.12.16	01:01:34.934	0.83215	0.83232			6
2024.12.16	01:01:35.236	0.83214	0.83229			6
2024.12.16	01:01:36.149	0.83215	0.83231			6
2024.12.16	01:01:36.860	0.83214	0.83229			6
2024.12.16	01:01:37.239	0.83215	0.83231			6
2024.12.16	01:01:37.657	0.83214	0.83230			6
2024.12.16	01:01:39.230	0.83215				2
2024.12.16	01:01:40.898	0.83216	0.83231			6
2024.12.16	01:01:41.303	0.83215	0.83228			6
2024.12.16	01:01:50.390	0.83214	0.83229			6
2024.12.16	01:01:56.105	0.83215	0.83230			6
2024.12.16	01:01:57.373	0.83214	0.83229			6
2024.12.16	01:01:58.267	0.83216	0.83231			6
2024.12.16	01:01:59.038	0.83215	0.83230			6
2024.12.16	01:02:00.513	0.83214	0.83229			6
2024.12.16	01:02:01.436	0.83213				2
2024.12.16	01:02:01.738	0.83216	0.83230			6
2024.12.16	01:02:02.157		0.83229			4
2024.12.16	01:02:03.449		0.83230			4
2024.12.16	01:02:03.757	0.83218	0.83232			6
2024.12.16	01:02:04.483	0.83219	0.83233			6
2024.12.16	01:02:04.805	0.83216	0.83231			6
2024.12.16	01:02:05.115	0.83215				2
2024.12.16	01:02:05.468	0.83216				2
2024.12.16	01:02:07.485		0.83230			4
2024.12.16	01:02:07.803		0.83231			4
2024.12.16	01:02:08.177		0.83232			4
2024.12.16	01:02:08.484	0.83217				2
2024.12.16	01:02:09.236	0.83216				2
2024.12.16	01:02:09.610	0.83215	0.83231			6
2024.12.16	01:02:10.923		0.83232			4
2024.12.16	01:02:13.537	0.83216				2
2024.12.16	01:02:14.392	0.83215				2
2024.12.16	01:02:17.386		0.83228			4
2024.12.16	01:02:17.690	0.83213	0.83227			6
2024.12.16	01:02:18.004	0.83214	0.83228			6
2024.12.16	01:02:18.344	0.83211	0.83225			6
2024.12.16	01:02:18.737	0.83212				2
2024.12.16	01:02:19.370	0.83211				2
2024.12.16	01:02:21.322	0.83213	0.83226			6
2024.12.16	01:02:25.669		0.83227			4
2024.12.16	01:02:26.517	0.83212	0.83226			6
2024.12.16	01:02:30.141	0.83211	0.83225			6
2024.12.16	01:02:35.334	0.83212	0.83226			6
2024.12.16	01:02:36.198	0.83216	0.83228			6
2024.12.16	01:02:36.577	0.83215	0.83227			6
2024.12.16	01:02:45.005	0.83212	0.83226			6
2024.12.16	01:02:51.943		0.83225			4
2024.12.16	01:02:52.444	0.83213				2
2024.12.16	01:02:53.442	0.83212	0.83224			6
2024.12.16	01:02:54.877		0.83223			4
2024.12.16	01:02:56.306	0.83214	0.83225			6
2024.12.16	01:02:56.634	0.83213				2
2024.12.16	01:02:57.187	0.83215				2
2024.12.16	01:02:57.538		0.83226			4
2024.12.16	01:02:58.154	0.83214				2
2024.12.16	01:03:00.257	0.83214	0.83225			6
2024.12.16	01:03:00.838		0.83226			4
2024.12.16	01:03:01.235	0.83210	0.83224			6
2024.12.16	01:03:02.479	0.83211	0.83225			6
2024.12.16	01:03:02.781		0.83224			4
2024.12.16	01:03:05.940	0.83210	0.83225			6
2024.12.16	01:03:06.325	0.83212				2
2024.12.16	01:03:07.735	0.83211	0.83226			6
2024.12.16	01:03:08.051		0.83225			4
2024.12.16	01:03:08.605		0.83226			4
2024.12.16	01:03:13.737	0.83212				2
2024.12.16	01:03:18.842		0.83225			4
2024.12.16	01:03:20.937	0.83211				2
2024.12.16	01:03:26.217	0.83212				2
2024.12.16	01:03:28.814	0.83211	0.83224			6
2024.12.16	01:03:29.614	0.83212	0.83225			6
2024.12.16	01:03:31.741		0.83224			4
2024.12.16	01:03:32.497	0.83213	0.83225			6
2024.12.16	01:03:32.798	0.83214				2
2024.12.16	01:03:33.152	0.83213				2
2024.12.16	01:03:34.323	0.83210				2
2024.12.16	01:03:37.015	0.83211				2
2024.12.16	01:03:40.273		0.83224			4
2024.12.16	01:03:40.891	0.83209	0.83223			6
2024.12.16	01:03:41.217	0.83208	0.83222			6
2024.12.16	01:03:41.938	0.83207				2
2024.12.16	01:03:44.336	0.83206				2
2024.12.16	01:03:48.334		0.83221			4
2024.12.16	01:03:48.758		0.83219			4
2024.12.16	01:03:50.335		0.83220			4
2024.12.16	01:03:51.174		0.83219			4
2024.12.16	01:03:51.562		0.83220			4
2024.12.16	01:03:52.172		0.83221			4
2024.12.16	01:03:52.611		0.83220			4
2024.12.16	01:03:54.840		0.83221			4
2024.12.16	01:03:56.388		0.83220			4
2024.12.16	01:03:57.227		0.83219			4
2024.12.16	01:04:00.240	0.83206				2
2024.12.16	01:04:00.607	0.83208	0.83221			6
2024.12.16	01:04:02.693	0.83206	0.83219			6
2024.12.16	01:04:03.979	0.83208	0.83221			6
2024.12.16	01:04:05.719	0.83210				2
2024.12.16	01:04:08.655	0.83211				2
2024.12.16	01:04:09.008	0.83210				2
2024.12.16	01:04:11.399	0.83209	0.83220			6
2024.12.16	01:04:11.704	0.83210				2
2024.12.16	01:04:12.535		0.83221			4
2024.12.16	01:04:13.514	0.83209	0.83220			6
2024.12.16	01:04:14.228	0.83207	0.83218			6
2024.12.16	01:04:14.534		0.83217			4
2024.12.16	01:04:14.936	0.83206				2
2024.12.16	01:04:16.389		0.83218			4
2024.12.16	01:04:17.061	0.83207				2
2024.12.16	01:04:19.890	0.83211	0.83222			6
2024.12.16	01:04:20.388	0.83210	0.83223			6
2024.12.16	01:04:22.521	0.83211				2
2024.12.16	01:04:25.439	0.83217	0.83219			6
2024.12.16	01:04:27.254	0.83211	0.83223			6
2024.12.16	01:04:28.381	0.83212	0.83222			6
2024.12.16	01:04:33.326	0.83211				2
2024.12.16	01:04:34.045	0.83210				2
2024.12.16	01:04:34.552	0.83211				2
2024.12.16	01:04:38.871	0.83210				2
2024.12.16	01:04:41.897	0.83211				2
2024.12.16	01:04:46.785	0.83212				2
2024.12.16	01:04:48.602	0.83211				2
2024.12.16	01:04:49.436	0.83210				2
2024.12.16	01:04:50.270	0.83209	0.83221			6
2024.12.16	01:04:51.036	0.83208	0.83218			6
2024.12.16	01:04:51.386	0.83209	0.83219			6
2024.12.16	01:04:52.535	0.83208				2
2024.12.16	01:04:58.436	0.83207	0.83218			6
2024.12.16	01:05:00.371	0.83207				2
2024.12.16	01:05:03.781	0.83208				2
2024.12.16	01:05:04.084	0.83211	0.83221			6
2024.12.16	01:05:04.412	0.83210				2
2024.12.16	01:05:04.724	0.83211	0.83222			6
2024.12.16	01:05:05.035	0.83212	0.83223			6
2024.12.16	01:05:07.137		0.83222			4
2024.12.16	01:05:10.763		0.83223			4
2024.12.16	01:05:17.337	0.83213				2
2024.12.16	01:05:19.297	0.83212				2
2024.12.16	01:05:21.234	0.83213				2
2024.12.16	01:05:27.918	0.83211	0.83221			6
2024.12.16	01:05:29.102	0.83212	0.83222			6
2024.12.16	01:05:30.661	0.83213	0.83223			6
2024.12.16	01:05:31.438	0.83212				2
2024.12.16	01:05:33.838	0.83213				2
2024.12.16	01:05:35.851		0.83222			4
2024.12.16	01:05:37.195		0.83223			4
2024.12.16	01:05:39.022	0.83217	0.83219			6
2024.12.16	01:05:40.827	0.83212	0.83222			6
2024.12.16	01:05:43.474	0.83211	0.83221			6
2024.12.16	01:05:44.358	0.83214	0.83224			6
2024.12.16	01:05:44.667	0.83215				2
2024.12.16	01:05:45.193		0.83225			4
2024.12.16	01:05:46.197	0.83216	0.83226			6
2024.12.16	01:05:47.644	0.83215	0.83225			6
2024.12.16	01:05:56.135	0.83216	0.83226			6
2024.12.16	01:05:56.543		0.83225			4
2024.12.16	01:05:57.148		0.83226			4
2024.12.16	01:05:57.980		0.83225			4
2024.12.16	01:05:59.636	0.83217				2
2024.12.16	01:06:00.567	0.83217	0.83220			6
2024.12.16	01:06:04.475		0.83222			4
2024.12.16	01:06:05.106	0.83218				2
2024.12.16	01:06:06.427	0.83217				2
2024.12.16	01:06:10.135	0.83218				2
2024.12.16	01:06:13.089	0.83217	0.83221			6
2024.12.16	01:06:13.406	0.83218				2
2024.12.16	01:06:14.839	0.83216				2
2024.12.16	01:06:15.924		0.83222			4
2024.12.16	01:06:16.364		0.83221			4
2024.12.16	01:06:28.731	0.83213	0.83219			6
2024.12.16	01:06:37.441		0.83218			4
2024.12.16	01:06:39.785		0.83219			4
2024.12.16	01:06:40.803	0.83215	0.83221			6
2024.12.16	01:06:45.266	0.83214	0.83219			6
2024.12.16	01:06:46.353	0.83213				2
2024.12.16	01:06:59.037	0.83212				2
2024.12.16	01:07:01.136	0.83212				2
2024.12.16	01:07:04.011	0.83215	0.83220			6
2024.12.16	01:07:06.033	0.83216	0.83223			6
2024.12.16	01:07:06.348	0.83215	0.83224			6
2024.12.16	01:07:07.560		0.83222			4
2024.12.16	01:07:09.237	0.83216				2
2024.12.16	01:07:12.345	0.83217	0.83221			6
2024.12.16	01:07:12.670		0.83222			4
2024.12.16	01:07:15.577	0.83216	0.83221			6
2024.12.16	01:07:19.439	0.83213	0.83220			6
2024.12.16	01:07:21.012	0.83214				2
2024.12.16	01:07:21.521	0.83213				2
2024.12.16	01:07:22.318		0.83219			4
2024.12.16	01:07:24.348	0.83212				2
2024.12.16	01:07:26.343	0.83213				2
2024.12.16	01:07:40.847		0.83220			4
2024.12.16	01:07:41.220		0.83219			4
2024.12.16	01:07:43.736	0.83212				2
2024.12.16	01:07:55.140		0.83218			4
2024.12.16	01:08:00.087	0.83212				2
2024.12.16	01:08:00.487		0.83217			4
2024.12.16	01:08:01.439	0.83214	0.83220			6
2024.12.16	01:08:01.744		0.83219			4
2024.12.16	01:08:03.651	0.83215				2
2024.12.16	01:08:05.509		0.83220			4
2024.12.16	01:08:09.837		0.83221			4
2024.12.16	01:08:14.524	0.83216	0.83223			6
2024.12.16	01:08:15.067		0.83222			4
2024.12.16	01:08:17.931	0.83215				2
2024.12.16	01:08:22.345	0.83216				2
2024.12.16	01:08:29.241		0.83221			4
2024.12.16	01:08:29.912		0.83222			4
2024.12.16	01:08:42.231	0.83221	0.83225			6
2024.12.16	01:08:42.560	0.83220				2
2024.12.16	01:08:42.928		0.83227			4
2024.12.16	01:08:43.265		0.83226			4
2024.12.16	01:08:43.633		0.83225			4
2024.12.16	01:08:45.535	0.83219				2
2024.12.16	01:08:45.863	0.83218				2
2024.12.16	01:08:46.195	0.83219				2
2024.12.16	01:08:48.082		0.83224			4
2024.12.16	01:08:50.872	0.83217	0.83223			6
2024.12.16	01:08:54.535	0.83216				2
2024.12.16	01:08:56.118	0.83217				2
2024.12.16	01:08:57.561		0.83224			4
2024.12.16	01:08:58.685		0.83223			4
2024.12.16	01:09:00.353	0.83218	0.83224			6
2024.12.16	01:09:00.676	0.83217	0.83223			6
2024.12.16	01:09:09.543	0.83218	0.83224			6
2024.12.16	01:09:10.288		0.83223			4
2024.12.16	01:09:29.552	0.83217	0.83225			6
2024.12.16	01:09:30.270		0.83223			4
2024.12.16	01:09:36.001	0.83216				2
2024.12.16	01:09:38.035	0.83217				2
2024.12.16	01:09:40.370		0.83224			4
2024.12.16	01:09:43.135	0.83216				2
2024.12.16	01:09:45.151		0.83223			4
2024.12.16	01:09:46.863		0.83224			4
2024.12.16	01:09:48.331	0.83217				2
2024.12.16	01:09:50.393		0.83223			4
2024.12.16	01:09:50.974		0.83224			4
2024.12.16	01:09:53.668	0.83218				2
2024.12.16	01:09:56.030	0.83217				2
2024.12.16	01:09:56.837		0.83223			4
2024.12.16	01:09:58.138	0.83215				2
2024.12.16	01:10:00.444	0.83217				2
2024.12.16	01:10:00.787		0.83224			4
2024.12.16	01:10:01.176		0.83223			4
2024.12.16	01:10:02.928		0.83224			4
2024.12.16	01:10:07.207		0.83223			4
2024.12.16	01:10:08.824	0.83219	0.83224			6
2024.12.16	01:10:09.125	0.83218				2
2024.12.16	01:10:17.293		0.83223			4
2024.12.16	01:10:17.596		0.83224			4
2024.12.16	01:10:24.297		0.83225			4
2024.12.16	01:10:25.387	0.83216	0.83223			6
2024.12.16	01:10:25.704	0.83215				2
2024.12.16	01:10:26.087		0.83222			4
2024.12.16	01:10:26.725	0.83216				2
2024.12.16	01:10:27.833	0.83217	0.83223			6
2024.12.16	01:10:29.034	0.83216				2
2024.12.16	01:10:29.352		0.83222			4
2024.12.16	01:10:30.052	0.83217				2
2024.12.16	01:10:32.337	0.83216				2
2024.12.16	01:10:33.816		0.83223			4
2024.12.16	01:10:34.151		0.83222			4
2024.12.16	01:10:36.341	0.83217				2
2024.12.16	01:10:37.673	0.83214				2
2024.12.16	01:10:38.347	0.83215				2
2024.12.16	01:10:43.665	0.83217				2
2024.12.16	01:10:46.068	0.83216				2
2024.12.16	01:10:48.112	0.83217				2
2024.12.16	01:10:50.315	0.83216				2
2024.12.16	01:10:50.623	0.83217	0.83224			6
2024.12.16	01:10:50.959	0.83218				2
2024.12.16	01:10:51.391		0.83223			4
2024.12.16	01:10:54.357	0.83219				2
2024.12.16	01:10:55.062	0.83220	0.83225			6
2024.12.16	01:10:56.361		0.83226			4
2024.12.16	01:11:00.681	0.83220				2
2024.12.16	01:11:03.207	0.83219	0.83225			6
2024.12.16	01:11:04.371		0.83226			4
2024.12.16	01:11:04.676	0.83218				2
2024.12.16	01:11:08.686		0.83225			4
2024.12.16	01:11:09.639		0.83224			4
2024.12.16	01:11:10.014	0.83221	0.83226			6
2024.12.16	01:11:10.529	0.83220	0.83225			6
2024.12.16	01:11:12.631		0.83226			4
2024.12.16	01:11:13.337	0.83219	0.83225			6
2024.12.16	01:11:16.080	0.83220	0.83226			6
2024.12.16	01:11:16.383	0.83219				2
2024.12.16	01:11:19.098		0.83225			4
2024.12.16	01:11:19.891	0.83218	0.83224			6
2024.12.16	01:11:24.615	0.83217				2
2024.12.16	01:11:40.705	0.83218				2
2024.12.16	01:11:43.435	0.83217				2
2024.12.16	01:11:49.391		0.83225			4
2024.12.16	01:11:49.699		0.83224			4
2024.12.16	01:11:50.545	0.83220	0.83227			6
2024.12.16	01:11:51.103		0.83226			4
2024.12.16	01:11:53.969	0.83221				2
2024.12.16	01:11:55.116	0.83220	0.83225			6
2024.12.16	01:11:55.675	0.83218				2
2024.12.16	01:11:57.823	0.83219	0.83226			6
2024.12.16	01:11:58.131	0.83218	0.83225			6
2024.12.16	01:12:00.230	0.83218				2
2024.12.16	01:12:01.181	0.83221	0.83226			6
2024.12.16	01:12:17.077		0.83225			4
2024.12.16	01:12:17.395		0.83226			4
2024.12.16	01:12:20.351	0.83220				2
2024.12.16	01:12:21.170	0.83218	0.83225			6
2024.12.16	01:12:21.795	0.83220	0.83226			6
2024.12.16	01:12:23.079	0.83221				2
2024.12.16	01:12:28.343	0.83219	0.83225			6
2024.12.16	01:12:28.652	0.83220	0.83226			6
2024.12.16	01:12:29.370		0.83225			4
2024.12.16	01:12:29.788	0.83219				2
2024.12.16	01:12:31.448	0.83218				2
2024.12.16	01:12:33.235	0.83219				2
2024.12.16	01:12:34.409		0.83226			4
2024.12.16	01:12:34.714		0.83225			4
2024.12.16	01:12:38.349		0.83226			4
2024.12.16	01:12:38.714	0.83218	0.83224			6
2024.12.16	01:12:40.928	0.83217				2
2024.12.16	01:12:43.379	0.83218	0.83225			6
2024.12.16	01:12:43.690	0.83219				2
2024.12.16	01:12:44.349		0.83224			4
2024.12.16	01:12:45.269		0.83226			4
2024.12.16	01:12:45.744		0.83225			4
2024.12.16	01:12:48.240	0.83220				2
2024.12.16	01:12:49.261	0.83219	0.83226			6
2024.12.16	01:12:51.236		0.83225			4
2024.12.16	01:12:54.346	0.83220				2
2024.12.16	01:12:56.016		0.83226			4
2024.12.16	01:12:56.505	0.83221				2
2024.12.16	01:12:57.039	0.83219	0.83225			6
2024.12.16	01:12:57.350	0.83218				2
2024.12.16	01:12:57.733	0.83219				2
2024.12.16	01:12:58.043	0.83220	0.83226			6
2024.12.16	01:12:58.381	0.83219				2
2024.12.16	01:12:59.433		0.83225			4
2024.12.16	01:12:59.744	0.83217	0.83224			6
2024.12.16	01:13:00.132	0.83217				2
2024.12.16	01:13:01.304		0.83225			4
2024.12.16	01:13:01.734	0.83219	0.83224			6
2024.12.16	01:13:02.817	0.83218				2
2024.12.16	01:13:03.526		0.83223			4
2024.12.16	01:13:04.351	0.83217				2
2024.12.16	01:13:05.384	0.83218				2
2024.12.16	01:13:06.534	0.83217				2
2024.12.16	01:13:08.915	0.83218				2
2024.12.16	01:13:10.807	0.83217	0.83222			6
2024.12.16	01:13:30.433	0.83215				2
2024.12.16	01:13:34.757	0.83216				2
2024.12.16	01:13:37.436	0.83217				2
2024.12.16	01:13:42.539	0.83216				2
2024.12.16	01:13:49.677	0.83218	0.83223			6
2024.12.16	01:13:54.238	0.83217	0.83222			6
2024.12.16	01:13:57.015	0.83216				2
2024.12.16	01:13:58.108	0.83217				2
2024.12.16	01:14:00.390	0.83217				2
2024.12.16	01:14:13.737	0.83216				2
2024.12.16	01:14:15.235	0.83217				2
2024.12.16	01:14:21.569	0.83216	0.83221			6
2024.12.16	01:14:47.938	0.83217				2
2024.12.16	01:14:51.235	0.83216				2
2024.12.16	01:14:56.016	0.83219	0.83222			6
2024.12.16	01:14:56.323		0.83223			4
2024.12.16	01:15:00.118	0.83218	0.83222			6
2024.12.16	01:15:01.014		0.83223			4
2024.12.16	01:15:03.801	0.83219				2
2024.12.16	01:15:05.361	0.83218				2
2024.12.16	01:15:09.165	0.83220	0.83225			6
2024.12.16	01:15:11.850	0.83221	0.83224			6
2024.12.16	01:15:12.262		0.83225			4
2024.12.16	01:15:13.528	0.83223	0.83226			6
2024.12.16	01:15:17.592		0.83227			4
2024.12.16	01:15:19.293	0.83222				2
2024.12.16	01:15:28.796		0.83226			4
2024.12.16	01:15:29.232		0.83227			4
2024.12.16	01:15:34.137	0.83223				2
2024.12.16	01:15:42.651	0.83222				2
2024.12.16	01:15:43.502		0.83228			4
2024.12.16	01:15:48.140		0.83227			4
2024.12.16	01:15:50.940	0.83223				2
2024.12.16	01:15:51.242	0.83222	0.83228			6
2024.12.16	01:15:53.224	0.83223				2
2024.12.16	01:15:55.111	0.83224				2
2024.12.16	01:15:57.265	0.83223	0.83227			6
2024.12.16	01:16:00.277	0.83223				2
2024.12.16	01:16:09.387		0.83228			4
2024.12.16	01:16:15.182		0.83229			4
2024.12.16	01:16:16.489		0.83228			4
2024.12.16	01:16:18.842		0.83229			4
2024.12.16	01:16:19.833		0.83228			4
2024.12.16	01:16:20.491		0.83229			4
2024.12.16	01:16:21.716	0.83222	0.83228			6
2024.12.16	01:16:48.647	0.83223				2
2024.12.16	01:17:00.506	0.83223				2
2024.12.16	01:17:02.392	0.83220	0.83225			6
2024.12.16	01:17:02.702	0.83224	0.83228			6
2024.12.16	01:17:03.403		0.83229			4
2024.12.16	01:17:04.342		0.83230			4
2024.12.16	01:17:16.073	0.83223	0.83227			6
2024.12.16	01:17:17.771		0.83228			4
2024.12.16	01:17:18.881		0.83227			4
2024.12.16	01:17:26.131	0.83224				2
2024.12.16	01:17:32.029	0.83223	0.83228			6
2024.12.16	01:17:35.577	0.83224	0.83227			6
2024.12.16	01:17:36.076	0.83223				2
2024.12.16	01:17:47.318	0.83224	0.83228			6
2024.12.16	01:17:52.556		0.83227			4
2024.12.16	01:17:52.867	0.83223				2
2024.12.16	01:17:54.872	0.83222				2
2024.12.16	01:17:58.345	0.83223				2
2024.12.16	01:18:01.227	0.83223				2
2024.12.16	01:18:05.369	0.83222				2
2024.12.16	01:18:10.005	0.83223				2
2024.12.16	01:18:12.236	0.83221	0.83226			6
2024.12.16	01:18:12.549		0.83225			4
2024.12.16	01:18:12.873	0.83220	0.83224			6
2024.12.16	01:18:14.042	0.83219				2
2024.12.16	01:18:14.845	0.83222	0.83226			6
2024.12.16	01:18:15.171	0.83223	0.83228			6
2024.12.16	01:18:16.190		0.83227			4
2024.12.16	01:18:19.039		0.83228			4
2024.12.16	01:18:32.427		0.83227			4
2024.12.16	01:18:32.742		0.83228			4
2024.12.16	01:18:50.636	0.83222	0.83226			6
2024.12.16	01:18:50.948	0.83220	0.83225			6
2024.12.16	01:19:00.358	0.83220				2
2024.12.16	01:19:02.073	0.83221				2
2024.12.16	01:19:02.377	0.83220				2
2024.12.16	01:19:06.377	0.83221				2
2024.12.16	01:19:07.412	0.83220				2
2024.12.16	01:19:11.476	0.83219				2
2024.12.16	01:19:11.784	0.83220				2
2024.12.16	01:19:12.165	0.83219	0.83224			6
2024.12.16	01:19:14.204	0.83218	0.83223			6
2024.12.16	01:19:14.572	0.83217				2
2024.12.16	01:19:15.442	0.83219	0.83224			6
2024.12.16	01:19:22.092	0.83220				2
2024.12.16	01:19:22.450	0.83218				2
2024.12.16	01:19:24.081		0.83222			4
2024.12.16	01:19:25.268		0.83223			4
2024.12.16	01:19:27.924		0.83224			4
2024.12.16	01:19:35.261	0.83219	0.83223			6
2024.12.16	01:19:36.044	0.83218				2
2024.12.16	01:19:37.025	0.83219				2
2024.12.16	01:19:41.935	0.83218				2
2024.12.16	01:19:58.136	0.83219				2
2024.12.16	01:20:00.197	0.83219				2
2024.12.16	01:20:01.144	0.83217	0.83222			6
2024.12.16	01:20:01.857	0.83218				2
2024.12.16	01:20:04.696		0.83223			4
2024.12.16	01:20:05.080	0.83217	0.83224			6
2024.12.16	01:20:05.383	0.83219	0.83225			6
2024.12.16	01:20:05.713		0.83224			4
2024.12.16	01:20:13.635		0.83225			4
2024.12.16	01:20:16.348		0.83224			4
2024.12.16	01:20:17.243		0.83225			4
2024.12.16	01:20:23.345		0.83224			4
2024.12.16	01:20:24.686		0.83225			4
2024.12.16	01:20:25.725		0.83224			4
2024.12.16	01:20:41.864	0.83218	0.83223			6
2024.12.16	01:20:42.881		0.83224			4
2024.12.16	01:20:43.293		0.83223			4
2024.12.16	01:20:43.640		0.83224			4
2024.12.16	01:20:45.881	0.83219				2
2024.12.16	01:20:46.736		0.83223			4
2024.12.16	01:20:47.118		0.83224			4
2024.12.16	01:20:48.460		0.83223			4
2024.12.16	01:20:51.510	0.83218				2
2024.12.16	01:20:53.268	0.83219				2
2024.12.16	01:20:55.135	0.83218				2
2024.12.16	01:20:57.643	0.83219				2
2024.12.16	01:20:59.638	0.83218				2
2024.12.16	01:21:00.696	0.83219				2
2024.12.16	01:21:03.537	0.83218				2
2024.12.16	01:21:09.087	0.83219				2
2024.12.16	01:21:09.503		0.83224			4
2024.12.16	01:21:21.207		0.83223			4
2024.12.16	01:21:23.660	0.83218				2
2024.12.16	01:21:37.318		0.83222			4
2024.12.16	01:21:40.136		0.83223			4
2024.12.16	01:21:50.051		0.83222			4
2024.12.16	01:21:53.336		0.83223			4
2024.12.16	01:22:00.491	0.83218				2
2024.12.16	01:22:03.535	0.83219				2
2024.12.16	01:22:06.536	0.83218				2
2024.12.16	01:22:07.294	0.83217	0.83222			6
2024.12.16	01:22:10.392	0.83218				2
2024.12.16	01:22:21.279	0.83219	0.83223			6
2024.12.16	01:22:28.342		0.83222			4
2024.12.16	01:22:28.849		0.83221			4
2024.12.16	01:22:32.335	0.83218				2
2024.12.16	01:22:32.761	0.83217	0.83220			6
2024.12.16	01:22:35.120	0.83216				2
2024.12.16	01:22:36.242	0.83217				2
2024.12.16	01:22:37.661	0.83216				2
2024.12.16	01:22:38.031	0.83218				2
2024.12.16	01:22:40.136	0.83217				2
2024.12.16	01:22:46.043	0.83218	0.83222			6
2024.12.16	01:22:49.010	0.83219				2
2024.12.16	01:23:00.371	0.83219				2
2024.12.16	01:23:04.934		0.83223			4
2024.12.16	01:23:06.975	0.83220				2
2024.12.16	01:23:22.220		0.83222			4
2024.12.16	01:23:28.121		0.83223			4
2024.12.16	01:23:29.359		0.83222			4
2024.12.16	01:23:30.383	0.83219				2
2024.12.16	01:23:31.345	0.83218				2
2024.12.16	01:23:38.536		0.83221			4
2024.12.16	01:24:00.501	0.83218				2
2024.12.16	01:24:05.252	0.83217				2
2024.12.16	01:24:06.073	0.83218	0.83220			6
2024.12.16	01:24:06.384		0.83221			4
2024.12.16	01:24:06.831	0.83217	0.83220			6
2024.12.16	01:24:09.312	0.83216				2
2024.12.16	01:24:10.905	0.83217				2
2024.12.16	01:24:14.936	0.83216				2
2024.12.16	01:24:16.094	0.83217				2
2024.12.16	01:24:28.410	0.83216				2
2024.12.16	01:24:32.330	0.83217				2
2024.12.16	01:24:37.080	0.83216				2
2024.12.16	01:24:37.384	0.83217				2
2024.12.16	01:24:39.703	0.83218				2
2024.12.16	01:24:42.275	0.83217				2
2024.12.16	01:24:48.641	0.83216				2
2024.12.16	01:25:00.548	0.83216				2
2024.12.16	01:25:03.604	0.83217				2
2024.12.16	01:25:07.582		0.83220			4
2024.12.16	01:25:14.247	0.83216	0.83219			6
2024.12.16	01:25:14.814		0.83218			4
2024.12.16	01:25:15.920	0.83215				2
2024.12.16	01:25:16.651	0.83214				2
2024.12.16	01:25:24.379		0.83219			4
2024.12.16	01:25:28.155		0.83218			4
2024.12.16	01:25:45.054	0.83215				2
2024.12.16	01:25:45.405	0.83216	0.83220			6
2024.12.16	01:25:45.733		0.83218			4
2024.12.16	01:25:46.352	0.83213	0.83217			6
2024.12.16	01:25:46.658	0.83214				2
2024.12.16	01:25:47.392		0.83218			4
2024.12.16	01:25:50.354		0.83219			4
2024.12.16	01:25:50.677	0.83216				2
2024.12.16	01:25:55.916	0.83215				2
2024.12.16	01:25:58.136	0.83216				2
2024.12.16	01:26:05.618	0.83216				2
2024.12.16	01:26:51.975		0.83219			4
2024.12.16	01:27:01.137	0.83216				2
2024.12.16	01:27:14.825	0.83217	0.83221			6
2024.12.16	01:27:15.529	0.83218				2
2024.12.16	01:27:19.766		0.83222			4
2024.12.16	01:27:20.936	0.83219				2
2024.12.16	01:27:21.401		0.83221			4
2024.12.16	01:27:27.828	0.83218	0.83222			6
2024.12.16	01:27:29.487	0.83220				2
2024.12.16	01:27:29.850		0.83223			4
2024.12.16	01:27:30.168		0.83224			4
2024.12.16	01:27:31.042		0.83223			4
2024.12.16	01:27:36.540	0.83221				2
2024.12.16	01:27:49.564	0.83220				2
2024.12.16	01:27:51.789	0.83219	0.83221			6
2024.12.16	01:27:52.153	0.83218				2
2024.12.16	01:27:55.286	0.83217				2
2024.12.16	01:27:56.357		0.83220			4
2024.12.16	01:27:58.733		0.83221			4
2024.12.16	01:27:59.369		0.83220			4
2024.12.16	01:28:00.261	0.83217	0.83221			6
2024.12.16	01:28:01.135	0.83218				2
2024.12.16	01:28:05.635	0.83217				2
2024.12.16	01:28:15.559	0.83216				2
2024.12.16	01:28:21.542	0.83217				2
2024.12.16	01:28:25.003	0.83216	0.83220			6
2024.12.16	01:28:46.899		0.83221			4
2024.12.16	01:28:49.369		0.83220			4
2024.12.16	01:28:51.414		0.83221			4
2024.12.16	01:28:52.435		0.83219			4
2024.12.16	01:28:52.744	0.83214	0.83218			6
2024.12.16	01:28:53.133	0.83211	0.83214			6
2024.12.16	01:28:54.201	0.83212				2
2024.12.16	01:28:56.533	0.83211				2
2024.12.16	01:29:01.156	0.83211				2
2024.12.16	01:29:02.730	0.83210				2
2024.12.16	01:29:03.293	0.83211	0.83215			6
2024.12.16	01:29:06.640	0.83212				2
2024.12.16	01:29:13.435	0.83211				2
2024.12.16	01:29:14.772		0.83214			4
2024.12.16	01:29:22.487		0.83215			4
2024.12.16	01:29:23.375	0.83212				2
2024.12.16	01:29:25.068	0.83213	0.83218			6
2024.12.16	01:29:25.393	0.83215	0.83217			6
2024.12.16	01:29:25.771		0.83218			4
2024.12.16	01:29:27.491		0.83217			4
2024.12.16	01:29:29.341	0.83214				2
2024.12.16	01:29:32.594		0.83218			4
2024.12.16	01:29:34.266		0.83217			4
2024.12.16	01:29:35.847		0.83218			4
2024.12.16	01:29:36.188		0.83217			4
2024.12.16	01:29:40.232	0.83215	0.83218			6
2024.12.16	01:29:43.135	0.83214				2
2024.12.16	01:30:00.615	0.83212	0.83216			6
2024.12.16	01:30:00.949		0.83217			4
2024.12.16	01:30:01.325		0.83216			4
2024.12.16	01:30:02.003	0.83214	0.83217			6
2024.12.16	01:30:04.137	0.83213	0.83216			6
2024.12.16	01:30:04.444	0.83212				2
2024.12.16	01:30:07.447	0.83209	0.83213			6
2024.12.16	01:30:07.759	0.83208				2
2024.12.16	01:30:11.007	0.83209	0.83212			6
2024.12.16	01:30:16.342	0.83208				2
2024.12.16	01:30:19.605		0.83211			4
2024.12.16	01:30:20.355	0.83205	0.83209			6
2024.12.16	01:30:21.083	0.83204	0.83208			6
2024.12.16	01:30:21.447		0.83207			4
2024.12.16	01:30:22.346		0.83208			4
2024.12.16	01:30:22.681		0.83207			4
2024.12.16	01:30:23.584		0.83208			4
2024.12.16	01:30:24.573	0.83205				2
2024.12.16	01:30:25.502	0.83204				2
2024.12.16	01:30:25.861	0.83205				2
2024.12.16	01:30:26.968	0.83204				2
2024.12.16	01:30:28.100	0.83205				2
2024.12.16	01:30:34.170		0.83209			4
2024.12.16	01:30:34.902	0.83206	0.83210			6
2024.12.16	01:30:35.279		0.83209			4
2024.12.16	01:30:36.112		0.83210			4
2024.12.16	01:30:36.702		0.83209			4
2024.12.16	01:30:37.098		0.83210			4
2024.12.16	01:30:40.669	0.83207				2
2024.12.16	01:30:43.398	0.83206	0.83209			6
2024.12.16	01:30:45.367	0.83207	0.83210			6
2024.12.16	01:30:56.719	0.83208	0.83211			6
2024.12.16	01:30:57.461	0.83207	0.83210			6
2024.12.16	01:30:57.786	0.83206				2
2024.12.16	01:30:59.634	0.83207	0.83211			6
2024.12.16	01:31:00.495	0.83208				2
2024.12.16	01:31:02.153	0.83207				2
2024.12.16	01:31:30.666	0.83208	0.83212			6
2024.12.16	01:31:32.591	0.83207	0.83211			6
2024.12.16	01:31:33.512	0.83209				2
2024.12.16	01:31:34.836	0.83208				2
2024.12.16	01:31:35.308	0.83206				2
2024.12.16	01:31:44.038	0.83207				2
2024.12.16	01:31:46.351		0.83212			4
2024.12.16	01:31:49.135	0.83208				2
2024.12.16	01:31:52.436	0.83207				2
2024.12.16	01:31:53.635	0.83208				2
2024.12.16	01:32:00.175	0.83208				2
2024.12.16	01:32:01.067	0.83209	0.83214			6
2024.12.16	01:32:02.035	0.83210	0.83213			6
2024.12.16	01:32:02.347		0.83214			4
2024.12.16	01:32:04.075		0.83213			4
2024.12.16	01:32:04.596	0.83209	0.83214			6
2024.12.16	01:32:05.663	0.83210				2
2024.12.16	01:32:10.030	0.83209				2
2024.12.16	01:32:14.753		0.83215			4
2024.12.16	01:32:15.281		0.83214			4
2024.12.16	01:32:15.829	0.83210				2
2024.12.16	01:32:17.462	0.83209				2
2024.12.16	01:32:18.538	0.83210				2
2024.12.16	01:32:24.292	0.83209	0.83215			6
2024.12.16	01:32:24.696	0.83210				2
2024.12.16	01:32:25.766	0.83209				2
2024.12.16	01:32:26.328		0.83214			4
2024.12.16	01:32:28.431	0.83210	0.83215			6
2024.12.16	01:32:36.808	0.83212	0.83216			6
2024.12.16	01:32:40.068	0.83211	0.83215			6
2024.12.16	01:32:49.579		0.83216			4
2024.12.16	01:32:49.899	0.83212				2
2024.12.16	01:32:50.253		0.83215			4
2024.12.16	01:32:51.709	0.83211				2
2024.12.16	01:32:52.174		0.83216			4
2024.12.16	01:32:53.369		0.83215			4
2024.12.16	01:32:53.906		0.83216			4
2024.12.16	01:32:54.374		0.83215			4
2024.12.16	01:32:56.364		0.83216			4
2024.12.16	01:32:56.685	0.83212	0.83217			6
2024.12.16	01:33:01.444	0.83212				2
2024.12.16	01:33:15.948	0.83213				2
2024.12.16	01:33:29.154		0.83219			4
2024.12.16	01:33:30.154	0.83214	0.83218			6
2024.12.16	01:33:30.811	0.83213				2
2024.12.16	01:33:31.136	0.83214				2
2024.12.16	01:33:32.039	0.83213				2
2024.12.16	01:33:37.505		0.83217			4
2024.12.16	01:33:38.038	0.83212				2
2024.12.16	01:33:59.768	0.83213	0.83216			6
2024.12.16	01:34:00.093	0.83213	0.83217			6
2024.12.16	01:34:00.827	0.83211				2
2024.12.16	01:34:03.535	0.83213				2
2024.12.16	01:34:05.709	0.83214	0.83220			6
2024.12.16	01:34:06.170	0.83217				2
2024.12.16	01:34:06.706		0.83221			4
2024.12.16	01:34:07.381		0.83220			4
2024.12.16	01:34:07.741	0.83218	0.83222			6
2024.12.16	01:34:08.821	0.83217				2
2024.12.16	01:34:09.121		0.83221			4
2024.12.16	01:34:10.142	0.83218	0.83222			6
2024.12.16	01:34:11.563		0.83221			4
2024.12.16	01:34:11.937	0.83219				2
2024.12.16	01:34:14.342		0.83223			4
2024.12.16	01:34:15.541	0.83218				2
2024.12.16	01:34:16.628		0.83222			4
2024.12.16	01:34:20.345		0.83223			4
2024.12.16	01:34:20.651		0.83222			4
2024.12.16	01:34:21.561		0.83223			4
2024.12.16	01:34:25.552	0.83216	0.83221			6
2024.12.16	01:34:28.136	0.83217				2
2024.12.16	01:34:29.136	0.83221	0.83224			6
2024.12.16	01:34:31.177	0.83222				2
2024.12.16	01:34:33.105	0.83223				2
2024.12.16	01:34:42.368	0.83222				2
2024.12.16	01:35:00.870	0.83222				2
2024.12.16	01:35:01.207		0.83225			4
2024.12.16	01:35:01.522		0.83224			4
2024.12.16	01:35:02.135	0.83223	0.83225			6
2024.12.16	01:35:02.760		0.83226			4
2024.12.16	01:35:03.062	0.83224				2
2024.12.16	01:35:03.901		0.83227			4
2024.12.16	01:35:04.256		0.83226			4
2024.12.16	01:35:06.824	0.83223				2
2024.12.16	01:35:07.501		0.83227			4
2024.12.16	01:35:10.432	0.83224	0.83226			6
2024.12.16	01:35:14.791	0.83223				2
2024.12.16	01:35:15.220	0.83224				2
2024.12.16	01:35:22.159		0.83227			4
2024.12.16	01:35:22.719		0.83226			4
2024.12.16	01:35:27.589	0.83223				2
2024.12.16	01:35:30.542		0.83227			4
2024.12.16	01:35:31.069	0.83224				2
2024.12.16	01:35:36.739		0.83226			4
2024.12.16	01:35:39.406		0.83227			4
2024.12.16	01:35:41.113		0.83226			4
2024.12.16	01:35:42.376		0.83227			4
2024.12.16	01:35:44.563		0.83226			4
2024.12.16	01:36:01.573	0.83224				2
2024.12.16	01:36:04.313		0.83227			4
2024.12.16	01:36:08.641		0.83226			4
2024.12.16	01:36:27.927	0.83223	0.83225			6
2024.12.16	01:36:28.289		0.83227			4
2024.12.16	01:36:28.816	0.83222	0.83225			6
2024.12.16	01:36:29.119	0.83224	0.83226			6
2024.12.16	01:36:39.394		0.83227			4
2024.12.16	01:36:40.469		0.83226			4
2024.12.16	01:37:00.489	0.83224				2
2024.12.16	01:37:00.883	0.83218	0.83222			6
2024.12.16	01:37:01.917	0.83217				2
2024.12.16	01:37:04.020	0.83218				2
2024.12.16	01:37:04.329	0.83220	0.83223			6
2024.12.16	01:37:08.198	0.83219				2
2024.12.16	01:37:08.665	0.83220				2
2024.12.16	01:37:24.395		0.83222			4
2024.12.16	01:37:30.430	0.83219				2
2024.12.16	01:37:37.394	0.83220				2
2024.12.16	01:37:48.631		0.83223			4
2024.12.16	01:37:59.423	0.83221	0.83222			6
2024.12.16	01:38:00.375	0.83221				2
2024.12.16	01:38:02.241	0.83220	0.83223			6
2024.12.16	01:38:12.234		0.83224			4
2024.12.16	01:38:12.542	0.83221				2
2024.12.16	01:38:13.464		0.83223			4
2024.12.16	01:38:14.496		0.83224			4
2024.12.16	01:38:14.865	0.83220	0.83225			6
2024.12.16	01:38:15.263		0.83224			4
2024.12.16	01:38:16.524	0.83221				2
2024.12.16	01:38:16.834	0.83222				2
2024.12.16	01:38:17.817		0.83225			4
2024.12.16	01:38:18.859	0.83223	0.83227			6
2024.12.16	01:38:19.374	0.83224	0.83226			6
2024.12.16	01:38:23.667		0.83227			4
2024.12.16	01:38:25.764		0.83226			4
2024.12.16	01:38:26.874		0.83227			4
2024.12.16	01:38:27.625		0.83226			4
2024.12.16	01:38:42.773	0.83223				2
2024.12.16	01:38:55.096		0.83227			4
2024.12.16	01:38:55.772		0.83226			4
2024.12.16	01:39:01.424	0.83223				2
2024.12.16	01:39:12.271		0.83225			4
2024.12.16	01:39:14.646	0.83221	0.83224			6
2024.12.16	01:39:16.242		0.83223			4
2024.12.16	01:39:18.425	0.83223	0.83225			6
2024.12.16	01:39:21.540	0.83222				2
2024.12.16	01:39:36.235		0.83226			4
2024.12.16	01:39:38.271		0.83225			4
2024.12.16	01:39:43.264	0.83224	0.83227			6
2024.12.16	01:39:50.287		0.83228			4
2024.12.16	01:39:58.005	0.83225	0.83229			6
2024.12.16	01:39:58.321		0.83228			4
2024.12.16	01:40:00.127	0.83225				2
2024.12.16	01:40:00.435		0.83229			4
2024.12.16	01:40:00.743	0.83226				2
2024.12.16	01:40:01.112	0.83225				2
2024.12.16	01:40:01.554	0.83226				2
2024.12.16	01:40:02.886	0.83225	0.83230			6
2024.12.16	01:40:03.196		0.83229			4
2024.12.16	01:40:04.150		0.83228			4
2024.12.16	01:40:05.161	0.83226	0.83229			6
2024.12.16	01:40:07.433	0.83228	0.83231			6
2024.12.16	01:40:08.081		0.83230			4
2024.12.16	01:40:11.364	0.83227	0.83229			6
2024.12.16	01:40:11.782		0.83230			4
2024.12.16	01:40:13.253	0.83226	0.83229			6
2024.12.16	01:40:16.416		0.83230			4
2024.12.16	01:40:17.635	0.83227				2
2024.12.16	01:40:21.995		0.83229			4
2024.12.16	01:40:23.343		0.83230			4
2024.12.16	01:40:25.121		0.83229			4
2024.12.16	01:40:34.314		0.83230			4
2024.12.16	01:40:35.771		0.83229			4
2024.12.16	01:40:51.281	0.83226	0.83228			6
2024.12.16	01:40:52.701		0.83229			4
2024.12.16	01:40:57.538	0.83227				2
2024.12.16	01:41:00.667	0.83227				2
2024.12.16	01:41:13.166		0.83230			4
2024.12.16	01:41:13.877		0.83229			4
2024.12.16	01:41:43.294	0.83228	0.83232			6
2024.12.16	01:41:43.922		0.83231			4
2024.12.16	01:41:44.232	0.83227				2
2024.12.16	01:41:44.539		0.83230			4
2024.12.16	01:41:47.088	0.83231	0.83235			6
2024.12.16	01:41:48.202	0.83232				2
2024.12.16	01:41:49.902		0.83236			4
2024.12.16	01:41:51.278	0.83233				2
2024.12.16	01:42:00.564	0.83233				2
2024.12.16	01:42:02.846		0.83235			4
2024.12.16	01:42:05.552		0.83236			4
2024.12.16	01:42:12.410	0.83234				2
2024.12.16	01:42:12.741		0.83237			4
2024.12.16	01:42:15.448	0.83235	0.83238			6
2024.12.16	01:42:15.835	0.83233				2
2024.12.16	01:42:16.166		0.83237			4
2024.12.16	01:42:21.472		0.83238			4
2024.12.16	01:42:22.135		0.83237			4
2024.12.16	01:42:23.333		0.83238			4
2024.12.16	01:42:23.646		0.83237			4
2024.12.16	01:42:51.385	0.83235				2
2024.12.16	01:42:51.754	0.83234				2
2024.12.16	01:43:00.510	0.83233				2
2024.12.16	01:43:02.063	0.83234				2
2024.12.16	01:43:02.374		0.83238			4
2024.12.16	01:43:03.146	0.83235				2
2024.12.16	01:43:11.928	0.83233	0.83236			6
2024.12.16	01:43:13.247	0.83232	0.83235			6
2024.12.16	01:43:13.560		0.83236			4
2024.12.16	01:43:14.086		0.83235			4
2024.12.16	01:43:21.106		0.83237			4
2024.12.16	01:43:22.967	0.83235	0.83238			6
2024.12.16	01:43:24.021		0.83239			4
2024.12.16	01:43:24.352		0.83238			4
2024.12.16	01:43:24.756		0.83239			4
2024.12.16	01:43:27.472	0.83236				2
2024.12.16	01:43:29.444	0.83235				2
2024.12.16	01:43:32.347	0.83236				2
2024.12.16	01:43:32.651	0.83235				2
2024.12.16	01:43:33.396	0.83236				2
2024.12.16	01:43:36.772	0.83239	0.83243			6
2024.12.16	01:43:38.827		0.83242			4
2024.12.16	01:43:39.144	0.83238	0.83240			6
2024.12.16	01:43:41.382	0.83236	0.83239			6
2024.12.16	01:44:01.036	0.83236				2
2024.12.16	01:44:05.392	0.83235				2
2024.12.16	01:44:06.622		0.83238			4
2024.12.16	01:44:09.658	0.83234				2
2024.12.16	01:44:30.430	0.83233	0.83236			6
2024.12.16	01:44:31.045	0.83232	0.83235			6
2024.12.16	01:44:32.126		0.83234			4
2024.12.16	01:44:33.335	0.83231				2
2024.12.16	01:44:44.760	0.83230				2
2024.12.16	01:44:52.310	0.83231	0.83235			6
2024.12.16	01:44:53.628	0.83235	0.83238			6
2024.12.16	01:44:53.947	0.83236				2
2024.12.16	01:44:54.281		0.83239			4
2024.12.16	01:44:57.520	0.83237	0.83240			6
2024.12.16	01:45:00.526	0.83239	0.83243			6
2024.12.16	01:45:00.843	0.83241				2
2024.12.16	01:45:01.602	0.83239				2
2024.12.16	01:45:01.903	0.83240	0.83244			6
2024.12.16	01:45:03.968	0.83244	0.83246			6
2024.12.16	01:45:07.671		0.83247			4
2024.12.16	01:45:08.191		0.83246			4
2024.12.16	01:45:10.604	0.83243				2
2024.12.16	01:45:14.423	0.83241	0.83244			6
2024.12.16	01:45:25.583	0.83240				2
2024.12.16	01:45:35.945	0.83241				2
2024.12.16	01:45:49.697		0.83245			4
2024.12.16	01:45:52.176	0.83240				2
2024.12.16	01:45:58.131	0.83241				2
2024.12.16	01:45:58.442	0.83242	0.83246			6
2024.12.16	01:45:58.768	0.83241	0.83245			6
2024.12.16	01:46:00.369	0.83241				2
2024.12.16	01:46:01.478	0.83239	0.83243			6
2024.12.16	01:46:05.375	0.83238				2
2024.12.16	01:46:10.435		0.83242			4
2024.12.16	01:46:12.825		0.83243			4
2024.12.16	01:46:15.061		0.83242			4
2024.12.16	01:46:16.109		0.83243			4
2024.12.16	01:46:26.824	0.83239				2
2024.12.16	01:46:27.141	0.83237	0.83240			6
2024.12.16	01:46:29.230		0.83239			4
2024.12.16	01:46:31.051		0.83240			4
2024.12.16	01:46:33.506	0.83234	0.83238			6
2024.12.16	01:46:35.721		0.83237			4
2024.12.16	01:46:39.250		0.83238			4
2024.12.16	01:46:57.316		0.83237			4
2024.12.16	01:47:00.400	0.83234				2
2024.12.16	01:47:02.742	0.83233				2
2024.12.16	01:47:46.610	0.83234				2
2024.12.16	01:47:55.211	0.83235	0.83238			6
2024.12.16	01:48:00.288	0.83235				2
2024.12.16	01:48:03.235		0.83239			4
2024.12.16	01:48:04.447	0.83233	0.83237			6
2024.12.16	01:48:04.793		0.83236			4
2024.12.16	01:48:29.377	0.83231				2
2024.12.16	01:48:31.141		0.83235			4
2024.12.16	01:48:32.807	0.83230	0.83234			6
2024.12.16	01:48:38.930	0.83234	0.83239			6
2024.12.16	01:48:39.321		0.83238			4
2024.12.16	01:48:40.348		0.83239			4
2024.12.16	01:48:41.127		0.83238			4
2024.12.16	01:48:42.237	0.83235	0.83239			6
2024.12.16	01:48:42.618		0.83238			4
2024.12.16	01:48:42.928		0.83239			4
2024.12.16	01:48:44.344		0.83238			4
2024.12.16	01:49:00.580	0.83235				2
2024.12.16	01:49:03.771		0.83239			4
2024.12.16	01:49:04.555		0.83240			4
2024.12.16	01:49:05.642	0.83236				2
2024.12.16	01:49:48.797		0.83241			4
2024.12.16	01:49:50.693		0.83240			4
2024.12.16	01:49:52.088		0.83241			4
2024.12.16	01:49:53.090		0.83240			4
2024.12.16	01:50:00.414	0.83236				2
2024.12.16	01:50:05.829	0.83235	0.83239			6
2024.12.16	01:50:06.350		0.83240			4
2024.12.16	01:50:08.347	0.83236				2
2024.12.16	01:50:17.189		0.83241			4
2024.12.16	01:50:17.936		0.83240			4
2024.12.16	01:50:36.881		0.83239			4
2024.12.16	01:50:37.200	0.83235				2
2024.12.16	01:51:00.282	0.83235				2
2024.12.16	01:51:20.076	0.83234	0.83238			6
2024.12.16	01:51:25.047	0.83232	0.83236			6
2024.12.16	01:51:25.367		0.83235			4
2024.12.16	01:51:25.841		0.83236			4
2024.12.16	01:51:26.189		0.83235			4
2024.12.16	01:51:36.764	0.83231	0.83236			6
2024.12.16	01:51:56.562		0.83235			4
2024.12.16	01:52:00.355	0.83231				2
2024.12.16	01:52:04.019	0.83230	0.83234			6
2024.12.16	01:52:04.442		0.83235			4
2024.12.16	01:52:08.042		0.83234			4
2024.12.16	01:52:11.422		0.83235			4
2024.12.16	01:52:16.809		0.83234			4
2024.12.16	01:52:17.498		0.83235			4
2024.12.16	01:52:17.812		0.83234			4
2024.12.16	01:52:44.873		0.83235			4
2024.12.16	01:52:54.342	0.83231				2
2024.12.16	01:52:54.643	0.83232	0.83236			6
2024.12.16	01:53:01.436	0.83232				2
2024.12.16	01:53:55.307		0.83236			4
2024.12.16	01:54:01.534	0.83232				2
2024.12.16	01:54:05.535		0.83237			4
2024.12.16	01:54:06.635		0.83236			4
2024.12.16	01:54:08.403	0.83237	0.83239			6
2024.12.16	01:54:08.715		0.83240			4
