<DATE>	<TIME>	<BID>	<ASK>	<LAST>	<VOLUME>	<FLAGS>
2024.12.05	00:00:00.142	0.82728	0.82788			6
2024.12.05	00:00:00.454	0.82702	0.82805			6
2024.12.05	00:00:00.898	0.82706	0.82802			6
2024.12.05	00:00:31.156	0.82678	0.82806			6
2024.12.05	00:00:35.090	0.82698				2
2024.12.05	00:00:42.492		0.82797			4
2024.12.05	00:01:00.986	0.82698	0.82792			6
2024.12.05	00:01:05.005		0.82787			4
2024.12.05	00:01:30.066	0.82700				2
2024.12.05	00:01:31.273		0.82798			4
2024.12.05	00:01:44.641	0.82708	0.82792			6
2024.12.05	00:01:45.576	0.82700	0.82798			6
2024.12.05	00:01:48.182		0.82801			4
2024.12.05	00:01:53.393		0.82800			4
2024.12.05	00:01:56.732		0.82801			4
2024.12.05	00:01:57.831	0.82677	0.82774			6
2024.12.05	00:02:22.359	0.82677				2
2024.12.05	00:02:52.839	0.82678				2
2024.12.05	00:02:57.836		0.82774			4
2024.12.05	00:02:59.229		0.82782			4
2024.12.05	00:03:00.795	0.82678				2
2024.12.05	00:03:17.330	0.82698	0.82792			6
2024.12.05	00:03:18.772		0.82805			4
2024.12.05	00:03:36.478	0.82724	0.82794			6
2024.12.05	00:03:41.125	0.82701	0.82805			6
2024.12.05	00:04:12.352	0.82701				2
2024.12.05	00:04:18.768		0.82804			4
2024.12.05	00:04:36.120	0.82697				2
2024.12.05	00:05:00.592	0.82697				2
2024.12.05	00:05:18.773		0.82804			4
2024.12.05	00:05:25.014		0.82796			4
2024.12.05	00:05:31.121	0.82692				2
2024.12.05	00:05:39.912	0.82698				2
2024.12.05	00:05:40.374	0.82703				2
2024.12.05	00:05:40.722	0.82702				2
2024.12.05	00:05:41.765	0.82701				2
2024.12.05	00:05:45.910	0.82702				2
2024.12.05	00:05:47.119	0.82703				2
2024.12.05	00:05:50.355	0.82704				2
2024.12.05	00:05:52.391	0.82702				2
2024.12.05	00:05:57.636	0.82703				2
2024.12.05	00:05:58.356	0.82704				2
2024.12.05	00:06:03.197	0.82704				2
2024.12.05	00:06:26.129		0.82796			4
2024.12.05	00:06:54.882		0.82795			4
2024.12.05	00:07:02.355	0.82704				2
2024.12.05	00:07:14.715	0.82705				2
2024.12.05	00:07:19.235	0.82703				2
2024.12.05	00:07:24.697	0.82704				2
2024.12.05	00:07:34.890	0.82705				2
2024.12.05	00:07:40.069	0.82704				2
2024.12.05	00:07:43.441		0.82796			4
2024.12.05	00:07:45.154	0.82705				2
2024.12.05	00:07:50.641	0.82704				2
2024.12.05	00:08:01.048	0.82703				2
2024.12.05	00:08:04.737	0.82706				2
2024.12.05	00:08:06.132	0.82707				2
2024.12.05	00:08:24.983	0.82698				2
2024.12.05	00:08:43.781		0.82796			4
2024.12.05	00:09:04.691	0.82698				2
2024.12.05	00:09:14.761	0.82699				2
2024.12.05	00:09:35.056	0.82698				2
2024.12.05	00:09:44.884		0.82796			4
2024.12.05	00:10:00.340	0.82698				2
2024.12.05	00:10:01.553		0.82793			4
2024.12.05	00:10:10.571	0.82697	0.82765			6
2024.12.05	00:10:35.040		0.82764			4
2024.12.05	00:10:35.340		0.82763			4
2024.12.05	00:10:35.946		0.82768			4
2024.12.05	00:10:36.853		0.82766			4
2024.12.05	00:10:38.363	0.82698				2
2024.12.05	00:10:45.614		0.82768			4
2024.12.05	00:10:58.603		0.82793			4
2024.12.05	00:11:00.738	0.82698				2
2024.12.05	00:11:02.576		0.82768			4
2024.12.05	00:11:03.488		0.82793			4
2024.12.05	00:11:07.451	0.82697	0.82768			6
2024.12.05	00:11:08.374	0.82698	0.82793			6
2024.12.05	00:11:12.408	0.82697	0.82768			6
2024.12.05	00:11:13.357	0.82698	0.82793			6
2024.12.05	00:12:00.785	0.82698				2
2024.12.05	00:12:01.926		0.82791			4
2024.12.05	00:12:05.694	0.82700				2
2024.12.05	00:12:30.262		0.82792			4
2024.12.05	00:12:52.057	0.82698				2
2024.12.05	00:13:02.621	0.82698				2
2024.12.05	00:13:30.773		0.82792			4
2024.12.05	00:14:02.351	0.82698				2
2024.12.05	00:14:18.161		0.82785			4
2024.12.05	00:14:24.661		0.82781			4
2024.12.05	00:14:39.241		0.82775			4
2024.12.05	00:14:41.136	0.82694				2
2024.12.05	00:14:54.678	0.82693	0.82776			6
2024.12.05	00:15:04.679	0.82693				2
2024.12.05	00:15:07.275	0.82694				2
2024.12.05	00:15:07.621	0.82693				2
2024.12.05	00:15:13.261	0.82695				2
2024.12.05	00:15:16.598	0.82696				2
2024.12.05	00:15:49.680	0.82697				2
2024.12.05	00:15:50.785		0.82775			4
2024.12.05	00:16:00.793	0.82697				2
2024.12.05	00:16:44.562	0.82698				2
2024.12.05	00:16:52.350		0.82775			4
2024.12.05	00:17:00.385	0.82698				2
2024.12.05	00:17:22.016		0.82776			4
2024.12.05	00:17:39.676	0.82699				2
2024.12.05	00:17:48.491		0.82771			4
2024.12.05	00:18:03.226	0.82699				2
2024.12.05	00:18:34.677	0.82697				2
2024.12.05	00:18:35.184		0.82767			4
2024.12.05	00:18:50.231		0.82768			4
2024.12.05	00:18:57.857		0.82772			4
2024.12.05	00:18:59.535		0.82778			4
2024.12.05	00:19:01.283	0.82697				2
2024.12.05	00:19:15.171		0.82775			4
2024.12.05	00:19:29.678	0.82698				2
2024.12.05	00:20:00.789	0.82698				2
2024.12.05	00:20:16.723		0.82775			4
2024.12.05	00:20:24.440	0.82699				2
2024.12.05	00:20:43.268		0.82777			4
2024.12.05	00:21:00.789	0.82699				2
2024.12.05	00:21:44.617		0.82777			4
2024.12.05	00:22:01.627	0.82699	0.82778			6
2024.12.05	00:23:01.631	0.82699	0.82778			6
2024.12.05	00:24:03.220	0.82699	0.82778			6
2024.12.05	00:25:00.317	0.82699				2
2024.12.05	00:25:05.453		0.82778			4
2024.12.05	00:26:01.226	0.82699				2
2024.12.05	00:26:06.519		0.82778			4
2024.12.05	00:27:02.330	0.82699				2
2024.12.05	00:27:06.941		0.82778			4
2024.12.05	00:27:38.005		0.82777			4
2024.12.05	00:27:44.690	0.82698				2
2024.12.05	00:27:49.761		0.82778			4
2024.12.05	00:28:00.211	0.82698				2
2024.12.05	00:28:09.343	0.82723	0.82777			6
2024.12.05	00:28:57.986	0.82722	0.82778			6
2024.12.05	00:29:00.761	0.82723	0.82777			6
2024.12.05	00:29:05.011	0.82719	0.82778			6
2024.12.05	00:29:12.101	0.82715				2
2024.12.05	00:29:12.524	0.82714				2
2024.12.05	00:29:17.166	0.82715				2
2024.12.05	00:29:22.923	0.82712				2
2024.12.05	00:29:23.920	0.82713				2
2024.12.05	00:29:28.707	0.82716				2
2024.12.05	00:29:36.821	0.82715				2
2024.12.05	00:29:43.873	0.82718				2
2024.12.05	00:29:45.305	0.82719				2
2024.12.05	00:29:49.416	0.82720				2
2024.12.05	00:30:00.385	0.82720				2
2024.12.05	00:30:07.152		0.82778			4
2024.12.05	00:30:11.947	0.82721				2
2024.12.05	00:30:18.032	0.82722				2
2024.12.05	00:31:05.382	0.82722				2
2024.12.05	00:31:07.603		0.82778			4
2024.12.05	00:31:24.388	0.82723	0.82777			6
2024.12.05	00:32:00.345	0.82723				2
2024.12.05	00:32:28.799		0.82777			4
2024.12.05	00:33:04.619	0.82723				2
2024.12.05	00:33:33.348		0.82777			4
2024.12.05	00:34:00.650	0.82723				2
2024.12.05	00:34:39.108		0.82777			4
2024.12.05	00:34:53.912	0.82722	0.82778			6
2024.12.05	00:34:58.223	0.82723	0.82777			6
2024.12.05	00:34:59.064	0.82724	0.82776			6
2024.12.05	00:35:00.149	0.82723	0.82777			6
2024.12.05	00:35:04.705	0.82724	0.82776			6
2024.12.05	00:36:00.789	0.82724				2
2024.12.05	00:36:05.042		0.82776			4
2024.12.05	00:36:09.559		0.82783			4
2024.12.05	00:36:09.979	0.82725	0.82782			6
2024.12.05	00:36:11.004	0.82726	0.82781			6
2024.12.05	00:37:03.685	0.82726				2
2024.12.05	00:37:08.827	0.82725				2
2024.12.05	00:37:11.801		0.82781			4
2024.12.05	00:37:56.318	0.82726				2
2024.12.05	00:38:13.155	0.82726	0.82781			6
2024.12.05	00:38:58.421	0.82725				2
2024.12.05	00:39:09.723	0.82725				2
2024.12.05	00:39:17.698		0.82781			4
2024.12.05	00:39:18.382		0.82782			4
2024.12.05	00:39:38.839	0.82724	0.82783			6
2024.12.05	00:39:50.925	0.82723				2
2024.12.05	00:39:56.961	0.82724				2
2024.12.05	00:40:07.244	0.82724				2
2024.12.05	00:40:09.887	0.82725	0.82782			6
2024.12.05	00:40:24.517		0.82785			4
2024.12.05	00:40:50.495	0.82727	0.82783			6
2024.12.05	00:40:50.979	0.82728	0.82782			6
2024.12.05	00:40:53.813	0.82727	0.82783			6
2024.12.05	00:40:54.408	0.82728	0.82782			6
2024.12.05	00:41:00.766	0.82727	0.82779			6
2024.12.05	00:42:03.775	0.82727	0.82779			6
2024.12.05	00:42:10.811	0.82726	0.82780			6
2024.12.05	00:42:17.957	0.82727	0.82779			6
2024.12.05	00:42:18.260		0.82780			4
2024.12.05	00:42:44.598		0.82779			4
2024.12.05	00:43:10.847	0.82727				2
2024.12.05	00:43:36.188		0.82783			4
2024.12.05	00:43:36.819		0.82780			4
2024.12.05	00:43:42.884	0.82726				2
2024.12.05	00:43:43.373	0.82725	0.82782			6
2024.12.05	00:43:44.905	0.82726	0.82781			6
2024.12.05	00:43:52.079	0.82721	0.82786			6
2024.12.05	00:43:54.708	0.82720				2
2024.12.05	00:44:00.794	0.82720				2
2024.12.05	00:44:08.543	0.82721				2
2024.12.05	00:44:20.015		0.82785			4
2024.12.05	00:44:28.086	0.82720	0.82787			6
2024.12.05	00:44:36.085	0.82722	0.82784			6
2024.12.05	00:44:50.718		0.82774			4
2024.12.05	00:44:51.205		0.82776			4
2024.12.05	00:45:00.784	0.82722				2
2024.12.05	00:45:02.107	0.82712	0.82772			6
2024.12.05	00:45:03.951	0.82723	0.82775			6
2024.12.05	00:45:07.946	0.82735	0.82763			6
2024.12.05	00:45:09.572	0.82734	0.82764			6
2024.12.05	00:45:16.562	0.82735	0.82770			6
2024.12.05	00:45:19.526	0.82736	0.82769			6
2024.12.05	00:45:23.026	0.82735				2
2024.12.05	00:45:54.704	0.82736	0.82771			6
2024.12.05	00:46:00.383	0.82737	0.82770			6
2024.12.05	00:46:30.668	0.82736	0.82772			6
2024.12.05	00:46:31.646		0.82771			4
2024.12.05	00:47:00.788	0.82736				2
2024.12.05	00:47:02.089	0.82725	0.82761			6
2024.12.05	00:47:03.901	0.82736	0.82771			6
2024.12.05	00:47:13.675	0.82739	0.82769			6
2024.12.05	00:47:26.384		0.82767			4
2024.12.05	00:47:30.110	0.82740	0.82765			6
2024.12.05	00:47:38.486	0.82737	0.82768			6
2024.12.05	00:47:38.865	0.82738	0.82767			6
2024.12.05	00:48:02.431	0.82738				2
2024.12.05	00:48:13.737	0.82737	0.82768			6
2024.12.05	00:48:18.822	0.82740	0.82765			6
2024.12.05	00:48:29.245	0.82739	0.82766			6
2024.12.05	00:48:36.165	0.82740	0.82765			6
2024.12.05	00:48:37.396	0.82739	0.82766			6
2024.12.05	00:48:39.520	0.82740	0.82765			6
2024.12.05	00:48:52.116	0.82741				2
2024.12.05	00:49:00.791	0.82741				2
2024.12.05	00:49:07.717		0.82764			4
2024.12.05	00:49:10.221	0.82743	0.82770			6
2024.12.05	00:49:17.671	0.82745	0.82768			6
2024.12.05	00:49:32.745	0.82744	0.82769			6
2024.12.05	00:49:36.135	0.82745	0.82768			6
2024.12.05	00:49:38.700	0.82744	0.82769			6
2024.12.05	00:49:39.383	0.82745	0.82768			6
2024.12.05	00:49:39.693	0.82744	0.82769			6
2024.12.05	00:49:42.953	0.82739	0.82764			6
2024.12.05	00:49:50.791	0.82740	0.82763			6
2024.12.05	00:49:53.815	0.82742	0.82765			6
2024.12.05	00:49:58.081	0.82741	0.82766			6
2024.12.05	00:49:58.428	0.82738	0.82770			6
2024.12.05	00:49:58.938	0.82739	0.82769			6
2024.12.05	00:50:00.307	0.82738				2
2024.12.05	00:50:10.424	0.82739				2
2024.12.05	00:50:11.318		0.82768			4
2024.12.05	00:50:35.021		0.82769			4
2024.12.05	00:50:37.139	0.82740	0.82768			6
2024.12.05	00:50:37.665	0.82741	0.82767			6
2024.12.05	00:50:38.382		0.82766			4
2024.12.05	00:50:47.557		0.82767			4
2024.12.05	00:51:00.791	0.82741				2
2024.12.05	00:51:01.120	0.82740				2
2024.12.05	00:51:02.498		0.82764			4
2024.12.05	00:51:19.901	0.82739				2
2024.12.05	00:52:00.789	0.82739				2
2024.12.05	00:52:04.717		0.82764			4
2024.12.05	00:53:01.630	0.82739				2
2024.12.05	00:53:12.560		0.82764			4
2024.12.05	00:54:01.393	0.82740	0.82766			6
2024.12.05	00:54:02.369	0.82741	0.82765			6
2024.12.05	00:54:16.321	0.82739	0.82766			6
2024.12.05	00:54:16.623		0.82765			4
2024.12.05	00:54:18.069	0.82738				2
2024.12.05	00:54:28.366	0.82739	0.82764			6
2024.12.05	00:54:34.268	0.82738	0.82765			6
2024.12.05	00:54:34.781	0.82739	0.82764			6
2024.12.05	00:54:58.615	0.82738	0.82765			6
2024.12.05	00:55:00.429	0.82738				2
2024.12.05	00:55:02.351	0.82739				2
2024.12.05	00:55:04.071	0.82738				2
2024.12.05	00:55:06.320	0.82737	0.82764			6
2024.12.05	00:55:07.557	0.82738	0.82763			6
2024.12.05	00:55:07.897	0.82737	0.82762			6
2024.12.05	00:55:14.016	0.82736	0.82763			6
2024.12.05	00:55:15.062		0.82762			4
2024.12.05	00:55:17.062	0.82735				2
2024.12.05	00:55:18.141	0.82736	0.82761			6
2024.12.05	00:55:18.918		0.82762			4
2024.12.05	00:55:19.973		0.82761			4
2024.12.05	00:55:36.503	0.82735	0.82758			6
2024.12.05	00:55:37.626	0.82734				2
2024.12.05	00:55:38.461	0.82733	0.82761			6
2024.12.05	00:55:39.817	0.82735	0.82760			6
2024.12.05	00:55:41.564		0.82761			4
2024.12.05	00:55:43.116	0.82733				2
2024.12.05	00:55:44.318	0.82735				2
2024.12.05	00:55:45.349		0.82760			4
2024.12.05	00:55:59.922		0.82759			4
2024.12.05	00:56:02.089	0.82734	0.82761			6
2024.12.05	00:56:07.117	0.82735	0.82760			6
2024.12.05	00:56:07.584		0.82759			4
2024.12.05	00:56:13.603		0.82760			4
2024.12.05	00:56:15.665	0.82736				2
2024.12.05	00:56:18.433	0.82734				2
2024.12.05	00:56:19.348	0.82736				2
2024.12.05	00:56:24.495	0.82737				2
2024.12.05	00:56:27.077	0.82735				2
2024.12.05	00:56:27.486	0.82736				2
2024.12.05	00:56:28.275	0.82735				2
2024.12.05	00:56:29.576	0.82736				2
2024.12.05	00:56:30.560	0.82735				2
2024.12.05	00:56:31.221	0.82736				2
2024.12.05	00:56:32.902	0.82735				2
2024.12.05	00:56:33.218	0.82736				2
2024.12.05	00:56:33.625	0.82735				2
2024.12.05	00:56:33.981	0.82734				2
2024.12.05	00:56:34.360	0.82735				2
2024.12.05	00:56:35.035	0.82734				2
2024.12.05	00:56:35.398	0.82735				2
2024.12.05	00:56:41.640	0.82734	0.82759			6
2024.12.05	00:56:46.529	0.82735	0.82760			6
2024.12.05	00:56:51.523	0.82734	0.82759			6
2024.12.05	00:57:00.399	0.82734				2
2024.12.05	00:57:15.518	0.82733				2
2024.12.05	00:57:17.126		0.82758			4
2024.12.05	00:57:20.783	0.82732				2
2024.12.05	00:57:37.685	0.82731	0.82759			6
2024.12.05	00:57:38.380	0.82732	0.82758			6
2024.12.05	00:57:38.917		0.82759			4
2024.12.05	00:57:39.253		0.82760			4
2024.12.05	00:57:43.486	0.82733	0.82759			6
2024.12.05	00:57:48.519	0.82732				2
2024.12.05	00:57:55.558	0.82733				2
2024.12.05	00:57:56.662	0.82732				2
2024.12.05	00:57:59.896		0.82760			4
2024.12.05	00:58:00.251	0.82732	0.82759			6
2024.12.05	00:58:07.735	0.82731	0.82760			6
2024.12.05	00:58:08.842	0.82732				2
2024.12.05	00:58:11.203		0.82759			4
2024.12.05	00:58:23.698	0.82733	0.82760			6
2024.12.05	00:58:32.801	0.82732				2
2024.12.05	00:58:33.456		0.82759			4
2024.12.05	00:58:35.433	0.82730				2
2024.12.05	00:58:36.442	0.82729				2
2024.12.05	00:58:36.834	0.82728				2
2024.12.05	00:58:38.644	0.82731	0.82762			6
2024.12.05	00:58:43.431	0.82730	0.82763			6
2024.12.05	00:58:44.312		0.82759			4
2024.12.05	00:58:46.064	0.82731	0.82758			6
2024.12.05	00:58:49.578	0.82730	0.82759			6
2024.12.05	00:58:53.302		0.82758			4
2024.12.05	00:58:55.902		0.82759			4
2024.12.05	00:58:58.393		0.82758			4
2024.12.05	00:59:00.536	0.82730				2
2024.12.05	00:59:05.742		0.82759			4
2024.12.05	00:59:07.046		0.82758			4
2024.12.05	00:59:11.443	0.82724	0.82744			6
2024.12.05	00:59:12.345	0.82723				2
2024.12.05	00:59:13.021	0.82725				2
2024.12.05	00:59:18.813	0.82726				2
2024.12.05	00:59:22.814		0.82742			4
2024.12.05	00:59:25.166	0.82727				2
2024.12.05	00:59:27.694	0.82726				2
2024.12.05	00:59:30.462		0.82743			4
2024.12.05	00:59:35.756		0.82758			4
2024.12.05	00:59:37.920		0.82759			4
2024.12.05	00:59:38.721		0.82758			4
2024.12.05	00:59:40.889	0.82727				2
2024.12.05	00:59:46.090		0.82759			4
2024.12.05	00:59:48.784		0.82760			4
2024.12.05	00:59:49.405		0.82759			4
2024.12.05	00:59:49.809	0.82728	0.82758			6
2024.12.05	00:59:51.583	0.82729				2
2024.12.05	00:59:52.357		0.82759			4
2024.12.05	00:59:54.587	0.82728				2
2024.12.05	00:59:59.551		0.82758			4
2024.12.05	01:00:00.315	0.82729	0.82761			6
2024.12.05	01:00:00.624	0.82727	0.82762			6
2024.12.05	01:00:00.972	0.82726				2
2024.12.05	01:00:01.380	0.82727	0.82761			6
2024.12.05	01:00:01.870		0.82739			4
2024.12.05	01:00:02.504	0.82728	0.82738			6
2024.12.05	01:00:03.130	0.82729	0.82739			6
2024.12.05	01:00:04.336	0.82732	0.82744			6
2024.12.05	01:00:04.700	0.82726				2
2024.12.05	01:00:05.737	0.82731	0.82745			6
2024.12.05	01:00:06.190	0.82727				2
2024.12.05	01:00:07.556	0.82730				2
2024.12.05	01:00:08.154	0.82729				2
2024.12.05	01:00:09.007	0.82730				2
2024.12.05	01:00:09.617	0.82731				2
2024.12.05	01:00:11.233	0.82730				2
2024.12.05	01:00:11.712	0.82727				2
2024.12.05	01:00:12.015	0.82731				2
2024.12.05	01:00:12.388	0.82730	0.82743			6
2024.12.05	01:00:12.708	0.82728				2
2024.12.05	01:00:13.232	0.82730	0.82744			6
2024.12.05	01:00:13.923	0.82733	0.82747			6
2024.12.05	01:00:14.321		0.82748			4
2024.12.05	01:00:15.580		0.82747			4
2024.12.05	01:00:16.743	0.82734				2
2024.12.05	01:00:17.850		0.82748			4
2024.12.05	01:00:18.571	0.82736	0.82750			6
2024.12.05	01:00:18.887		0.82751			4
2024.12.05	01:00:20.070	0.82739	0.82750			6
2024.12.05	01:00:20.429		0.82752			4
2024.12.05	01:00:20.758	0.82733	0.82754			6
2024.12.05	01:00:21.337	0.82739	0.82753			6
2024.12.05	01:00:22.072		0.82752			4
2024.12.05	01:00:22.393	0.82736				2
2024.12.05	01:00:22.718	0.82739	0.82750			6
2024.12.05	01:00:23.080		0.82752			4
2024.12.05	01:00:23.730	0.82736				2
2024.12.05	01:00:26.808	0.82738				2
2024.12.05	01:00:27.727	0.82736	0.82747			6
2024.12.05	01:00:28.400	0.82737	0.82748			6
2024.12.05	01:00:28.762	0.82739	0.82750			6
2024.12.05	01:00:29.064	0.82738	0.82751			6
2024.12.05	01:00:30.400	0.82737				2
2024.12.05	01:00:31.601	0.82739				2
2024.12.05	01:00:33.469	0.82744	0.82753			6
2024.12.05	01:00:33.782	0.82741				2
2024.12.05	01:00:36.019	0.82743				2
2024.12.05	01:00:38.841	0.82739				2
2024.12.05	01:00:40.188	0.82737				2
2024.12.05	01:00:41.746	0.82739	0.82751			6
2024.12.05	01:00:42.161	0.82737				2
2024.12.05	01:00:42.556	0.82739				2
2024.12.05	01:00:44.007	0.82737				2
2024.12.05	01:00:44.778	0.82739	0.82748			6
2024.12.05	01:00:46.701		0.82751			4
2024.12.05	01:00:52.337	0.82737	0.82749			6
2024.12.05	01:00:52.645	0.82739				2
2024.12.05	01:00:53.692	0.82736				2
2024.12.05	01:00:56.905	0.82737				2
2024.12.05	01:00:57.615	0.82736	0.82748			6
2024.12.05	01:00:58.168	0.82737	0.82749			6
2024.12.05	01:00:59.371	0.82738	0.82748			6
2024.12.05	01:01:00.317	0.82738				2
2024.12.05	01:01:00.760	0.82736				2
2024.12.05	01:01:01.439	0.82740				2
2024.12.05	01:01:01.763	0.82738				2
2024.12.05	01:01:02.389	0.82739				2
2024.12.05	01:01:03.387	0.82738				2
2024.12.05	01:01:11.076	0.82737				2
2024.12.05	01:01:11.414	0.82738				2
2024.12.05	01:01:13.573	0.82737				2
2024.12.05	01:01:14.727	0.82738				2
2024.12.05	01:01:17.484	0.82740				2
2024.12.05	01:01:18.208	0.82739				2
2024.12.05	01:01:19.717		0.82747			4
2024.12.05	01:01:20.980		0.82748			4
2024.12.05	01:01:31.414	0.82740				2
2024.12.05	01:01:38.380	0.82747	0.82754			6
2024.12.05	01:01:39.187	0.82751	0.82759			6
2024.12.05	01:01:39.597		0.82753			4
2024.12.05	01:01:40.808		0.82758			4
2024.12.05	01:01:42.413	0.82749	0.82757			6
2024.12.05	01:02:00.574	0.82747	0.82755			6
2024.12.05	01:02:01.503		0.82754			4
2024.12.05	01:02:06.267	0.82749	0.82756			6
2024.12.05	01:02:07.131	0.82745				2
2024.12.05	01:02:07.883	0.82749				2
2024.12.05	01:02:09.289	0.82747	0.82754			6
2024.12.05	01:02:11.616		0.82755			4
2024.12.05	01:02:16.940	0.82749	0.82756			6
2024.12.05	01:02:17.598	0.82748				2
2024.12.05	01:02:18.832		0.82754			4
2024.12.05	01:02:21.755	0.82746				2
2024.12.05	01:02:31.637	0.82748				2
2024.12.05	01:02:33.800		0.82753			4
2024.12.05	01:02:34.718		0.82755			4
2024.12.05	01:02:35.459	0.82746	0.82754			6
2024.12.05	01:02:38.899		0.82753			4
2024.12.05	01:03:00.784	0.82746				2
2024.12.05	01:03:05.497	0.82747				2
2024.12.05	01:03:13.164		0.82754			4
2024.12.05	01:03:13.472	0.82749	0.82758			6
2024.12.05	01:03:15.888		0.82755			4
2024.12.05	01:03:27.109	0.82748				2
2024.12.05	01:04:01.601	0.82746	0.82754			6
2024.12.05	01:04:01.958	0.82749	0.82751			6
2024.12.05	01:04:04.078	0.82746	0.82754			6
2024.12.05	01:04:17.584	0.82745	0.82753			6
2024.12.05	01:04:21.560	0.82746				2
2024.12.05	01:04:26.750	0.82745				2
2024.12.05	01:04:28.281	0.82747	0.82754			6
2024.12.05	01:04:32.390	0.82748				2
2024.12.05	01:04:37.174	0.82747				2
2024.12.05	01:04:51.329	0.82748				2
2024.12.05	01:04:52.409	0.82747				2
2024.12.05	01:04:57.424	0.82745	0.82752			6
2024.12.05	01:05:00.524	0.82742	0.82750			6
2024.12.05	01:05:07.298	0.82743				2
2024.12.05	01:05:09.519	0.82745	0.82747			6
2024.12.05	01:05:11.327	0.82742	0.82750			6
2024.12.05	01:05:14.221	0.82743	0.82749			6
2024.12.05	01:05:14.544	0.82741				2
2024.12.05	01:05:17.928		0.82748			4
2024.12.05	01:05:18.290		0.82746			4
2024.12.05	01:05:20.354		0.82748			4
2024.12.05	01:05:29.278	0.82743	0.82749			6
2024.12.05	01:05:46.480		0.82750			4
2024.12.05	01:05:52.368		0.82749			4
2024.12.05	01:05:54.780	0.82742				2
2024.12.05	01:05:57.958	0.82743	0.82748			6
2024.12.05	01:06:00.291	0.82743				2
2024.12.05	01:06:02.260		0.82747			4
2024.12.05	01:06:03.816	0.82744	0.82749			6
2024.12.05	01:06:04.608	0.82745				2
2024.12.05	01:06:05.654		0.82750			4
2024.12.05	01:06:14.319	0.82744	0.82749			6
2024.12.05	01:06:20.734		0.82747			4
2024.12.05	01:06:27.157	0.82743	0.82748			6
2024.12.05	01:06:28.573	0.82744	0.82749			6
2024.12.05	01:06:36.356	0.82745				2
2024.12.05	01:06:40.785		0.82750			4
2024.12.05	01:06:44.073	0.82744	0.82749			6
2024.12.05	01:07:00.434	0.82744				2
2024.12.05	01:07:17.704		0.82747			4
2024.12.05	01:07:28.291	0.82746	0.82749			6
2024.12.05	01:08:00.847	0.82746				2
2024.12.05	01:08:29.004		0.82749			4
2024.12.05	01:08:56.383	0.82749	0.82752			6
2024.12.05	01:08:58.254	0.82748	0.82751			6
2024.12.05	01:08:58.581	0.82745				2
2024.12.05	01:09:00.365	0.82745				2
2024.12.05	01:09:04.691		0.82752			4
2024.12.05	01:09:05.442		0.82751			4
2024.12.05	01:10:00.458	0.82745				2
2024.12.05	01:10:03.739		0.82750			4
2024.12.05	01:10:19.368	0.82746	0.82749			6
2024.12.05	01:10:24.648	0.82743	0.82747			6
2024.12.05	01:10:25.413	0.82744	0.82748			6
2024.12.05	01:10:28.129		0.82747			4
2024.12.05	01:10:57.458	0.82741	0.82744			6
2024.12.05	01:10:57.764	0.82740	0.82743			6
2024.12.05	01:11:00.153	0.82740				2
2024.12.05	01:11:09.642	0.82739				2
2024.12.05	01:11:10.957	0.82741	0.82744			6
2024.12.05	01:11:11.738	0.82739	0.82743			6
2024.12.05	01:11:12.464	0.82741	0.82744			6
2024.12.05	01:11:16.332		0.82743			4
2024.12.05	01:11:25.919	0.82739	0.82742			6
2024.12.05	01:11:28.116	0.82738	0.82744			6
2024.12.05	01:11:28.502	0.82739				2
2024.12.05	01:11:28.803	0.82740	0.82743			6
2024.12.05	01:11:39.005		0.82742			4
2024.12.05	01:11:39.584		0.82743			4
2024.12.05	01:11:43.161	0.82738	0.82742			6
2024.12.05	01:11:46.456	0.82739	0.82740			6
2024.12.05	01:11:47.777		0.82741			4
2024.12.05	01:11:49.117		0.82740			4
2024.12.05	01:11:51.702	0.82737	0.82739			6
2024.12.05	01:11:52.258	0.82736				2
2024.12.05	01:11:54.028		0.82740			4
2024.12.05	01:11:59.581	0.82739	0.82744			6
2024.12.05	01:11:59.883	0.82737	0.82743			6
2024.12.05	01:12:00.258	0.82737				2
2024.12.05	01:12:00.987		0.82744			4
2024.12.05	01:12:04.021		0.82743			4
2024.12.05	01:12:05.381		0.82742			4
2024.12.05	01:12:05.837		0.82743			4
2024.12.05	01:12:06.649	0.82738				2
2024.12.05	01:12:07.691	0.82739	0.82745			6
2024.12.05	01:12:10.012	0.82740				2
2024.12.05	01:12:17.018	0.82739				2
2024.12.05	01:12:18.652	0.82740				2
2024.12.05	01:12:20.017	0.82743				2
2024.12.05	01:12:20.380	0.82741	0.82746			6
2024.12.05	01:12:20.683		0.82745			4
2024.12.05	01:12:22.445		0.82746			4
2024.12.05	01:12:23.925	0.82739				2
2024.12.05	01:12:25.437	0.82740	0.82747			6
2024.12.05	01:12:26.650	0.82741				2
2024.12.05	01:12:27.400	0.82742	0.82748			6
2024.12.05	01:12:30.380	0.82740	0.82746			6
2024.12.05	01:12:31.396		0.82745			4
2024.12.05	01:12:32.689		0.82746			4
2024.12.05	01:12:33.639	0.82742	0.82745			6
2024.12.05	01:12:33.943		0.82746			4
2024.12.05	01:12:36.923	0.82741	0.82745			6
2024.12.05	01:12:37.229	0.82742				2
2024.12.05	01:12:37.937	0.82741				2
2024.12.05	01:12:39.073	0.82742				2
2024.12.05	01:12:41.661	0.82740				2
2024.12.05	01:12:48.516		0.82746			4
2024.12.05	01:12:51.838		0.82745			4
2024.12.05	01:12:52.285		0.82744			4
2024.12.05	01:12:53.140	0.82741				2
2024.12.05	01:12:54.100	0.82742				2
2024.12.05	01:12:54.659	0.82739				2
2024.12.05	01:12:54.966		0.82743			4
2024.12.05	01:12:59.161	0.82740				2
2024.12.05	01:12:59.887	0.82738	0.82744			6
2024.12.05	01:13:00.753	0.82739	0.82745			6
2024.12.05	01:13:01.127	0.82740	0.82744			6
2024.12.05	01:13:01.443	0.82739	0.82745			6
2024.12.05	01:13:03.410		0.82744			4
2024.12.05	01:13:03.943		0.82745			4
2024.12.05	01:13:06.225		0.82744			4
2024.12.05	01:13:07.011		0.82745			4
2024.12.05	01:13:12.585		0.82744			4
2024.12.05	01:13:13.491		0.82745			4
2024.12.05	01:13:14.596		0.82744			4
2024.12.05	01:13:15.594		0.82745			4
2024.12.05	01:13:21.324		0.82744			4
2024.12.05	01:13:24.805	0.82738				2
2024.12.05	01:13:25.748		0.82743			4
2024.12.05	01:13:26.404		0.82744			4
2024.12.05	01:13:31.318	0.82739	0.82745			6
2024.12.05	01:13:59.818	0.82742	0.82746			6
2024.12.05	01:14:00.365	0.82742				2
2024.12.05	01:14:11.503	0.82743	0.82749			6
2024.12.05	01:14:11.920	0.82745	0.82750			6
2024.12.05	01:14:14.534	0.82743	0.82749			6
2024.12.05	01:14:15.821	0.82745	0.82750			6
2024.12.05	01:14:26.370	0.82744	0.82749			6
2024.12.05	01:14:32.316	0.82745	0.82750			6
2024.12.05	01:15:00.373	0.82745	0.82748			6
2024.12.05	01:15:00.916	0.82744	0.82747			6
2024.12.05	01:15:01.244	0.82746	0.82748			6
2024.12.05	01:15:04.679	0.82744				2
2024.12.05	01:15:05.376	0.82743	0.82747			6
2024.12.05	01:15:07.500	0.82744				2
2024.12.05	01:15:08.663	0.82746				2
2024.12.05	01:15:09.050	0.82747	0.82748			6
2024.12.05	01:15:10.110	0.82748	0.82749			6
2024.12.05	01:15:10.425	0.82749	0.82750			6
2024.12.05	01:15:44.698	0.82750	0.82751			6
2024.12.05	01:15:53.159	0.82749	0.82750			6
2024.12.05	01:15:58.716	0.82748	0.82751			6
2024.12.05	01:15:59.026	0.82749	0.82753			6
2024.12.05	01:16:02.777	0.82750	0.82752			6
2024.12.05	01:16:18.209	0.82752	0.82753			6
2024.12.05	01:16:21.783	0.82751	0.82752			6
2024.12.05	01:16:35.210	0.82745	0.82750			6
2024.12.05	01:16:36.232	0.82751	0.82752			6
2024.12.05	01:16:46.633	0.82747	0.82751			6
2024.12.05	01:16:58.386		0.82750			4
2024.12.05	01:17:00.517	0.82746				2
2024.12.05	01:17:02.464		0.82751			4
2024.12.05	01:17:06.517	0.82747				2
2024.12.05	01:17:27.770	0.82751	0.82752			6
2024.12.05	01:17:28.079	0.82750				2
2024.12.05	01:17:42.347	0.82746	0.82751			6
2024.12.05	01:17:58.685		0.82750			4
2024.12.05	01:18:00.353	0.82746				2
2024.12.05	01:18:04.343	0.82745				2
2024.12.05	01:18:10.963	0.82744	0.82751			6
2024.12.05	01:18:12.045	0.82746				2
2024.12.05	01:18:13.564	0.82745	0.82750			6
2024.12.05	01:18:13.883		0.82749			4
2024.12.05	01:18:16.813	0.82744				2
2024.12.05	01:18:23.596	0.82745	0.82748			6
2024.12.05	01:18:37.416		0.82749			4
2024.12.05	01:18:37.755	0.82744				2
2024.12.05	01:18:44.250		0.82747			4
2024.12.05	01:18:44.593		0.82749			4
2024.12.05	01:18:45.576		0.82746			4
2024.12.05	01:18:51.174	0.82743				2
2024.12.05	01:18:52.148	0.82745	0.82750			6
2024.12.05	01:19:01.418	0.82745				2
2024.12.05	01:19:02.034	0.82746				2
2024.12.05	01:19:02.433		0.82749			4
2024.12.05	01:19:05.653	0.82745				2
2024.12.05	01:19:13.378		0.82748			4
2024.12.05	01:19:20.707	0.82744				2
2024.12.05	01:19:24.640		0.82747			4
2024.12.05	01:19:30.045	0.82745				2
2024.12.05	01:19:38.374		0.82749			4
2024.12.05	01:19:43.415	0.82744				2
2024.12.05	01:19:46.003	0.82746				2
2024.12.05	01:19:46.306		0.82751			4
2024.12.05	01:19:47.374		0.82750			4
2024.12.05	01:19:48.432		0.82751			4
2024.12.05	01:19:57.418		0.82750			4
2024.12.05	01:19:57.877		0.82749			4
2024.12.05	01:20:01.421	0.82746				2
2024.12.05	01:20:07.080	0.82744				2
2024.12.05	01:20:10.355	0.82747	0.82750			6
2024.12.05	01:20:16.935		0.82752			4
2024.12.05	01:20:22.688		0.82753			4
2024.12.05	01:20:24.023	0.82749	0.82752			6
2024.12.05	01:20:28.166		0.82753			4
2024.12.05	01:20:32.021	0.82747	0.82752			6
2024.12.05	01:20:32.806	0.82749				2
2024.12.05	01:20:34.122	0.82750				2
2024.12.05	01:20:37.122		0.82753			4
2024.12.05	01:20:48.039	0.82751				2
2024.12.05	01:20:50.804	0.82752				2
2024.12.05	01:20:51.761	0.82751	0.82754			6
2024.12.05	01:20:59.017		0.82753			4
2024.12.05	01:20:59.915	0.82750	0.82755			6
2024.12.05	01:21:00.221	0.82753				2
2024.12.05	01:21:00.690	0.82751				2
2024.12.05	01:21:02.625	0.82750				2
2024.12.05	01:21:08.960	0.82753				2
2024.12.05	01:21:28.419	0.82751				2
2024.12.05	01:21:31.165	0.82752				2
2024.12.05	01:21:38.070	0.82751	0.82754			6
2024.12.05	01:21:44.347		0.82753			4
2024.12.05	01:21:57.071	0.82750				2
2024.12.05	01:22:00.491	0.82750				2
2024.12.05	01:22:05.289	0.82753	0.82754			6
2024.12.05	01:22:06.026	0.82754	0.82755			6
2024.12.05	01:22:06.342	0.82752				2
2024.12.05	01:22:07.612		0.82754			4
2024.12.05	01:22:14.875		0.82755			4
2024.12.05	01:22:15.188		0.82754			4
2024.12.05	01:22:22.343		0.82755			4
2024.12.05	01:22:22.894	0.82754				2
2024.12.05	01:22:23.200	0.82750	0.82754			6
2024.12.05	01:22:24.661	0.82751				2
2024.12.05	01:22:27.027	0.82750				2
2024.12.05	01:22:30.323	0.82749	0.82753			6
2024.12.05	01:22:33.206	0.82752				2
2024.12.05	01:22:33.844	0.82753	0.82754			6
2024.12.05	01:22:35.332		0.82755			4
2024.12.05	01:22:37.095		0.82754			4
2024.12.05	01:22:39.102	0.82754	0.82755			6
2024.12.05	01:22:47.805	0.82755	0.82758			6
2024.12.05	01:22:58.780	0.82756				2
2024.12.05	01:22:59.478	0.82759	0.82760			6
2024.12.05	01:23:00.356	0.82759				2
2024.12.05	01:23:02.759	0.82758				2
2024.12.05	01:23:10.757	0.82757	0.82759			6
2024.12.05	01:23:11.304	0.82756				2
2024.12.05	01:23:13.522	0.82755				2
2024.12.05	01:23:21.797	0.82754				2
2024.12.05	01:23:22.717		0.82758			4
2024.12.05	01:23:36.274	0.82756	0.82757			6
2024.12.05	01:23:37.860	0.82757	0.82758			6
2024.12.05	01:23:45.824	0.82758	0.82759			6
2024.12.05	01:23:51.887	0.82759	0.82760			6
2024.12.05	01:23:53.151	0.82758	0.82759			6
2024.12.05	01:23:53.459	0.82759	0.82760			6
2024.12.05	01:24:01.187	0.82759				2
2024.12.05	01:24:19.518	0.82758				2
2024.12.05	01:24:31.973	0.82759				2
2024.12.05	01:24:41.016	0.82760	0.82761			6
2024.12.05	01:24:42.334	0.82758	0.82760			6
2024.12.05	01:24:43.543		0.82759			4
2024.12.05	01:24:47.829	0.82757				2
2024.12.05	01:24:52.282	0.82758				2
2024.12.05	01:25:00.605	0.82758				2
2024.12.05	01:25:04.120	0.82756				2
2024.12.05	01:25:13.973	0.82758				2
2024.12.05	01:25:22.065	0.82757	0.82761			6
2024.12.05	01:25:22.400	0.82756				2
2024.12.05	01:25:24.909	0.82759	0.82762			6
2024.12.05	01:25:31.191	0.82757				2
2024.12.05	01:25:40.273	0.82758				2
2024.12.05	01:25:53.238	0.82757				2
2024.12.05	01:25:58.382	0.82758				2
2024.12.05	01:26:03.557	0.82758				2
2024.12.05	01:26:13.725		0.82761			4
2024.12.05	01:26:14.034	0.82759				2
2024.12.05	01:27:00.694	0.82759	0.82760			6
2024.12.05	01:27:05.870		0.82761			4
2024.12.05	01:27:08.966		0.82760			4
2024.12.05	01:27:16.172		0.82761			4
2024.12.05	01:27:16.556		0.82760			4
2024.12.05	01:27:29.329		0.82762			4
2024.12.05	01:27:29.843	0.82760				2
2024.12.05	01:27:30.781		0.82761			4
2024.12.05	01:27:31.085		0.82762			4
2024.12.05	01:27:35.114		0.82761			4
2024.12.05	01:27:36.187	0.82759	0.82760			6
2024.12.05	01:27:38.274	0.82758	0.82759			6
2024.12.05	01:27:47.387	0.82756	0.82757			6
2024.12.05	01:27:47.940	0.82755				2
2024.12.05	01:27:52.652	0.82756				2
2024.12.05	01:27:59.182		0.82758			4
2024.12.05	01:28:00.907	0.82756				2
2024.12.05	01:28:03.603	0.82757	0.82760			6
2024.12.05	01:28:05.921	0.82758				2
2024.12.05	01:28:07.117	0.82756				2
2024.12.05	01:28:07.906	0.82757				2
2024.12.05	01:28:08.224	0.82755				2
2024.12.05	01:28:15.305	0.82757	0.82759			6
2024.12.05	01:28:15.623		0.82758			4
2024.12.05	01:28:24.311	0.82755				2
2024.12.05	01:28:26.391	0.82756				2
2024.12.05	01:28:27.770	0.82757				2
2024.12.05	01:28:45.702	0.82759	0.82760			6
2024.12.05	01:28:58.299	0.82758				2
2024.12.05	01:29:00.452	0.82759				2
2024.12.05	01:29:21.777	0.82758				2
2024.12.05	01:29:30.267	0.82759				2
2024.12.05	01:29:31.797	0.82760	0.82761			6
2024.12.05	01:30:00.313	0.82760				2
2024.12.05	01:30:01.123	0.82759	0.82760			6
2024.12.05	01:30:01.426	0.82758	0.82759			6
2024.12.05	01:30:02.115		0.82760			4
2024.12.05	01:30:04.274	0.82759				2
2024.12.05	01:30:11.309	0.82754	0.82756			6
2024.12.05	01:30:12.363		0.82755			4
2024.12.05	01:30:27.390	0.82758	0.82759			6
2024.12.05	01:30:27.695	0.82759	0.82760			6
2024.12.05	01:30:30.041	0.82758	0.82759			6
2024.12.05	01:30:30.359	0.82759	0.82760			6
2024.12.05	01:30:31.908	0.82758	0.82759			6
2024.12.05	01:30:32.332	0.82759	0.82760			6
2024.12.05	01:30:41.129	0.82758	0.82759			6
2024.12.05	01:30:45.309	0.82755	0.82757			6
2024.12.05	01:30:46.353	0.82754	0.82756			6
2024.12.05	01:30:47.729	0.82755				2
2024.12.05	01:30:48.063	0.82756	0.82757			6
2024.12.05	01:30:49.152	0.82755	0.82756			6
2024.12.05	01:30:50.066	0.82753	0.82755			6
2024.12.05	01:30:51.037	0.82755	0.82756			6
2024.12.05	01:30:53.350	0.82756	0.82757			6
2024.12.05	01:30:56.162	0.82755	0.82756			6
2024.12.05	01:30:57.777	0.82754	0.82755			6
2024.12.05	01:30:58.346	0.82755	0.82756			6
2024.12.05	01:30:59.668	0.82754	0.82755			6
2024.12.05	01:31:00.430	0.82754				2
2024.12.05	01:31:01.204	0.82752	0.82753			6
2024.12.05	01:31:05.794	0.82753	0.82754			6
2024.12.05	01:31:14.391	0.82752	0.82753			6
2024.12.05	01:31:21.717	0.82754	0.82755			6
2024.12.05	01:31:22.038	0.82753	0.82754			6
2024.12.05	01:31:27.922	0.82752	0.82753			6
2024.12.05	01:31:28.223	0.82751	0.82752			6
2024.12.05	01:31:29.463	0.82749	0.82750			6
2024.12.05	01:31:32.873	0.82748	0.82749			6
2024.12.05	01:31:38.993	0.82749	0.82750			6
2024.12.05	01:31:42.957	0.82748	0.82749			6
2024.12.05	01:32:00.250	0.82749	0.82750			6
2024.12.05	01:32:07.554	0.82751	0.82752			6
2024.12.05	01:32:10.546	0.82750	0.82751			6
2024.12.05	01:32:11.974	0.82753	0.82754			6
2024.12.05	01:32:26.205		0.82756			4
2024.12.05	01:32:30.681	0.82752				2
2024.12.05	01:32:31.849	0.82753				2
2024.12.05	01:32:37.572	0.82752				2
2024.12.05	01:32:39.820	0.82753				2
2024.12.05	01:33:00.480	0.82753				2
2024.12.05	01:33:02.001		0.82757			4
2024.12.05	01:33:08.319	0.82756				2
2024.12.05	01:33:09.961		0.82758			4
2024.12.05	01:33:14.042		0.82757			4
2024.12.05	01:33:23.073	0.82754	0.82755			6
2024.12.05	01:33:36.111	0.82751	0.82754			6
2024.12.05	01:33:39.982	0.82752				2
2024.12.05	01:33:40.315	0.82751				2
2024.12.05	01:33:44.243	0.82753				2
2024.12.05	01:33:44.600	0.82752				2
2024.12.05	01:33:47.525	0.82751				2
2024.12.05	01:33:54.233	0.82754	0.82755			6
2024.12.05	01:33:58.417	0.82755	0.82757			6
2024.12.05	01:33:58.730	0.82756				2
2024.12.05	01:34:00.362	0.82756				2
2024.12.05	01:34:01.916	0.82757	0.82758			6
2024.12.05	01:34:20.838	0.82756	0.82757			6
2024.12.05	01:34:52.841	0.82754	0.82755			6
2024.12.05	01:34:57.952		0.82756			4
2024.12.05	01:34:58.266	0.82756	0.82757			6
2024.12.05	01:34:58.569	0.82754	0.82755			6
2024.12.05	01:35:00.559	0.82756	0.82757			6
2024.12.05	01:35:16.372	0.82754	0.82755			6
2024.12.05	01:35:17.107	0.82755	0.82756			6
2024.12.05	01:35:18.258	0.82753	0.82755			6
2024.12.05	01:35:22.367	0.82755	0.82756			6
2024.12.05	01:35:23.680	0.82756	0.82757			6
2024.12.05	01:35:27.714	0.82752	0.82753			6
2024.12.05	01:35:28.897	0.82754	0.82755			6
2024.12.05	01:35:30.843	0.82752	0.82753			6
2024.12.05	01:35:39.483	0.82753	0.82755			6
2024.12.05	01:35:39.804	0.82754				2
2024.12.05	01:35:44.347	0.82755	0.82756			6
2024.12.05	01:35:44.712	0.82754	0.82755			6
2024.12.05	01:35:46.350	0.82752				2
2024.12.05	01:35:55.709	0.82753				2
2024.12.05	01:36:00.303	0.82749	0.82752			6
2024.12.05	01:36:06.915	0.82751				2
2024.12.05	01:36:30.775	0.82754	0.82755			6
2024.12.05	01:36:31.118	0.82752	0.82753			6
2024.12.05	01:36:31.832	0.82751	0.82752			6
2024.12.05	01:36:37.861	0.82749				2
2024.12.05	01:36:46.052	0.82750				2
2024.12.05	01:36:55.056	0.82751				2
2024.12.05	01:37:00.181	0.82751				2
2024.12.05	01:37:11.206	0.82750				2
2024.12.05	01:37:14.386	0.82748	0.82751			6
2024.12.05	01:37:14.695	0.82747				2
2024.12.05	01:37:17.335	0.82749	0.82750			6
2024.12.05	01:37:22.334	0.82750	0.82751			6
2024.12.05	01:37:32.720	0.82749	0.82750			6
2024.12.05	01:37:51.781	0.82748	0.82749			6
2024.12.05	01:37:52.084	0.82747	0.82751			6
2024.12.05	01:37:52.406		0.82748			4
2024.12.05	01:37:55.075	0.82744	0.82747			6
2024.12.05	01:37:56.308	0.82747	0.82748			6
2024.12.05	01:37:57.114	0.82744	0.82746			6
2024.12.05	01:37:59.710	0.82746	0.82747			6
2024.12.05	01:38:01.222	0.82744	0.82746			6
2024.12.05	01:38:05.106	0.82743	0.82747			6
2024.12.05	01:38:05.763	0.82742				2
2024.12.05	01:38:10.167	0.82744				2
2024.12.05	01:38:12.229	0.82745	0.82748			6
2024.12.05	01:38:15.082	0.82744				2
2024.12.05	01:38:20.342	0.82745				2
2024.12.05	01:38:20.798	0.82744				2
2024.12.05	01:38:24.748	0.82749	0.82750			6
2024.12.05	01:38:25.471		0.82751			4
2024.12.05	01:38:37.890	0.82745	0.82750			6
2024.12.05	01:38:40.052		0.82751			4
2024.12.05	01:38:41.296		0.82750			4
2024.12.05	01:38:47.476		0.82751			4
2024.12.05	01:38:49.697	0.82744				2
2024.12.05	01:38:50.872	0.82746	0.82750			6
2024.12.05	01:38:51.205	0.82745				2
2024.12.05	01:38:54.019		0.82749			4
2024.12.05	01:38:54.340		0.82748			4
2024.12.05	01:38:55.923	0.82742				2
2024.12.05	01:38:56.473		0.82747			4
2024.12.05	01:39:00.302	0.82742	0.82746			6
2024.12.05	01:39:03.024		0.82745			4
2024.12.05	01:39:09.928	0.82743	0.82750			6
2024.12.05	01:39:12.406	0.82744				2
2024.12.05	01:39:14.441	0.82742				2
2024.12.05	01:39:15.505	0.82743				2
2024.12.05	01:39:19.005	0.82744				2
2024.12.05	01:39:19.722	0.82743				2
2024.12.05	01:39:22.531	0.82744				2
2024.12.05	01:39:23.969		0.82751			4
2024.12.05	01:39:28.611	0.82743	0.82750			6
2024.12.05	01:39:28.991		0.82751			4
2024.12.05	01:39:29.461	0.82747				2
2024.12.05	01:39:37.952	0.82746	0.82750			6
2024.12.05	01:39:40.667	0.82747	0.82749			6
2024.12.05	01:39:41.589	0.82746				2
2024.12.05	01:39:45.712	0.82747				2
2024.12.05	01:39:56.437	0.82750	0.82752			6
2024.12.05	01:39:56.816	0.82749	0.82751			6
2024.12.05	01:39:58.181	0.82750	0.82752			6
2024.12.05	01:40:00.444	0.82750				2
2024.12.05	01:40:04.987		0.82753			4
2024.12.05	01:40:06.237		0.82752			4
2024.12.05	01:40:10.341	0.82748	0.82753			6
2024.12.05	01:40:12.680	0.82747	0.82751			6
2024.12.05	01:40:14.855	0.82745				2
2024.12.05	01:40:15.406	0.82744				2
2024.12.05	01:40:16.259	0.82749	0.82753			6
2024.12.05	01:40:16.581		0.82754			4
2024.12.05	01:40:17.961	0.82748	0.82755			6
2024.12.05	01:40:18.325		0.82756			4
2024.12.05	01:40:21.041	0.82750				2
2024.12.05	01:40:22.078	0.82751				2
2024.12.05	01:40:27.881	0.82752				2
2024.12.05	01:40:37.661	0.82751				2
2024.12.05	01:40:42.903	0.82755	0.82759			6
2024.12.05	01:40:54.282	0.82753	0.82757			6
2024.12.05	01:41:03.986	0.82753				2
2024.12.05	01:41:30.648		0.82755			4
2024.12.05	01:41:33.408		0.82756			4
2024.12.05	01:41:45.374		0.82757			4
2024.12.05	01:41:53.605		0.82756			4
2024.12.05	01:41:56.960		0.82757			4
2024.12.05	01:41:59.577		0.82756			4
2024.12.05	01:41:59.975		0.82757			4
2024.12.05	01:42:00.593	0.82753				2
2024.12.05	01:42:02.036		0.82756			4
2024.12.05	01:42:02.374		0.82757			4
2024.12.05	01:42:02.773		0.82756			4
2024.12.05	01:42:03.175		0.82757			4
2024.12.05	01:42:09.533	0.82754				2
2024.12.05	01:42:09.848		0.82758			4
2024.12.05	01:42:23.285	0.82756	0.82759			6
2024.12.05	01:42:24.664	0.82757				2
2024.12.05	01:42:36.881		0.82760			4
2024.12.05	01:42:39.249		0.82759			4
2024.12.05	01:43:03.586	0.82756				2
2024.12.05	01:43:05.156	0.82757				2
2024.12.05	01:43:26.681	0.82756				2
2024.12.05	01:43:28.405	0.82755				2
2024.12.05	01:43:41.526		0.82759			4
2024.12.05	01:43:44.101	0.82756				2
2024.12.05	01:44:01.465	0.82758				2
2024.12.05	01:44:19.275	0.82757				2
2024.12.05	01:44:32.642	0.82756	0.82760			6
2024.12.05	01:44:33.132		0.82759			4
2024.12.05	01:44:36.032	0.82758	0.82760			6
2024.12.05	01:44:36.976		0.82759			4
2024.12.05	01:44:37.309		0.82760			4
2024.12.05	01:44:38.611	0.82757				2
2024.12.05	01:44:40.895	0.82758				2
2024.12.05	01:44:47.335	0.82760	0.82761			6
2024.12.05	01:44:50.655	0.82759	0.82760			6
2024.12.05	01:44:51.271		0.82761			4
2024.12.05	01:45:00.142	0.82759				2
2024.12.05	01:45:02.199	0.82758	0.82760			6
2024.12.05	01:45:02.758	0.82759	0.82761			6
2024.12.05	01:45:03.086	0.82763	0.82764			6
2024.12.05	01:45:03.390		0.82765			4
2024.12.05	01:45:04.381		0.82764			4
2024.12.05	01:45:04.949		0.82765			4
2024.12.05	01:45:34.024	0.82760	0.82764			6
2024.12.05	01:45:34.958	0.82761				2
2024.12.05	01:45:35.265	0.82763	0.82766			6
2024.12.05	01:45:35.674	0.82764				2
2024.12.05	01:45:46.393	0.82765	0.82767			6
2024.12.05	01:45:46.695	0.82764	0.82766			6
2024.12.05	01:45:49.160	0.82761	0.82765			6
2024.12.05	01:45:49.894	0.82763	0.82766			6
2024.12.05	01:45:50.598		0.82765			4
2024.12.05	01:45:56.966	0.82762				2
2024.12.05	01:45:58.514	0.82763				2
2024.12.05	01:45:58.964	0.82764	0.82766			6
2024.12.05	01:46:00.124	0.82764				2
2024.12.05	01:46:01.370	0.82765	0.82767			6
2024.12.05	01:46:01.801	0.82766	0.82768			6
2024.12.05	01:46:02.106	0.82765	0.82767			6
2024.12.05	01:46:09.335	0.82764	0.82766			6
2024.12.05	01:46:25.552	0.82763	0.82765			6
2024.12.05	01:46:28.979		0.82764			4
2024.12.05	01:46:29.295	0.82762				2
2024.12.05	01:46:30.674	0.82763				2
2024.12.05	01:46:35.102	0.82761	0.82762			6
2024.12.05	01:46:41.839		0.82765			4
2024.12.05	01:46:56.426	0.82762				2
2024.12.05	01:46:59.381	0.82761				2
2024.12.05	01:47:03.677	0.82761				2
2024.12.05	01:47:04.997	0.82762	0.82764			6
2024.12.05	01:47:08.331		0.82765			4
2024.12.05	01:47:09.469	0.82763	0.82764			6
2024.12.05	01:47:10.118		0.82765			4
2024.12.05	01:47:12.433	0.82762				2
2024.12.05	01:47:12.938	0.82763				2
2024.12.05	01:47:18.466	0.82762	0.82764			6
2024.12.05	01:47:18.771	0.82761	0.82762			6
2024.12.05	01:47:20.391		0.82763			4
2024.12.05	01:47:21.072		0.82762			4
2024.12.05	01:47:23.176	0.82762	0.82763			6
2024.12.05	01:47:23.484	0.82761				2
2024.12.05	01:47:23.786		0.82762			4
2024.12.05	01:47:26.537	0.82762	0.82764			6
2024.12.05	01:47:40.789	0.82763				2
2024.12.05	01:47:44.619	0.82762				2
2024.12.05	01:47:58.417		0.82765			4
2024.12.05	01:48:01.448	0.82762				2
2024.12.05	01:48:10.719	0.82763				2
2024.12.05	01:48:11.881	0.82762				2
2024.12.05	01:48:15.723	0.82763				2
2024.12.05	01:48:16.655	0.82761				2
2024.12.05	01:48:26.509	0.82762				2
2024.12.05	01:48:30.973	0.82761				2
2024.12.05	01:48:35.016	0.82762				2
2024.12.05	01:48:37.397	0.82761	0.82764			6
2024.12.05	01:48:39.458		0.82765			4
2024.12.05	01:48:52.122		0.82764			4
2024.12.05	01:48:52.632	0.82762	0.82765			6
2024.12.05	01:48:54.766	0.82761				2
2024.12.05	01:48:56.357	0.82762				2
2024.12.05	01:49:00.865	0.82761				2
2024.12.05	01:49:03.779	0.82762				2
2024.12.05	01:49:07.507		0.82764			4
2024.12.05	01:49:08.541	0.82761	0.82765			6
2024.12.05	01:49:08.861	0.82762				2
2024.12.05	01:49:11.026		0.82764			4
2024.12.05	01:49:12.083	0.82760				2
2024.12.05	01:49:28.206	0.82763	0.82765			6
2024.12.05	01:49:29.146	0.82764	0.82766			6
2024.12.05	01:49:33.045	0.82763	0.82765			6
2024.12.05	01:49:47.732	0.82761	0.82764			6
2024.12.05	01:49:48.035	0.82760				2
2024.12.05	01:49:48.357	0.82763	0.82765			6
2024.12.05	01:49:56.309	0.82764				2
2024.12.05	01:49:58.742	0.82763				2
2024.12.05	01:50:00.481	0.82763				2
2024.12.05	01:50:02.940		0.82764			4
2024.12.05	01:50:05.173	0.82762	0.82766			6
2024.12.05	01:50:11.385		0.82765			4
2024.12.05	01:50:17.740	0.82763				2
2024.12.05	01:50:27.231	0.82762				2
2024.12.05	01:50:45.869	0.82763				2
2024.12.05	01:51:00.172	0.82763				2
2024.12.05	01:51:02.599	0.82764				2
2024.12.05	01:51:03.464	0.82763				2
2024.12.05	01:51:08.262	0.82766	0.82768			6
2024.12.05	01:51:09.319	0.82765				2
2024.12.05	01:51:17.929	0.82766	0.82767			6
2024.12.05	01:51:18.373		0.82768			4
2024.12.05	01:51:22.033	0.82765				2
2024.12.05	01:51:35.267		0.82769			4
2024.12.05	01:51:52.615	0.82766				2
2024.12.05	01:51:58.421		0.82768			4
2024.12.05	01:52:00.962	0.82766				2
2024.12.05	01:52:01.453	0.82765				2
2024.12.05	01:52:07.117	0.82766				2
2024.12.05	01:52:13.301	0.82764				2
2024.12.05	01:52:24.885	0.82765				2
2024.12.05	01:52:34.420		0.82769			4
2024.12.05	01:52:50.325		0.82768			4
2024.12.05	01:52:58.711	0.82766				2
2024.12.05	01:52:59.025	0.82767	0.82769			6
2024.12.05	01:52:59.728	0.82766	0.82768			6
2024.12.05	01:53:00.303	0.82766				2
2024.12.05	01:53:01.368	0.82765	0.82767			6
2024.12.05	01:53:01.705	0.82766				2
2024.12.05	01:53:03.641		0.82768			4
2024.12.05	01:53:11.292	0.82765	0.82767			6
2024.12.05	01:53:23.367	0.82764	0.82766			6
2024.12.05	01:53:27.825	0.82763	0.82765			6
2024.12.05	01:53:28.354	0.82764				2
2024.12.05	01:53:28.678		0.82767			4
2024.12.05	01:53:29.366		0.82766			4
2024.12.05	01:53:29.686	0.82765	0.82767			6
2024.12.05	01:53:31.585	0.82764	0.82766			6
2024.12.05	01:53:32.017		0.82765			4
2024.12.05	01:53:33.249	0.82763				2
2024.12.05	01:53:40.627	0.82760	0.82764			6
2024.12.05	01:53:40.960	0.82761				2
2024.12.05	01:53:41.424		0.82765			4
2024.12.05	01:53:43.616		0.82764			4
2024.12.05	01:53:55.140	0.82763	0.82765			6
2024.12.05	01:54:01.138	0.82761	0.82764			6
2024.12.05	01:54:05.450	0.82762	0.82765			6
2024.12.05	01:54:10.744	0.82761				2
2024.12.05	01:54:11.061	0.82762				2
2024.12.05	01:54:20.948	0.82761				2
2024.12.05	01:54:27.382	0.82760	0.82764			6
2024.12.05	01:54:30.682		0.82765			4
2024.12.05	01:54:30.983	0.82759	0.82764			6
2024.12.05	01:54:31.664		0.82763			4
2024.12.05	01:54:34.909		0.82764			4
2024.12.05	01:54:36.346		0.82765			4
2024.12.05	01:54:41.153		0.82764			4
2024.12.05	01:54:43.043		0.82765			4
2024.12.05	01:54:45.215	0.82760	0.82764			6
2024.12.05	01:54:46.677		0.82765			4
2024.12.05	01:54:57.457	0.82762				2
2024.12.05	01:54:58.554	0.82760				2
2024.12.05	01:55:00.355	0.82760	0.82764			6
2024.12.05	01:55:01.199	0.82759				2
2024.12.05	01:55:05.711	0.82761	0.82765			6
2024.12.05	01:55:06.325	0.82760				2
2024.12.05	01:55:10.420	0.82759				2
2024.12.05	01:55:19.419		0.82764			4
2024.12.05	01:55:20.581	0.82762				2
2024.12.05	01:55:20.912	0.82761	0.82765			6
2024.12.05	01:55:21.374		0.82764			4
2024.12.05	01:55:21.986		0.82763			4
2024.12.05	01:55:23.954	0.82762	0.82764			6
2024.12.05	01:55:31.700		0.82765			4
2024.12.05	01:55:32.221		0.82764			4
2024.12.05	01:55:36.817		0.82765			4
2024.12.05	01:55:37.487	0.82759	0.82763			6
2024.12.05	01:55:38.780	0.82758				2
2024.12.05	01:55:41.349	0.82759				2
2024.12.05	01:55:48.445	0.82758				2
2024.12.05	01:55:52.933	0.82759				2
2024.12.05	01:55:53.568	0.82760				2
2024.12.05	01:55:59.954		0.82762			4
2024.12.05	01:56:00.410	0.82760				2
2024.12.05	01:56:10.029	0.82759				2
2024.12.05	01:56:14.937	0.82761				2
2024.12.05	01:56:20.312		0.82763			4
2024.12.05	01:56:30.585	0.82760	0.82762			6
2024.12.05	01:56:32.079		0.82763			4
2024.12.05	01:56:32.570		0.82762			4
2024.12.05	01:56:34.206		0.82763			4
2024.12.05	01:56:34.566		0.82762			4
2024.12.05	01:56:49.676		0.82763			4
2024.12.05	01:56:54.307		0.82762			4
2024.12.05	01:56:57.282	0.82761	0.82763			6
2024.12.05	01:56:58.060	0.82762				2
2024.12.05	01:57:00.604	0.82762				2
2024.12.05	01:57:01.218	0.82763	0.82764			6
2024.12.05	01:57:03.351	0.82762				2
2024.12.05	01:57:05.137	0.82761				2
2024.12.05	01:57:14.541	0.82762				2
2024.12.05	01:57:20.106	0.82761				2
2024.12.05	01:57:30.429	0.82763	0.82767			6
2024.12.05	01:57:32.205	0.82762	0.82766			6
2024.12.05	01:57:45.792	0.82763				2
2024.12.05	01:57:48.376	0.82761	0.82765			6
2024.12.05	01:57:49.890	0.82762				2
2024.12.05	01:57:53.186	0.82764	0.82766			6
2024.12.05	01:57:59.302	0.82763	0.82767			6
2024.12.05	01:58:00.880	0.82763				2
2024.12.05	01:58:04.694	0.82764				2
2024.12.05	01:58:05.315	0.82765				2
2024.12.05	01:58:06.350	0.82766	0.82768			6
2024.12.05	01:58:13.524		0.82769			4
2024.12.05	01:58:19.190		0.82768			4
2024.12.05	01:58:19.647		0.82769			4
2024.12.05	01:58:23.520	0.82767				2
2024.12.05	01:58:27.422	0.82766				2
2024.12.05	01:58:27.779	0.82764				2
2024.12.05	01:58:33.492	0.82767				2
2024.12.05	01:58:33.794		0.82770			4
2024.12.05	01:58:34.131	0.82766				2
2024.12.05	01:58:39.666	0.82767				2
2024.12.05	01:58:40.414	0.82768				2
2024.12.05	01:58:41.020	0.82769	0.82771			6
2024.12.05	01:58:45.178	0.82770	0.82772			6
2024.12.05	01:58:46.003	0.82771				2
2024.12.05	01:58:48.757	0.82772	0.82774			6
2024.12.05	01:58:49.064	0.82770	0.82773			6
2024.12.05	01:58:49.365	0.82772	0.82774			6
2024.12.05	01:58:58.942	0.82773				2
2024.12.05	01:58:59.848		0.82775			4
2024.12.05	01:59:00.802	0.82773				2
2024.12.05	01:59:09.112		0.82776			4
2024.12.05	01:59:09.458	0.82774				2
2024.12.05	01:59:11.255	0.82771	0.82772			6
2024.12.05	01:59:12.184	0.82772	0.82773			6
2024.12.05	01:59:12.572	0.82770				2
2024.12.05	01:59:12.971	0.82771				2
2024.12.05	01:59:13.281	0.82772				2
2024.12.05	01:59:16.877		0.82774			4
2024.12.05	01:59:17.361		0.82773			4
2024.12.05	01:59:17.918		0.82774			4
2024.12.05	01:59:23.412		0.82773			4
2024.12.05	01:59:23.725		0.82774			4
2024.12.05	01:59:28.104		0.82773			4
2024.12.05	01:59:30.740	0.82771				2
2024.12.05	01:59:31.071	0.82772				2
2024.12.05	01:59:41.003	0.82771				2
2024.12.05	01:59:43.387	0.82770	0.82772			6
2024.12.05	01:59:48.695	0.82768	0.82770			6
2024.12.05	01:59:52.234	0.82767				2
2024.12.05	01:59:52.544		0.82769			4
2024.12.05	01:59:57.218	0.82768	0.82770			6
2024.12.05	01:59:59.654		0.82771			4
2024.12.05	02:00:00.327	0.82769				2
2024.12.05	02:00:02.418		0.82772			4
2024.12.05	02:00:05.155	0.82770	0.82771			6
2024.12.05	02:00:07.715		0.82772			4
2024.12.05	02:00:10.380	0.82769	0.82770			6
2024.12.05	02:00:21.847		0.82771			4
2024.12.05	02:00:23.222	0.82770	0.82772			6
2024.12.05	02:00:23.526		0.82771			4
2024.12.05	02:00:23.907	0.82769				2
2024.12.05	02:00:25.482		0.82770			4
2024.12.05	02:00:26.167	0.82768	0.82769			6
2024.12.05	02:00:26.485	0.82770	0.82771			6
2024.12.05	02:00:29.072		0.82772			4
2024.12.05	02:00:36.141	0.82771				2
2024.12.05	02:00:41.190	0.82768	0.82769			6
2024.12.05	02:00:41.506	0.82772	0.82773			6
2024.12.05	02:00:41.826	0.82774	0.82776			6
2024.12.05	02:00:42.132	0.82776	0.82777			6
2024.12.05	02:00:42.782	0.82777	0.82778			6
2024.12.05	02:00:45.075		0.82779			4
2024.12.05	02:00:50.729	0.82779	0.82780			6
2024.12.05	02:00:51.030	0.82780	0.82781			6
2024.12.05	02:00:51.643	0.82781	0.82782			6
2024.12.05	02:00:53.923	0.82779	0.82780			6
2024.12.05	02:00:54.225	0.82781	0.82783			6
2024.12.05	02:00:54.541		0.82782			4
2024.12.05	02:01:00.247	0.82781				2
2024.12.05	02:01:01.136	0.82780	0.82781			6
2024.12.05	02:01:02.176		0.82782			4
2024.12.05	02:01:02.483		0.82781			4
2024.12.05	02:01:03.170	0.82779				2
2024.12.05	02:01:03.881		0.82780			4
2024.12.05	02:01:04.303	0.82778				2
2024.12.05	02:01:06.152		0.82779			4
2024.12.05	02:01:07.022	0.82777				2
2024.12.05	02:01:07.780	0.82778				2
2024.12.05	02:01:08.399	0.82777				2
2024.12.05	02:01:10.108	0.82778				2
2024.12.05	02:01:10.990	0.82777				2
2024.12.05	02:01:14.708	0.82778				2
2024.12.05	02:01:15.419	0.82779	0.82780			6
2024.12.05	02:01:16.382		0.82781			4
2024.12.05	02:01:20.360	0.82776	0.82777			6
2024.12.05	02:01:20.662	0.82775	0.82776			6
2024.12.05	02:01:21.416	0.82774				2
2024.12.05	02:01:22.415	0.82771	0.82772			6
2024.12.05	02:01:22.724	0.82766	0.82768			6
2024.12.05	02:01:24.115	0.82767				2
2024.12.05	02:01:24.425	0.82766				2
2024.12.05	02:01:28.630	0.82767				2
2024.12.05	02:01:31.553	0.82766	0.82767			6
2024.12.05	02:01:31.872		0.82768			4
2024.12.05	02:01:32.858		0.82767			4
2024.12.05	02:01:34.476		0.82768			4
2024.12.05	02:01:36.421	0.82765	0.82767			6
2024.12.05	02:01:37.836	0.82766				2
2024.12.05	02:01:43.205	0.82767	0.82769			6
2024.12.05	02:01:44.454	0.82769	0.82770			6
2024.12.05	02:01:45.006	0.82770	0.82771			6
2024.12.05	02:01:47.281	0.82771	0.82772			6
2024.12.05	02:01:48.073	0.82770				2
2024.12.05	02:01:53.370	0.82771				2
2024.12.05	02:01:54.391	0.82770	0.82771			6
2024.12.05	02:01:55.206	0.82771	0.82772			6
2024.12.05	02:01:55.508	0.82770	0.82771			6
2024.12.05	02:01:56.446	0.82768	0.82769			6
2024.12.05	02:01:56.825	0.82770	0.82771			6
2024.12.05	02:01:57.372		0.82773			4
2024.12.05	02:01:58.573		0.82774			4
2024.12.05	02:02:00.172	0.82770				2
2024.12.05	02:02:02.441		0.82773			4
2024.12.05	02:02:08.167	0.82771				2
2024.12.05	02:02:08.470	0.82772				2
2024.12.05	02:02:10.677	0.82770				2
2024.12.05	02:02:11.418	0.82772	0.82775			6
2024.12.05	02:02:12.304	0.82771	0.82774			6
2024.12.05	02:02:14.003	0.82774	0.82777			6
2024.12.05	02:02:14.306	0.82775	0.82776			6
2024.12.05	02:02:18.164		0.82777			4
2024.12.05	02:02:24.865	0.82776				2
2024.12.05	02:02:29.782	0.82775				2
2024.12.05	02:02:34.898	0.82776				2
2024.12.05	02:02:37.854	0.82775				2
2024.12.05	02:02:38.386	0.82776				2
2024.12.05	02:02:41.376	0.82779	0.82780			6
2024.12.05	02:02:42.084	0.82778	0.82779			6
2024.12.05	02:02:46.012	0.82780	0.82781			6
2024.12.05	02:02:46.640	0.82779	0.82780			6
2024.12.05	02:02:53.115		0.82781			4
2024.12.05	02:02:55.295	0.82777	0.82778			6
2024.12.05	02:02:59.944	0.82776	0.82777			6
2024.12.05	02:03:00.279	0.82776	0.82779			6
2024.12.05	02:03:00.686		0.82777			4
2024.12.05	02:03:01.708		0.82779			4
2024.12.05	02:03:02.691		0.82777			4
2024.12.05	02:03:04.190	0.82777	0.82779			6
2024.12.05	02:03:05.225	0.82779	0.82780			6
2024.12.05	02:03:05.535	0.82777	0.82778			6
2024.12.05	02:03:06.918	0.82778	0.82779			6
2024.12.05	02:03:12.056	0.82777	0.82778			6
2024.12.05	02:03:15.617	0.82776				2
2024.12.05	02:03:16.317	0.82777				2
2024.12.05	02:03:18.248	0.82773	0.82774			6
2024.12.05	02:03:21.139	0.82774	0.82775			6
2024.12.05	02:03:23.552	0.82775	0.82776			6
2024.12.05	02:03:25.378	0.82774				2
2024.12.05	02:03:29.176	0.82773	0.82775			6
2024.12.05	02:03:32.573	0.82774				2
2024.12.05	02:03:33.949	0.82775	0.82776			6
2024.12.05	02:03:35.073	0.82773	0.82775			6
2024.12.05	02:03:38.038	0.82776	0.82777			6
2024.12.05	02:03:38.341	0.82773	0.82775			6
2024.12.05	02:03:41.102	0.82774				2
2024.12.05	02:03:44.223	0.82775	0.82776			6
2024.12.05	02:03:46.425	0.82774	0.82775			6
2024.12.05	02:03:49.006	0.82775	0.82776			6
2024.12.05	02:03:49.666	0.82774	0.82775			6
2024.12.05	02:03:58.811	0.82775	0.82776			6
2024.12.05	02:03:59.490	0.82776	0.82777			6
2024.12.05	02:03:59.966	0.82775				2
2024.12.05	02:04:00.293	0.82775				2
2024.12.05	02:04:04.181	0.82774				2
2024.12.05	02:04:08.778		0.82776			4
2024.12.05	02:04:13.129		0.82775			4
2024.12.05	02:04:14.894		0.82777			4
2024.12.05	02:04:21.390	0.82775				2
2024.12.05	02:04:22.966	0.82777	0.82778			6
2024.12.05	02:04:24.427	0.82776	0.82782			6
2024.12.05	02:04:24.753	0.82775	0.82781			6
2024.12.05	02:04:26.571	0.82777	0.82778			6
2024.12.05	02:04:33.733	0.82774	0.82775			6
2024.12.05	02:04:34.721	0.82775	0.82776			6
2024.12.05	02:04:45.988	0.82777	0.82778			6
2024.12.05	02:04:46.304	0.82776	0.82777			6
2024.12.05	02:04:48.876	0.82773	0.82775			6
2024.12.05	02:04:49.208		0.82774			4
2024.12.05	02:05:00.637	0.82773				2
2024.12.05	02:05:01.334	0.82772				2
2024.12.05	02:05:05.907		0.82773			4
2024.12.05	02:05:06.212	0.82771	0.82772			6
2024.12.05	02:05:06.541	0.82772	0.82773			6
2024.12.05	02:05:08.194	0.82771	0.82772			6
2024.12.05	02:05:08.549	0.82770				2
2024.12.05	02:05:09.173	0.82771				2
2024.12.05	02:05:10.141	0.82769	0.82770			6
2024.12.05	02:05:10.563	0.82770	0.82771			6
2024.12.05	02:05:11.807	0.82769	0.82770			6
2024.12.05	02:05:14.738		0.82771			4
2024.12.05	02:05:21.844	0.82770				2
2024.12.05	02:05:26.622	0.82769				2
2024.12.05	02:05:30.523	0.82770				2
2024.12.05	02:05:32.774		0.82772			4
2024.12.05	02:05:35.733	0.82771				2
2024.12.05	02:05:40.782	0.82770				2
2024.12.05	02:05:41.471	0.82771				2
2024.12.05	02:05:42.463	0.82772	0.82773			6
2024.12.05	02:05:44.965	0.82771	0.82772			6
2024.12.05	02:05:51.165	0.82770	0.82771			6
2024.12.05	02:05:55.283	0.82771	0.82774			6
2024.12.05	02:05:56.047		0.82773			4
2024.12.05	02:05:56.853	0.82774	0.82776			6
2024.12.05	02:05:59.844	0.82773	0.82774			6
2024.12.05	02:06:00.373	0.82774	0.82775			6
2024.12.05	02:06:08.541	0.82773	0.82774			6
2024.12.05	02:06:08.956	0.82774	0.82775			6
2024.12.05	02:06:14.980	0.82771	0.82772			6
2024.12.05	02:06:25.877	0.82773	0.82775			6
2024.12.05	02:06:26.354	0.82775	0.82776			6
2024.12.05	02:06:26.758	0.82774	0.82775			6
2024.12.05	02:06:39.178	0.82772	0.82773			6
2024.12.05	02:06:39.668		0.82774			4
2024.12.05	02:06:44.361	0.82775	0.82776			6
2024.12.05	02:06:57.288	0.82774	0.82775			6
2024.12.05	02:07:00.378	0.82772	0.82774			6
2024.12.05	02:07:02.856	0.82777	0.82778			6
2024.12.05	02:07:03.165	0.82775	0.82776			6
2024.12.05	02:07:03.483	0.82777	0.82778			6
2024.12.05	02:07:05.258	0.82776	0.82777			6
2024.12.05	02:07:06.955	0.82777	0.82778			6
2024.12.05	02:07:07.290	0.82776	0.82777			6
2024.12.05	02:07:10.158	0.82775	0.82776			6
2024.12.05	02:07:15.747	0.82774	0.82775			6
2024.12.05	02:07:17.388	0.82775	0.82776			6
2024.12.05	02:07:22.521		0.82777			4
2024.12.05	02:07:23.288	0.82777	0.82778			6
2024.12.05	02:07:23.920		0.82779			4
2024.12.05	02:07:26.643	0.82775	0.82776			6
2024.12.05	02:07:26.963	0.82776	0.82777			6
2024.12.05	02:07:36.120	0.82777	0.82778			6
2024.12.05	02:07:39.687	0.82776	0.82777			6
2024.12.05	02:07:41.079	0.82777	0.82778			6
2024.12.05	02:07:48.290	0.82778	0.82779			6
2024.12.05	02:07:52.878	0.82777	0.82778			6
2024.12.05	02:07:56.073	0.82778	0.82779			6
2024.12.05	02:07:56.474	0.82777	0.82778			6
2024.12.05	02:08:00.001	0.82779	0.82780			6
2024.12.05	02:08:00.368	0.82777	0.82778			6
2024.12.05	02:08:00.675	0.82778	0.82780			6
2024.12.05	02:08:02.616		0.82779			4
2024.12.05	02:08:03.338	0.82777	0.82778			6
2024.12.05	02:08:03.644		0.82779			4
2024.12.05	02:08:04.020	0.82778				2
2024.12.05	02:08:09.027		0.82780			4
2024.12.05	02:08:09.375		0.82779			4
2024.12.05	02:08:10.578	0.82779	0.82780			6
2024.12.05	02:08:14.756	0.82780	0.82781			6
2024.12.05	02:08:16.497	0.82781	0.82782			6
2024.12.05	02:08:16.806		0.82783			4
2024.12.05	02:08:20.524	0.82784	0.82785			6
2024.12.05	02:08:20.857	0.82783	0.82784			6
2024.12.05	02:08:21.437		0.82785			4
2024.12.05	02:08:23.073	0.82782	0.82783			6
2024.12.05	02:08:25.644	0.82784	0.82785			6
2024.12.05	02:08:29.079	0.82785	0.82786			6
2024.12.05	02:08:29.382	0.82784	0.82785			6
2024.12.05	02:08:30.504	0.82783	0.82784			6
2024.12.05	02:08:31.303	0.82784	0.82785			6
2024.12.05	02:08:32.048	0.82783	0.82784			6
2024.12.05	02:08:42.812		0.82785			4
2024.12.05	02:08:45.106	0.82784				2
2024.12.05	02:08:51.840	0.82783	0.82784			6
2024.12.05	02:09:00.488	0.82782	0.82783			6
2024.12.05	02:09:00.803		0.82784			4
2024.12.05	02:09:01.423	0.82781				2
2024.12.05	02:09:02.689	0.82782				2
2024.12.05	02:09:07.741	0.82781				2
2024.12.05	02:09:09.402	0.82783				2
2024.12.05	02:09:10.343	0.82782	0.82785			6
2024.12.05	02:09:11.042	0.82783				2
2024.12.05	02:09:12.852	0.82782	0.82783			6
2024.12.05	02:09:15.676		0.82785			4
2024.12.05	02:09:19.993		0.82783			4
2024.12.05	02:09:21.308	0.82781	0.82782			6
2024.12.05	02:09:22.345	0.82780				2
2024.12.05	02:09:24.349	0.82781				2
2024.12.05	02:09:25.509	0.82780				2
2024.12.05	02:09:28.506	0.82781				2
2024.12.05	02:09:30.068	0.82780				2
2024.12.05	02:09:31.336	0.82779				2
2024.12.05	02:09:32.922	0.82780	0.82783			6
2024.12.05	02:09:33.227		0.82782			4
2024.12.05	02:09:35.509		0.82783			4
2024.12.05	02:09:35.890	0.82779				2
2024.12.05	02:09:37.132		0.82781			4
2024.12.05	02:09:38.502		0.82780			4
2024.12.05	02:09:45.540	0.82778				2
2024.12.05	02:09:53.200	0.82781	0.82782			6
2024.12.05	02:10:00.150	0.82781	0.82783			6
2024.12.05	02:10:00.452	0.82783	0.82785			6
2024.12.05	02:10:01.862	0.82782				2
2024.12.05	02:10:15.013	0.82781	0.82782			6
2024.12.05	02:10:15.371	0.82780	0.82781			6
2024.12.05	02:10:16.004	0.82781	0.82782			6
2024.12.05	02:10:16.347	0.82782	0.82783			6
2024.12.05	02:10:40.694	0.82781	0.82782			6
2024.12.05	02:10:42.108	0.82784	0.82785			6
2024.12.05	02:10:42.413	0.82783	0.82784			6
2024.12.05	02:10:42.771		0.82785			4
2024.12.05	02:10:46.545	0.82785	0.82786			6
2024.12.05	02:10:46.957	0.82784	0.82785			6
2024.12.05	02:10:47.265	0.82783	0.82784			6
2024.12.05	02:10:47.633	0.82784	0.82785			6
2024.12.05	02:10:53.446	0.82785	0.82786			6
2024.12.05	02:10:53.761	0.82784	0.82785			6
2024.12.05	02:10:56.916	0.82785	0.82786			6
2024.12.05	02:10:57.274	0.82783	0.82785			6
2024.12.05	02:10:58.265		0.82784			4
2024.12.05	02:11:00.424	0.82784	0.82785			6
2024.12.05	02:11:02.777		0.82786			4
2024.12.05	02:11:04.163		0.82785			4
2024.12.05	02:11:12.401		0.82786			4
2024.12.05	02:11:14.306	0.82785				2
2024.12.05	02:11:18.605	0.82783	0.82785			6
2024.12.05	02:11:21.812		0.82784			4
2024.12.05	02:11:23.321		0.82785			4
2024.12.05	02:11:24.918		0.82784			4
2024.12.05	02:11:26.885	0.82784	0.82785			6
2024.12.05	02:11:27.702	0.82783	0.82784			6
2024.12.05	02:11:28.883	0.82784	0.82785			6
2024.12.05	02:11:29.761	0.82783	0.82784			6
2024.12.05	02:11:30.651		0.82785			4
2024.12.05	02:11:39.832	0.82781	0.82782			6
2024.12.05	02:11:40.229	0.82780	0.82781			6
2024.12.05	02:11:40.811	0.82781	0.82782			6
2024.12.05	02:11:44.676	0.82780	0.82781			6
2024.12.05	02:11:45.241	0.82781	0.82782			6
2024.12.05	02:11:48.221	0.82780	0.82781			6
2024.12.05	02:11:51.031	0.82781	0.82783			6
2024.12.05	02:11:57.237	0.82782				2
2024.12.05	02:11:58.892		0.82785			4
2024.12.05	02:11:59.389		0.82783			4
2024.12.05	02:12:02.616	0.82783	0.82785			6
2024.12.05	02:12:03.822	0.82782				2
2024.12.05	02:12:05.557		0.82784			4
2024.12.05	02:12:08.074	0.82781	0.82783			6
2024.12.05	02:12:08.610		0.82785			4
2024.12.05	02:12:10.692	0.82782				2
2024.12.05	02:12:13.321	0.82783				2
2024.12.05	02:12:13.623	0.82781	0.82782			6
2024.12.05	02:12:16.958		0.82783			4
2024.12.05	02:12:27.892	0.82782				2
2024.12.05	02:12:29.522	0.82781				2
2024.12.05	02:12:29.841	0.82782				2
2024.12.05	02:12:31.958	0.82781				2
2024.12.05	02:12:32.279	0.82782				2
2024.12.05	02:12:36.332	0.82781				2
2024.12.05	02:12:37.283	0.82782				2
2024.12.05	02:12:59.130	0.82783	0.82784			6
2024.12.05	02:13:00.069	0.82783				2
2024.12.05	02:13:03.151	0.82784	0.82785			6
2024.12.05	02:13:07.077	0.82785	0.82786			6
2024.12.05	02:13:09.191	0.82782	0.82783			6
2024.12.05	02:13:09.503	0.82780	0.82782			6
2024.12.05	02:13:10.270		0.82781			4
2024.12.05	02:13:14.693		0.82782			4
2024.12.05	02:13:16.344	0.82782	0.82783			6
2024.12.05	02:13:16.761	0.82781	0.82782			6
2024.12.05	02:13:24.106	0.82782	0.82783			6
2024.12.05	02:13:33.964	0.82781	0.82782			6
2024.12.05	02:13:34.276	0.82780	0.82781			6
2024.12.05	02:13:57.368	0.82782	0.82784			6
2024.12.05	02:13:57.685	0.82783				2
2024.12.05	02:14:00.332	0.82783				2
2024.12.05	02:14:21.461	0.82784	0.82785			6
2024.12.05	02:14:22.348	0.82783	0.82784			6
2024.12.05	02:14:24.343	0.82786	0.82787			6
2024.12.05	02:14:26.315	0.82787	0.82788			6
2024.12.05	02:14:40.841		0.82789			4
2024.12.05	02:14:43.177	0.82789	0.82790			6
2024.12.05	02:15:00.349	0.82789	0.82792			6
2024.12.05	02:15:01.500	0.82788	0.82789			6
2024.12.05	02:15:03.266	0.82786	0.82787			6
2024.12.05	02:15:08.451	0.82787	0.82788			6
2024.12.05	02:15:10.146	0.82788	0.82789			6
2024.12.05	02:15:10.501	0.82789	0.82790			6
2024.12.05	02:15:16.521	0.82788	0.82789			6
2024.12.05	02:15:16.826	0.82790	0.82791			6
2024.12.05	02:15:17.141	0.82789	0.82790			6
2024.12.05	02:15:22.012		0.82791			4
2024.12.05	02:15:22.348		0.82790			4
2024.12.05	02:15:29.170	0.82791	0.82792			6
2024.12.05	02:15:30.584	0.82789	0.82790			6
2024.12.05	02:15:37.559	0.82788	0.82789			6
2024.12.05	02:15:37.899	0.82789	0.82790			6
2024.12.05	02:15:38.943	0.82788	0.82789			6
2024.12.05	02:15:44.484	0.82787	0.82788			6
2024.12.05	02:15:45.027	0.82789	0.82790			6
2024.12.05	02:15:46.889	0.82788	0.82789			6
2024.12.05	02:15:50.388	0.82790	0.82791			6
2024.12.05	02:15:51.174	0.82789	0.82790			6
2024.12.05	02:15:55.491	0.82790	0.82791			6
2024.12.05	02:15:55.903	0.82789	0.82790			6
2024.12.05	02:15:56.976	0.82790	0.82791			6
2024.12.05	02:16:00.120	0.82790				2
2024.12.05	02:16:06.335	0.82789	0.82790			6
2024.12.05	02:16:24.365	0.82788	0.82789			6
2024.12.05	02:16:26.690	0.82787	0.82788			6
2024.12.05	02:16:28.586	0.82788	0.82789			6
2024.12.05	02:16:29.043	0.82790	0.82791			6
2024.12.05	02:16:35.252	0.82792	0.82793			6
2024.12.05	02:16:35.782	0.82791	0.82792			6
2024.12.05	02:16:42.107	0.82793	0.82794			6
2024.12.05	02:16:44.616	0.82792	0.82793			6
2024.12.05	02:17:00.832	0.82792				2
2024.12.05	02:17:14.776	0.82791	0.82792			6
2024.12.05	02:17:15.599	0.82792	0.82793			6
2024.12.05	02:17:29.503	0.82791	0.82792			6
2024.12.05	02:17:29.965	0.82792	0.82793			6
2024.12.05	02:17:30.626	0.82791	0.82792			6
2024.12.05	02:17:30.965	0.82792	0.82793			6
2024.12.05	02:17:36.770	0.82791	0.82792			6
2024.12.05	02:17:38.747	0.82792	0.82793			6
2024.12.05	02:17:40.165	0.82791	0.82792			6
2024.12.05	02:17:40.888	0.82792	0.82793			6
2024.12.05	02:17:43.022	0.82791	0.82792			6
2024.12.05	02:17:46.347	0.82790	0.82791			6
2024.12.05	02:17:50.032	0.82791	0.82792			6
2024.12.05	02:17:50.353	0.82792	0.82793			6
2024.12.05	02:17:56.340	0.82791				2
2024.12.05	02:18:03.276	0.82791				2
2024.12.05	02:18:08.079	0.82792				2
2024.12.05	02:18:08.786	0.82790	0.82791			6
2024.12.05	02:18:11.814	0.82791	0.82792			6
2024.12.05	02:18:17.554	0.82790	0.82791			6
2024.12.05	02:18:17.910	0.82791	0.82792			6
2024.12.05	02:18:18.767	0.82790	0.82791			6
2024.12.05	02:18:21.303	0.82792	0.82793			6
2024.12.05	02:18:52.805	0.82791	0.82792			6
2024.12.05	02:19:05.965	0.82791				2
2024.12.05	02:19:07.969	0.82792	0.82793			6
2024.12.05	02:19:11.012	0.82789	0.82790			6
2024.12.05	02:19:11.327	0.82790	0.82791			6
2024.12.05	02:19:14.325		0.82792			4
2024.12.05	02:19:14.716		0.82791			4
2024.12.05	02:19:30.192	0.82789				2
2024.12.05	02:19:34.921	0.82788	0.82789			6
2024.12.05	02:19:50.351	0.82789	0.82790			6
2024.12.05	02:19:57.453	0.82788	0.82789			6
2024.12.05	02:19:57.957	0.82789	0.82790			6
2024.12.05	02:20:00.282	0.82789				2
2024.12.05	02:20:01.538	0.82790	0.82791			6
2024.12.05	02:20:02.932	0.82789				2
2024.12.05	02:20:03.249	0.82790				2
2024.12.05	02:20:03.590	0.82789				2
2024.12.05	02:20:03.931	0.82790				2
2024.12.05	02:20:06.263		0.82792			4
2024.12.05	02:20:10.577		0.82791			4
2024.12.05	02:20:12.377		0.82792			4
2024.12.05	02:20:14.301		0.82791			4
2024.12.05	02:20:18.087	0.82792	0.82793			6
2024.12.05	02:20:20.541	0.82791	0.82792			6
2024.12.05	02:20:24.381	0.82790				2
2024.12.05	02:20:31.649	0.82792	0.82793			6
2024.12.05	02:20:47.442	0.82793	0.82794			6
2024.12.05	02:20:49.026	0.82792	0.82793			6
2024.12.05	02:20:49.381		0.82794			4
2024.12.05	02:20:49.757	0.82794	0.82795			6
2024.12.05	02:20:52.061	0.82793	0.82794			6
2024.12.05	02:21:00.125	0.82793				2
2024.12.05	02:21:02.807	0.82794	0.82795			6
2024.12.05	02:21:06.804	0.82793	0.82796			6
2024.12.05	02:21:07.585		0.82795			4
2024.12.05	02:21:10.300		0.82794			4
2024.12.05	02:21:10.633	0.82794	0.82795			6
2024.12.05	02:21:11.048	0.82793	0.82794			6
2024.12.05	02:21:11.392		0.82795			4
2024.12.05	02:21:15.394	0.82794				2
2024.12.05	02:21:20.393	0.82793				2
2024.12.05	02:21:21.827		0.82794			4
2024.12.05	02:21:26.478	0.82794	0.82795			6
2024.12.05	02:21:37.330	0.82793	0.82794			6
2024.12.05	02:21:38.016	0.82792	0.82793			6
2024.12.05	02:21:38.359	0.82793	0.82794			6
2024.12.05	02:21:46.647	0.82794	0.82795			6
2024.12.05	02:21:47.215	0.82793	0.82794			6
2024.12.05	02:21:48.157	0.82792				2
2024.12.05	02:21:48.711		0.82793			4
2024.12.05	02:21:50.705	0.82791	0.82792			6
2024.12.05	02:22:00.721	0.82791				2
2024.12.05	02:22:02.358	0.82792	0.82793			6
2024.12.05	02:22:06.677	0.82791	0.82792			6
2024.12.05	02:22:07.673	0.82790				2
2024.12.05	02:22:12.922	0.82789	0.82791			6
2024.12.05	02:22:13.320		0.82790			4
2024.12.05	02:22:17.458	0.82788				2
2024.12.05	02:22:17.789		0.82789			4
2024.12.05	02:22:21.330	0.82790	0.82791			6
2024.12.05	02:22:22.067	0.82792	0.82793			6
2024.12.05	02:22:22.389	0.82791	0.82792			6
2024.12.05	02:22:26.047	0.82792	0.82793			6
2024.12.05	02:22:31.499	0.82791	0.82792			6
2024.12.05	02:22:45.128	0.82792	0.82793			6
2024.12.05	02:22:46.296	0.82793	0.82794			6
2024.12.05	02:23:00.142	0.82794	0.82795			6
2024.12.05	02:23:04.362	0.82793	0.82794			6
2024.12.05	02:23:21.486	0.82794	0.82795			6
2024.12.05	02:24:00.702	0.82794				2
2024.12.05	02:24:02.160	0.82791	0.82792			6
2024.12.05	02:24:05.984	0.82792	0.82793			6
2024.12.05	02:24:09.686	0.82793	0.82794			6
2024.12.05	02:24:09.989	0.82792	0.82793			6
2024.12.05	02:24:28.801	0.82791	0.82792			6
2024.12.05	02:24:32.192		0.82793			4
2024.12.05	02:24:33.160	0.82792				2
2024.12.05	02:24:37.441	0.82791				2
2024.12.05	02:24:38.095	0.82793	0.82794			6
2024.12.05	02:24:50.589	0.82794	0.82795			6
2024.12.05	02:24:52.058	0.82793	0.82794			6
2024.12.05	02:24:55.424	0.82794	0.82795			6
2024.12.05	02:25:01.136	0.82794				2
2024.12.05	02:25:15.411	0.82795	0.82796			6
2024.12.05	02:25:15.921	0.82796	0.82797			6
2024.12.05	02:25:30.455	0.82795	0.82796			6
2024.12.05	02:25:30.977	0.82796	0.82797			6
2024.12.05	02:25:38.347	0.82795	0.82796			6
2024.12.05	02:25:38.665	0.82794	0.82795			6
2024.12.05	02:25:55.963	0.82796	0.82797			6
2024.12.05	02:25:56.264	0.82800	0.82801			6
2024.12.05	02:25:57.260	0.82799	0.82800			6
2024.12.05	02:26:00.363	0.82799				2
2024.12.05	02:26:04.548	0.82800	0.82801			6
2024.12.05	02:26:06.906	0.82799	0.82800			6
2024.12.05	02:26:11.321	0.82798				2
2024.12.05	02:26:12.473	0.82799				2
2024.12.05	02:26:27.128	0.82800	0.82801			6
2024.12.05	02:26:31.534	0.82797	0.82798			6
2024.12.05	02:26:41.956	0.82796	0.82797			6
2024.12.05	02:26:53.550	0.82797	0.82798			6
2024.12.05	02:26:54.253	0.82796	0.82797			6
2024.12.05	02:27:00.701	0.82796				2
2024.12.05	02:27:05.973	0.82797	0.82798			6
2024.12.05	02:27:07.282	0.82798	0.82799			6
2024.12.05	02:27:19.719	0.82795	0.82797			6
2024.12.05	02:27:20.351		0.82796			4
2024.12.05	02:27:25.373	0.82796	0.82797			6
2024.12.05	02:27:26.089	0.82798	0.82799			6
2024.12.05	02:27:36.831	0.82797				2
2024.12.05	02:27:37.138	0.82798				2
2024.12.05	02:27:51.039	0.82797	0.82798			6
2024.12.05	02:27:57.972	0.82798	0.82799			6
2024.12.05	02:27:59.472	0.82797				2
2024.12.05	02:28:00.278	0.82796	0.82800			6
2024.12.05	02:28:00.593		0.82799			4
2024.12.05	02:28:00.918		0.82800			4
2024.12.05	02:28:01.513	0.82797	0.82798			6
2024.12.05	02:28:03.413	0.82796	0.82799			6
2024.12.05	02:28:04.096		0.82798			4
2024.12.05	02:28:06.817		0.82797			4
2024.12.05	02:28:16.392	0.82789	0.82792			6
2024.12.05	02:28:16.703	0.82791				2
2024.12.05	02:28:17.508		0.82793			4
2024.12.05	02:28:18.017	0.82792	0.82794			6
2024.12.05	02:28:20.519	0.82793				2
2024.12.05	02:28:21.744	0.82792	0.82793			6
2024.12.05	02:28:43.037	0.82793	0.82794			6
2024.12.05	02:28:44.845	0.82792	0.82793			6
2024.12.05	02:28:51.641		0.82794			4
2024.12.05	02:28:52.062		0.82793			4
2024.12.05	02:28:54.961		0.82794			4
2024.12.05	02:29:00.451	0.82792				2
2024.12.05	02:29:10.222	0.82794	0.82795			6
2024.12.05	02:29:10.919	0.82795	0.82796			6
2024.12.05	02:29:12.575	0.82794	0.82795			6
2024.12.05	02:29:14.311		0.82796			4
2024.12.05	02:29:20.210	0.82793	0.82795			6
2024.12.05	02:29:22.907	0.82795	0.82796			6
2024.12.05	02:29:26.747	0.82794	0.82795			6
2024.12.05	02:29:27.065	0.82792	0.82794			6
2024.12.05	02:29:30.645	0.82793				2
2024.12.05	02:29:32.657	0.82792	0.82793			6
2024.12.05	02:29:34.450	0.82793	0.82794			6
2024.12.05	02:29:35.396	0.82792	0.82793			6
2024.12.05	02:29:36.911	0.82793	0.82794			6
2024.12.05	02:29:37.320	0.82794	0.82795			6
2024.12.05	02:29:40.851	0.82795	0.82796			6
2024.12.05	02:29:41.716	0.82799	0.82801			6
2024.12.05	02:29:42.033		0.82800			4
2024.12.05	02:29:42.348	0.82798	0.82801			6
2024.12.05	02:29:42.959	0.82799				2
2024.12.05	02:29:50.657	0.82797	0.82798			6
2024.12.05	02:29:51.880	0.82799	0.82800			6
2024.12.05	02:29:53.317	0.82798				2
2024.12.05	02:29:54.960	0.82800	0.82801			6
2024.12.05	02:29:55.695	0.82798	0.82800			6
2024.12.05	02:29:57.560	0.82796	0.82799			6
2024.12.05	02:30:00.378	0.82794	0.82795			6
2024.12.05	02:30:01.788	0.82793	0.82794			6
2024.12.05	02:30:02.131	0.82792				2
2024.12.05	02:30:03.648		0.82793			4
2024.12.05	02:30:08.537		0.82794			4
2024.12.05	02:30:12.518		0.82793			4
2024.12.05	02:30:16.248	0.82793	0.82794			6
2024.12.05	02:30:17.229	0.82792	0.82793			6
2024.12.05	02:30:17.932	0.82791	0.82792			6
2024.12.05	02:30:18.322	0.82790	0.82791			6
2024.12.05	02:30:18.629	0.82793	0.82795			6
2024.12.05	02:30:18.946		0.82794			4
2024.12.05	02:30:20.192	0.82794	0.82795			6
2024.12.05	02:30:20.506	0.82793	0.82794			6
2024.12.05	02:30:21.773		0.82795			4
2024.12.05	02:30:22.762		0.82794			4
2024.12.05	02:30:23.942	0.82794	0.82795			6
2024.12.05	02:30:25.481	0.82793	0.82794			6
2024.12.05	02:30:26.187	0.82794	0.82795			6
2024.12.05	02:30:27.859	0.82793	0.82794			6
2024.12.05	02:30:28.998	0.82792				2
2024.12.05	02:30:29.358		0.82795			4
2024.12.05	02:30:31.013	0.82793	0.82794			6
2024.12.05	02:30:34.344		0.82795			4
2024.12.05	02:30:36.241	0.82792	0.82794			6
2024.12.05	02:30:36.559		0.82795			4
2024.12.05	02:30:37.024		0.82794			4
2024.12.05	02:30:58.490	0.82794	0.82795			6
2024.12.05	02:31:00.360	0.82794				2
2024.12.05	02:31:01.914		0.82796			4
2024.12.05	02:31:03.427	0.82795				2
2024.12.05	02:31:03.934	0.82794				2
2024.12.05	02:31:06.011	0.82795				2
2024.12.05	02:31:06.439	0.82794				2
2024.12.05	02:31:07.179	0.82798	0.82799			6
2024.12.05	02:31:07.488	0.82797				2
2024.12.05	02:31:09.117	0.82796	0.82798			6
2024.12.05	02:31:10.102	0.82797				2
2024.12.05	02:31:23.331	0.82796				2
2024.12.05	02:31:23.661		0.82799			4
2024.12.05	02:31:24.699	0.82797	0.82798			6
2024.12.05	02:31:25.418		0.82799			4
2024.12.05	02:31:34.436	0.82798				2
2024.12.05	02:31:41.585	0.82797	0.82798			6
2024.12.05	02:31:44.152	0.82799	0.82800			6
2024.12.05	02:31:46.229	0.82798				2
2024.12.05	02:31:47.103	0.82799				2
2024.12.05	02:31:48.351	0.82798	0.82799			6
2024.12.05	02:31:49.418	0.82797				2
2024.12.05	02:31:49.721	0.82798				2
2024.12.05	02:31:50.469	0.82799	0.82800			6
2024.12.05	02:31:52.350	0.82798				2
2024.12.05	02:31:54.961	0.82799				2
2024.12.05	02:31:55.284	0.82800	0.82801			6
2024.12.05	02:31:55.589	0.82802	0.82803			6
2024.12.05	02:32:00.106	0.82802	0.82804			6
2024.12.05	02:32:00.991		0.82803			4
2024.12.05	02:32:03.951	0.82803	0.82804			6
2024.12.05	02:32:05.131	0.82802	0.82803			6
2024.12.05	02:32:08.232	0.82801	0.82802			6
2024.12.05	02:32:10.414	0.82800				2
2024.12.05	02:32:13.907		0.82801			4
2024.12.05	02:32:14.730	0.82802	0.82803			6
2024.12.05	02:32:18.211	0.82800	0.82801			6
2024.12.05	02:32:19.932		0.82802			4
2024.12.05	02:32:21.363		0.82801			4
2024.12.05	02:32:23.361	0.82799	0.82800			6
2024.12.05	02:32:25.936		0.82801			4
2024.12.05	02:32:26.567	0.82801	0.82802			6
2024.12.05	02:32:26.873	0.82800	0.82801			6
2024.12.05	02:32:31.952	0.82799				2
2024.12.05	02:32:33.004	0.82800				2
2024.12.05	02:32:33.787		0.82802			4
2024.12.05	02:32:37.435	0.82802	0.82803			6
2024.12.05	02:32:37.745	0.82804	0.82805			6
2024.12.05	02:32:39.979	0.82803	0.82804			6
2024.12.05	02:32:45.840		0.82805			4
2024.12.05	02:32:50.355	0.82804				2
2024.12.05	02:32:50.856	0.82803				2
2024.12.05	02:32:57.227	0.82804				2
2024.12.05	02:32:57.571	0.82803				2
2024.12.05	02:32:58.120		0.82804			4
2024.12.05	02:32:59.941		0.82805			4
2024.12.05	02:33:00.255	0.82801	0.82802			6
2024.12.05	02:33:01.005	0.82800				2
2024.12.05	02:33:01.374		0.82803			4
2024.12.05	02:33:02.823	0.82799	0.82801			6
2024.12.05	02:33:05.403		0.82800			4
2024.12.05	02:33:06.342	0.82798				2
2024.12.05	02:33:14.801	0.82796	0.82798			6
2024.12.05	02:33:15.103	0.82795	0.82797			6
2024.12.05	02:33:16.748		0.82796			4
2024.12.05	02:33:17.606	0.82797	0.82799			6
2024.12.05	02:33:25.823	0.82800	0.82801			6
2024.12.05	02:33:27.097	0.82799	0.82800			6
2024.12.05	02:33:29.075	0.82800	0.82801			6
2024.12.05	02:33:34.375	0.82799	0.82800			6
2024.12.05	02:33:35.171	0.82797	0.82798			6
2024.12.05	02:33:41.660	0.82798	0.82799			6
2024.12.05	02:33:45.408	0.82797				2
2024.12.05	02:33:46.782		0.82798			4
2024.12.05	02:33:49.570	0.82798	0.82799			6
2024.12.05	02:33:51.490	0.82797	0.82798			6
2024.12.05	02:33:51.792	0.82798	0.82799			6
2024.12.05	02:33:52.102		0.82800			4
2024.12.05	02:33:52.445	0.82799				2
2024.12.05	02:34:00.363	0.82799				2
2024.12.05	02:34:03.358	0.82800	0.82801			6
2024.12.05	02:34:03.756	0.82799	0.82800			6
2024.12.05	02:34:07.982	0.82798	0.82799			6
2024.12.05	02:34:14.952	0.82799	0.82800			6
2024.12.05	02:34:16.603	0.82800	0.82801			6
2024.12.05	02:34:18.871	0.82799	0.82800			6
2024.12.05	02:34:20.623	0.82800	0.82801			6
2024.12.05	02:34:35.765	0.82799	0.82800			6
2024.12.05	02:34:59.045	0.82798				2
2024.12.05	02:34:59.418		0.82799			4
2024.12.05	02:34:59.740	0.82797	0.82800			6
2024.12.05	02:35:00.054	0.82797				2
2024.12.05	02:35:00.752	0.82798				2
2024.12.05	02:35:03.692		0.82799			4
2024.12.05	02:35:04.976		0.82800			4
2024.12.05	02:35:10.233	0.82797	0.82799			6
2024.12.05	02:35:11.388	0.82798				2
2024.12.05	02:35:14.818		0.82800			4
2024.12.05	02:35:22.213		0.82799			4
2024.12.05	02:35:32.316	0.82799	0.82800			6
2024.12.05	02:35:32.622	0.82798	0.82799			6
2024.12.05	02:35:36.246	0.82799	0.82800			6
2024.12.05	02:35:39.846	0.82798	0.82799			6
2024.12.05	02:35:46.459	0.82799	0.82800			6
2024.12.05	02:35:47.015	0.82798	0.82799			6
2024.12.05	02:35:51.382		0.82800			4
2024.12.05	02:35:54.059	0.82797	0.82799			6
2024.12.05	02:35:54.399	0.82798				2
2024.12.05	02:35:55.443	0.82797				2
2024.12.05	02:36:00.190	0.82797				2
2024.12.05	02:36:00.861	0.82798				2
2024.12.05	02:36:01.408	0.82797				2
2024.12.05	02:36:01.747		0.82798			4
2024.12.05	02:36:04.071	0.82796				2
2024.12.05	02:36:08.491		0.82799			4
2024.12.05	02:36:13.758	0.82799	0.82800			6
2024.12.05	02:36:14.071	0.82798				2
2024.12.05	02:36:14.449	0.82799				2
2024.12.05	02:36:17.878	0.82798	0.82799			6
2024.12.05	02:36:19.463	0.82799	0.82800			6
2024.12.05	02:36:21.981	0.82798	0.82799			6
2024.12.05	02:36:22.872	0.82797				2
2024.12.05	02:36:23.602		0.82798			4
2024.12.05	02:36:38.347	0.82799	0.82800			6
2024.12.05	02:36:38.858	0.82797	0.82798			6
2024.12.05	02:37:01.012	0.82797				2
2024.12.05	02:37:14.941		0.82799			4
2024.12.05	02:37:16.784		0.82798			4
2024.12.05	02:37:19.121	0.82799	0.82800			6
2024.12.05	02:37:24.365	0.82798	0.82799			6
2024.12.05	02:37:25.731	0.82799	0.82800			6
2024.12.05	02:37:33.881	0.82798	0.82799			6
2024.12.05	02:37:38.486		0.82800			4
2024.12.05	02:37:41.033	0.82800	0.82801			6
2024.12.05	02:37:43.123	0.82798	0.82800			6
2024.12.05	02:37:46.251	0.82797	0.82799			6
2024.12.05	02:37:55.946	0.82796				2
2024.12.05	02:37:59.183	0.82795	0.82798			6
2024.12.05	02:38:00.946	0.82795				2
2024.12.05	02:38:02.093	0.82797	0.82799			6
2024.12.05	02:38:05.372	0.82796	0.82797			6
2024.12.05	02:38:06.054	0.82795				2
2024.12.05	02:38:06.368	0.82796				2
2024.12.05	02:38:17.300	0.82795				2
2024.12.05	02:38:21.706		0.82796			4
2024.12.05	02:38:28.382	0.82799	0.82800			6
2024.12.05	02:38:32.015	0.82800	0.82801			6
2024.12.05	02:38:38.779	0.82799	0.82802			6
2024.12.05	02:38:39.216	0.82800				2
2024.12.05	02:38:41.425	0.82799				2
2024.12.05	02:38:42.370	0.82797	0.82798			6
2024.12.05	02:38:42.685	0.82796	0.82799			6
2024.12.05	02:38:44.828	0.82797				2
2024.12.05	02:38:46.608	0.82796	0.82798			6
2024.12.05	02:38:48.412		0.82799			4
2024.12.05	02:38:51.574	0.82799	0.82800			6
2024.12.05	02:38:53.956	0.82798	0.82799			6
2024.12.05	02:38:54.653		0.82800			4
2024.12.05	02:39:00.185	0.82798				2
2024.12.05	02:39:00.505	0.82796	0.82798			6
2024.12.05	02:39:24.401	0.82799	0.82800			6
2024.12.05	02:39:28.675	0.82801	0.82802			6
2024.12.05	02:39:32.481	0.82798	0.82799			6
2024.12.05	02:39:34.978	0.82801	0.82802			6
2024.12.05	02:39:35.300	0.82799	0.82800			6
2024.12.05	02:39:45.301		0.82802			4
2024.12.05	02:39:46.403	0.82793	0.82796			6
2024.12.05	02:39:46.724		0.82797			4
2024.12.05	02:39:47.218	0.82795				2
2024.12.05	02:39:47.522	0.82796				2
2024.12.05	02:39:50.381	0.82794	0.82798			6
2024.12.05	02:39:51.616		0.82797			4
2024.12.05	02:39:52.116	0.82795				2
2024.12.05	02:39:56.975		0.82796			4
2024.12.05	02:39:57.448	0.82794				2
2024.12.05	02:39:57.801	0.82795				2
2024.12.05	02:39:58.302	0.82794	0.82795			6
2024.12.05	02:39:59.411	0.82797	0.82798			6
2024.12.05	02:40:00.331	0.82797				2
2024.12.05	02:40:06.951	0.82800	0.82802			6
2024.12.05	02:40:09.211	0.82799	0.82800			6
2024.12.05	02:40:09.518	0.82798	0.82799			6
2024.12.05	02:40:09.828		0.82800			4
2024.12.05	02:40:10.264		0.82799			4
2024.12.05	02:40:10.629	0.82797	0.82798			6
2024.12.05	02:40:12.487	0.82796				2
2024.12.05	02:40:12.914	0.82799	0.82800			6
2024.12.05	02:40:13.223	0.82800	0.82801			6
2024.12.05	02:40:14.695		0.82802			4
2024.12.05	02:40:17.461	0.82801				2
2024.12.05	02:40:18.870	0.82800	0.82801			6
2024.12.05	02:40:19.863	0.82801	0.82802			6
2024.12.05	02:40:21.415	0.82797	0.82798			6
2024.12.05	02:40:21.717		0.82799			4
2024.12.05	02:40:27.468		0.82798			4
2024.12.05	02:40:30.661	0.82795	0.82796			6
2024.12.05	02:40:35.707	0.82794				2
2024.12.05	02:40:39.103		0.82795			4
2024.12.05	02:40:42.356	0.82792	0.82794			6
2024.12.05	02:40:55.203		0.82793			4
2024.12.05	02:41:00.078	0.82792				2
2024.12.05	02:41:03.342	0.82793	0.82794			6
2024.12.05	02:41:03.987		0.82795			4
2024.12.05	02:41:04.370	0.82794				2
2024.12.05	02:41:07.190	0.82795	0.82797			6
2024.12.05	02:41:07.811	0.82796				2
2024.12.05	02:41:11.060	0.82797	0.82800			6
2024.12.05	02:41:11.363	0.82798				2
2024.12.05	02:41:12.009		0.82801			4
2024.12.05	02:41:12.415	0.82797				2
2024.12.05	02:41:13.064		0.82800			4
2024.12.05	02:41:13.389	0.82799				2
2024.12.05	02:41:14.508	0.82798				2
2024.12.05	02:41:14.841	0.82797	0.82799			6
2024.12.05	02:41:15.820		0.82800			4
2024.12.05	02:41:16.349		0.82799			4
2024.12.05	02:41:16.690	0.82798	0.82800			6
2024.12.05	02:41:17.391		0.82799			4
2024.12.05	02:41:19.811	0.82797				2
2024.12.05	02:41:23.812	0.82796				2
2024.12.05	02:41:25.908	0.82797				2
2024.12.05	02:41:29.160		0.82798			4
2024.12.05	02:41:30.028	0.82796	0.82799			6
2024.12.05	02:41:30.361	0.82798				2
2024.12.05	02:41:30.700	0.82797	0.82798			6
2024.12.05	02:41:31.211	0.82798	0.82799			6
2024.12.05	02:41:34.352	0.82797				2
2024.12.05	02:41:34.667	0.82798				2
2024.12.05	02:41:35.059	0.82801	0.82803			6
2024.12.05	02:41:35.388	0.82799	0.82800			6
2024.12.05	02:41:35.692		0.82801			4
2024.12.05	02:41:36.020		0.82800			4
2024.12.05	02:41:37.073	0.82798				2
2024.12.05	02:41:38.387	0.82799	0.82801			6
2024.12.05	02:41:39.111	0.82798				2
2024.12.05	02:41:39.573	0.82799				2
2024.12.05	02:41:47.204		0.82800			4
2024.12.05	02:41:51.746		0.82802			4
2024.12.05	02:41:52.057		0.82801			4
2024.12.05	02:41:52.888		0.82800			4
2024.12.05	02:41:55.759		0.82801			4
2024.12.05	02:41:57.789		0.82800			4
2024.12.05	02:41:58.811	0.82801	0.82802			6
2024.12.05	02:41:59.200	0.82802	0.82803			6
2024.12.05	02:42:00.357	0.82801	0.82802			6
2024.12.05	02:42:00.816	0.82802	0.82803			6
2024.12.05	02:42:01.226	0.82801	0.82802			6
2024.12.05	02:42:05.001	0.82799	0.82801			6
2024.12.05	02:42:07.261		0.82800			4
2024.12.05	02:42:07.563		0.82801			4
2024.12.05	02:42:08.186	0.82797	0.82798			6
2024.12.05	02:42:24.741		0.82799			4
2024.12.05	02:42:29.201	0.82798				2
2024.12.05	02:42:31.535		0.82800			4
2024.12.05	02:42:35.946	0.82797	0.82798			6
2024.12.05	02:42:54.019	0.82796	0.82797			6
2024.12.05	02:43:00.459	0.82796				2
2024.12.05	02:43:11.376	0.82797	0.82798			6
2024.12.05	02:43:21.946	0.82796				2
2024.12.05	02:43:23.376		0.82797			4
2024.12.05	02:43:27.645	0.82795				2
2024.12.05	02:43:32.841	0.82792	0.82793			6
2024.12.05	02:43:44.598		0.82794			4
2024.12.05	02:43:45.960		0.82793			4
2024.12.05	02:43:51.283		0.82794			4
2024.12.05	02:43:52.920		0.82793			4
2024.12.05	02:43:56.416		0.82794			4
2024.12.05	02:43:57.741	0.82794	0.82795			6
2024.12.05	02:43:59.729	0.82793	0.82794			6
2024.12.05	02:44:00.438	0.82793				2
2024.12.05	02:44:09.906	0.82792	0.82793			6
2024.12.05	02:44:11.358	0.82791				2
2024.12.05	02:44:11.664	0.82790				2
2024.12.05	02:44:12.098	0.82791				2
2024.12.05	02:44:13.557		0.82792			4
2024.12.05	02:44:18.811	0.82790				2
2024.12.05	02:44:21.568	0.82791				2
2024.12.05	02:44:27.422	0.82790				2
2024.12.05	02:44:30.123	0.82789	0.82791			6
2024.12.05	02:44:31.359	0.82790				2
2024.12.05	02:44:39.948		0.82792			4
2024.12.05	02:44:43.139	0.82789				2
2024.12.05	02:44:44.814		0.82791			4
2024.12.05	02:44:46.596	0.82791	0.82792			6
2024.12.05	02:44:49.745	0.82790				2
2024.12.05	02:44:50.370		0.82793			4
2024.12.05	02:44:54.846		0.82792			4
2024.12.05	02:44:57.776	0.82789				2
2024.12.05	02:44:58.093	0.82790				2
2024.12.05	02:45:00.757	0.82790	0.82791			6
2024.12.05	02:45:07.814	0.82789	0.82790			6
2024.12.05	02:45:09.252	0.82791	0.82792			6
2024.12.05	02:45:09.568	0.82790	0.82791			6
2024.12.05	02:45:21.650	0.82792	0.82793			6
2024.12.05	02:45:22.851	0.82791	0.82792			6
2024.12.05	02:45:30.144	0.82792	0.82793			6
2024.12.05	02:45:45.354	0.82791	0.82792			6
2024.12.05	02:45:54.975	0.82792	0.82794			6
2024.12.05	02:45:56.366	0.82791	0.82793			6
2024.12.05	02:46:00.091	0.82791				2
2024.12.05	02:46:00.463		0.82792			4
2024.12.05	02:46:06.658	0.82790				2
2024.12.05	02:46:07.859	0.82791				2
2024.12.05	02:46:09.345	0.82790	0.82791			6
2024.12.05	02:46:09.668	0.82791	0.82792			6
2024.12.05	02:46:10.032	0.82790	0.82791			6
2024.12.05	02:46:11.723	0.82789	0.82790			6
2024.12.05	02:46:32.641		0.82791			4
2024.12.05	02:46:34.216		0.82790			4
2024.12.05	02:46:36.936		0.82791			4
2024.12.05	02:46:50.299		0.82790			4
2024.12.05	02:46:50.695		0.82791			4
2024.12.05	02:46:52.451		0.82790			4
2024.12.05	02:46:53.608		0.82791			4
2024.12.05	02:46:56.358	0.82791	0.82792			6
2024.12.05	02:46:56.664	0.82792	0.82793			6
2024.12.05	02:47:00.429	0.82792				2
2024.12.05	02:47:01.544		0.82794			4
2024.12.05	02:47:02.181		0.82793			4
2024.12.05	02:47:02.486	0.82791	0.82792			6
2024.12.05	02:47:03.623	0.82790	0.82791			6
2024.12.05	02:47:05.021	0.82791	0.82792			6
2024.12.05	02:47:39.947	0.82789	0.82790			6
2024.12.05	02:47:41.785	0.82788				2
2024.12.05	02:47:51.150	0.82790	0.82791			6
2024.12.05	02:47:57.704	0.82791	0.82792			6
2024.12.05	02:48:01.375	0.82791				2
2024.12.05	02:48:02.226	0.82792	0.82793			6
2024.12.05	02:48:05.407	0.82791	0.82792			6
2024.12.05	02:48:07.581		0.82793			4
2024.12.05	02:48:07.886	0.82792				2
2024.12.05	02:48:17.317	0.82791				2
2024.12.05	02:48:22.130	0.82792	0.82794			6
2024.12.05	02:48:22.903		0.82795			4
2024.12.05	02:48:23.206	0.82793				2
2024.12.05	02:48:32.853		0.82794			4
2024.12.05	02:48:51.842	0.82792	0.82793			6
2024.12.05	02:49:00.202	0.82792				2
2024.12.05	02:49:06.672	0.82791	0.82792			6
2024.12.05	02:49:28.601	0.82792	0.82793			6
2024.12.05	02:49:34.370	0.82791				2
2024.12.05	02:49:39.457	0.82792				2
2024.12.05	02:49:47.320	0.82791				2
2024.12.05	02:49:49.186	0.82793	0.82794			6
2024.12.05	02:49:49.908	0.82794	0.82795			6
2024.12.05	02:50:00.379	0.82794				2
2024.12.05	02:50:02.196	0.82793	0.82794			6
2024.12.05	02:50:08.416	0.82792				2
2024.12.05	02:50:12.245		0.82793			4
2024.12.05	02:50:15.592		0.82794			4
2024.12.05	02:50:17.219		0.82793			4
2024.12.05	02:50:26.227		0.82794			4
2024.12.05	02:50:28.236	0.82793				2
2024.12.05	02:50:34.568	0.82792				2
2024.12.05	02:50:37.641		0.82793			4
2024.12.05	02:50:43.950	0.82793	0.82794			6
2024.12.05	02:50:55.500		0.82795			4
2024.12.05	02:50:57.010		0.82794			4
2024.12.05	02:51:00.460	0.82793				2
2024.12.05	02:51:05.095	0.82794	0.82795			6
2024.12.05	02:51:10.773	0.82793	0.82794			6
2024.12.05	02:51:12.885		0.82796			4
2024.12.05	02:51:15.387	0.82794				2
2024.12.05	02:51:16.061		0.82797			4
2024.12.05	02:51:17.909		0.82796			4
2024.12.05	02:51:18.213		0.82797			4
2024.12.05	02:51:25.135		0.82796			4
2024.12.05	02:51:27.833		0.82797			4
2024.12.05	02:51:28.444		0.82796			4
2024.12.05	02:51:30.042	0.82795	0.82797			6
2024.12.05	02:51:30.356	0.82794				2
2024.12.05	02:51:31.841	0.82793	0.82795			6
2024.12.05	02:51:33.365	0.82794	0.82797			6
2024.12.05	02:51:34.346		0.82796			4
2024.12.05	02:51:35.461		0.82797			4
2024.12.05	02:51:36.737		0.82796			4
2024.12.05	02:51:37.422		0.82797			4
2024.12.05	02:51:38.779		0.82796			4
2024.12.05	02:51:39.993		0.82797			4
2024.12.05	02:51:43.505	0.82793				2
2024.12.05	02:51:45.399	0.82794				2
2024.12.05	02:51:45.720	0.82795				2
2024.12.05	02:51:47.593	0.82794	0.82798			6
2024.12.05	02:51:47.906		0.82797			4
2024.12.05	02:51:48.662	0.82796				2
2024.12.05	02:51:48.965	0.82797	0.82798			6
2024.12.05	02:51:49.283	0.82800	0.82801			6
2024.12.05	02:51:50.021		0.82802			4
2024.12.05	02:51:55.033		0.82801			4
2024.12.05	02:51:56.904	0.82801	0.82802			6
2024.12.05	02:51:59.947		0.82803			4
2024.12.05	02:52:00.347	0.82801				2
2024.12.05	02:52:00.662	0.82800	0.82802			6
2024.12.05	02:52:01.576	0.82801				2
2024.12.05	02:52:03.695		0.82803			4
2024.12.05	02:52:04.534	0.82805	0.82806			6
2024.12.05	02:52:09.113	0.82807	0.82809			6
2024.12.05	02:52:09.664		0.82808			4
2024.12.05	02:52:10.315	0.82806	0.82810			6
2024.12.05	02:52:17.931	0.82808	0.82809			6
2024.12.05	02:52:24.146		0.82810			4
2024.12.05	02:52:24.454		0.82809			4
2024.12.05	02:52:25.533	0.82807				2
2024.12.05	02:52:29.736	0.82808				2
2024.12.05	02:52:33.900	0.82807	0.82810			6
2024.12.05	02:52:38.889		0.82808			4
2024.12.05	02:52:40.662	0.82805				2
2024.12.05	02:52:41.455	0.82804				2
2024.12.05	02:52:42.225	0.82806				2
2024.12.05	02:52:44.097	0.82807				2
2024.12.05	02:52:44.403	0.82804	0.82806			6
2024.12.05	02:52:44.762	0.82805				2
2024.12.05	02:52:48.603	0.82806	0.82807			6
2024.12.05	02:52:50.658		0.82808			4
2024.12.05	02:52:53.222		0.82807			4
2024.12.05	02:52:54.761		0.82808			4
2024.12.05	02:52:55.428		0.82807			4
2024.12.05	02:52:56.251		0.82808			4
2024.12.05	02:52:58.417	0.82805				2
2024.12.05	02:52:59.821		0.82807			4
2024.12.05	02:53:00.454	0.82807	0.82808			6
2024.12.05	02:53:01.709	0.82806	0.82809			6
2024.12.05	02:53:14.282	0.82807				2
2024.12.05	02:53:14.648		0.82808			4
2024.12.05	02:53:15.757	0.82806	0.82809			6
2024.12.05	02:53:16.063	0.82807	0.82808			6
2024.12.05	02:53:20.713	0.82806				2
2024.12.05	02:53:21.591	0.82807				2
2024.12.05	02:53:23.876		0.82809			4
2024.12.05	02:53:26.016		0.82808			4
2024.12.05	02:53:26.378	0.82808	0.82809			6
2024.12.05	02:53:30.324	0.82807				2
2024.12.05	02:53:31.173	0.82808	0.82810			6
2024.12.05	02:53:31.514	0.82807	0.82809			6
2024.12.05	02:53:37.747	0.82808				2
2024.12.05	02:53:39.195	0.82807				2
2024.12.05	02:53:39.864	0.82806	0.82808			6
2024.12.05	02:53:40.301	0.82807				2
2024.12.05	02:53:42.307	0.82806	0.82807			6
2024.12.05	02:53:42.628	0.82807	0.82808			6
2024.12.05	02:53:47.370	0.82806	0.82807			6
2024.12.05	02:53:47.685	0.82805				2
2024.12.05	02:53:49.396	0.82804	0.82806			6
2024.12.05	02:53:51.809	0.82800	0.82802			6
2024.12.05	02:53:52.871		0.82803			4
2024.12.05	02:53:58.430		0.82802			4
2024.12.05	02:53:59.220	0.82801				2
2024.12.05	02:54:00.399	0.82801				2
2024.12.05	02:54:00.781	0.82802	0.82803			6
2024.12.05	02:54:01.428	0.82801				2
2024.12.05	02:54:02.625	0.82802				2
2024.12.05	02:54:02.940		0.82804			4
2024.12.05	02:54:04.129		0.82803			4
2024.12.05	02:54:04.448		0.82804			4
2024.12.05	02:54:05.370	0.82799	0.82800			6
2024.12.05	02:54:06.305	0.82800	0.82801			6
2024.12.05	02:54:11.513	0.82801	0.82802			6
2024.12.05	02:54:12.144	0.82800	0.82801			6
2024.12.05	02:54:16.182		0.82802			4
2024.12.05	02:54:16.793	0.82801				2
2024.12.05	02:54:17.551	0.82798	0.82799			6
2024.12.05	02:54:18.770		0.82800			4
2024.12.05	02:54:22.836	0.82800	0.82801			6
2024.12.05	02:54:23.145	0.82799	0.82800			6
2024.12.05	02:54:24.125		0.82801			4
2024.12.05	02:54:26.267	0.82800				2
2024.12.05	02:54:27.640	0.82801	0.82802			6
2024.12.05	02:54:30.429	0.82800				2
2024.12.05	02:54:31.415		0.82801			4
2024.12.05	02:54:43.313		0.82802			4
2024.12.05	02:54:43.926	0.82801				2
2024.12.05	02:54:44.451	0.82800				2
2024.12.05	02:54:44.889	0.82801				2
2024.12.05	02:54:45.193	0.82800	0.82801			6
2024.12.05	02:54:51.501	0.82799	0.82800			6
2024.12.05	02:54:52.917	0.82800	0.82802			6
2024.12.05	02:54:53.224		0.82801			4
2024.12.05	02:54:55.829	0.82799	0.82800			6
2024.12.05	02:54:56.338	0.82798				2
2024.12.05	02:54:58.322		0.82799			4
2024.12.05	02:54:59.749	0.82799	0.82800			6
2024.12.05	02:55:00.064	0.82799				2
2024.12.05	02:55:00.407	0.82804	0.82805			6
2024.12.05	02:55:00.724	0.82803				2
2024.12.05	02:55:01.422		0.82804			4
2024.12.05	02:55:03.647	0.82802	0.82803			6
2024.12.05	02:55:03.956	0.82801				2
2024.12.05	02:55:04.307	0.82802				2
2024.12.05	02:55:06.037	0.82801	0.82802			6
2024.12.05	02:55:07.589	0.82799	0.82801			6
2024.12.05	02:55:07.904		0.82800			4
2024.12.05	02:55:08.216		0.82801			4
2024.12.05	02:55:08.596	0.82798				2
2024.12.05	02:55:10.383		0.82800			4
2024.12.05	02:55:11.571		0.82801			4
2024.12.05	02:55:12.583		0.82799			4
2024.12.05	02:55:16.442	0.82797	0.82798			6
2024.12.05	02:55:16.768	0.82798	0.82799			6
2024.12.05	02:55:17.137		0.82800			4
2024.12.05	02:55:17.768	0.82797				2
2024.12.05	02:55:18.947		0.82801			4
2024.12.05	02:55:22.912	0.82799	0.82802			6
2024.12.05	02:55:26.088	0.82798	0.82801			6
2024.12.05	02:55:33.226	0.82799				2
2024.12.05	02:55:35.535	0.82798	0.82800			6
2024.12.05	02:55:36.311	0.82800	0.82802			6
2024.12.05	02:55:36.986	0.82801				2
2024.12.05	02:55:37.537		0.82803			4
2024.12.05	02:55:43.668	0.82802				2
2024.12.05	02:55:51.691	0.82804	0.82805			6
2024.12.05	02:55:53.451	0.82803				2
2024.12.05	02:55:54.122	0.82802				2
2024.12.05	02:55:54.425	0.82803	0.82804			6
2024.12.05	02:55:59.359	0.82802	0.82805			6
2024.12.05	02:56:00.303	0.82802				2
2024.12.05	02:56:00.627		0.82804			4
2024.12.05	02:56:02.553	0.82805	0.82806			6
2024.12.05	02:56:04.026		0.82807			4
2024.12.05	02:56:05.916	0.82806				2
2024.12.05	02:56:07.545		0.82808			4
2024.12.05	02:56:08.032	0.82808	0.82809			6
2024.12.05	02:56:08.356	0.82809	0.82810			6
2024.12.05	02:56:21.702	0.82807	0.82809			6
2024.12.05	02:56:22.417		0.82810			4
2024.12.05	02:56:22.722	0.82809				2
2024.12.05	02:56:23.212	0.82808				2
2024.12.05	02:56:24.620	0.82809				2
2024.12.05	02:56:26.214	0.82808				2
2024.12.05	02:56:26.820	0.82809				2
2024.12.05	02:56:27.125	0.82808				2
2024.12.05	02:56:29.456		0.82809			4
2024.12.05	02:56:30.391		0.82811			4
2024.12.05	02:56:31.040	0.82809				2
2024.12.05	02:56:36.360	0.82808				2
2024.12.05	02:56:36.666		0.82810			4
2024.12.05	02:56:44.408	0.82809	0.82811			6
2024.12.05	02:56:48.981	0.82808				2
2024.12.05	02:56:49.477	0.82809				2
2024.12.05	02:56:49.977	0.82808				2
2024.12.05	02:56:50.707		0.82810			4
2024.12.05	02:56:52.683		0.82811			4
2024.12.05	02:56:56.229		0.82810			4
2024.12.05	02:56:56.685	0.82809				2
2024.12.05	02:56:57.322		0.82811			4
2024.12.05	02:56:57.641		0.82810			4
2024.12.05	02:56:58.314	0.82808				2
2024.12.05	02:56:59.388	0.82809				2
2024.12.05	02:56:59.713	0.82808				2
2024.12.05	02:57:00.381	0.82809				2
2024.12.05	02:57:00.720	0.82808				2
2024.12.05	02:57:01.390		0.82811			4
2024.12.05	02:57:06.616	0.82809				2
2024.12.05	02:57:08.889	0.82811	0.82813			6
2024.12.05	02:57:09.203	0.82812	0.82814			6
2024.12.05	02:57:09.551	0.82813				2
2024.12.05	02:57:16.344	0.82812				2
2024.12.05	02:57:16.653		0.82813			4
2024.12.05	02:57:16.962	0.82811	0.82812			6
2024.12.05	02:57:17.350		0.82813			4
2024.12.05	02:57:17.741	0.82812				2
2024.12.05	02:57:18.213	0.82811				2
2024.12.05	02:57:22.706	0.82812				2
2024.12.05	02:57:23.194	0.82811				2
2024.12.05	02:57:29.368	0.82812	0.82814			6
2024.12.05	02:57:31.869	0.82811	0.82813			6
2024.12.05	02:57:34.268	0.82810	0.82812			6
2024.12.05	02:57:41.484	0.82809	0.82810			6
2024.12.05	02:57:51.658	0.82808				2
2024.12.05	02:57:52.230	0.82810	0.82811			6
2024.12.05	02:57:52.546	0.82809	0.82810			6
2024.12.05	02:57:59.578		0.82811			4
2024.12.05	02:58:00.778	0.82809				2
2024.12.05	02:58:03.205	0.82808				2
2024.12.05	02:58:03.525		0.82812			4
2024.12.05	02:58:05.643		0.82811			4
2024.12.05	02:58:06.419	0.82807				2
2024.12.05	02:58:09.142		0.82809			4
2024.12.05	02:58:09.445	0.82806				2
2024.12.05	02:58:09.751	0.82807				2
2024.12.05	02:58:11.743	0.82806	0.82807			6
2024.12.05	02:58:17.723	0.82805				2
2024.12.05	02:58:21.844	0.82804	0.82806			6
2024.12.05	02:58:22.189	0.82803	0.82805			6
2024.12.05	02:58:25.863		0.82806			4
2024.12.05	02:58:27.325		0.82805			4
2024.12.05	02:58:41.621	0.82804				2
2024.12.05	02:58:48.328	0.82803				2
2024.12.05	02:58:52.388	0.82804	0.82806			6
2024.12.05	02:58:56.281	0.82805				2
2024.12.05	02:58:57.129	0.82804				2
2024.12.05	02:59:00.956	0.82804				2
2024.12.05	02:59:01.294	0.82805				2
2024.12.05	02:59:04.212	0.82804				2
2024.12.05	02:59:04.626	0.82805				2
2024.12.05	02:59:05.111	0.82804				2
2024.12.05	02:59:06.642		0.82805			4
2024.12.05	02:59:10.537	0.82805	0.82806			6
2024.12.05	02:59:14.877	0.82804	0.82805			6
2024.12.05	02:59:15.518	0.82803	0.82804			6
2024.12.05	02:59:16.364	0.82804	0.82805			6
2024.12.05	02:59:16.715	0.82803				2
2024.12.05	02:59:19.346	0.82805	0.82806			6
2024.12.05	02:59:21.125	0.82804	0.82805			6
2024.12.05	02:59:24.874	0.82803				2
2024.12.05	02:59:27.747		0.82804			4
2024.12.05	02:59:29.340	0.82804	0.82805			6
2024.12.05	02:59:30.129	0.82805	0.82806			6
2024.12.05	02:59:31.299	0.82804	0.82805			6
2024.12.05	02:59:31.604	0.82805	0.82806			6
2024.12.05	02:59:32.156	0.82806	0.82807			6
2024.12.05	02:59:34.040	0.82805	0.82806			6
2024.12.05	02:59:34.360	0.82804	0.82805			6
2024.12.05	02:59:36.070	0.82805	0.82806			6
2024.12.05	02:59:39.109	0.82804	0.82805			6
2024.12.05	02:59:39.411	0.82803				2
2024.12.05	02:59:39.723	0.82804				2
2024.12.05	02:59:45.278	0.82803				2
2024.12.05	02:59:53.087		0.82804			4
2024.12.05	02:59:58.446		0.82805			4
2024.12.05	02:59:58.946		0.82804			4
2024.12.05	03:00:00.007	0.82803				2
2024.12.05	03:00:00.329	0.82800	0.82801			6
2024.12.05	03:00:00.644	0.82799	0.82800			6
2024.12.05	03:00:00.955	0.82798	0.82799			6
2024.12.05	03:00:01.273		0.82800			4
2024.12.05	03:00:01.585	0.82793	0.82795			6
2024.12.05	03:00:01.887	0.82795	0.82796			6
2024.12.05	03:00:02.203	0.82796	0.82798			6
2024.12.05	03:00:02.507		0.82797			4
2024.12.05	03:00:03.449	0.82797	0.82798			6
2024.12.05	03:00:03.754	0.82796	0.82797			6
2024.12.05	03:00:04.644	0.82797	0.82798			6
2024.12.05	03:00:05.262		0.82799			4
2024.12.05	03:00:05.610	0.82798				2
2024.12.05	03:00:06.884	0.82797				2
2024.12.05	03:00:08.545		0.82798			4
