<DATE>	<TIME>	<BID>	<ASK>	<LAST>	<VOLUME>	<FLAGS>
2024.09.19	00:00:00.439	0.84152	0.84356			6
2024.09.19	00:00:00.725	0.84073	0.84203			6
2024.09.19	00:00:01.600	0.84076				2
2024.09.19	00:00:31.032	0.84087	0.84221			6
2024.09.19	00:00:36.351	0.84088				2
2024.09.19	00:01:00.479	0.84088	0.84225			6
2024.09.19	00:02:10.833	0.84088	0.84225			6
2024.09.19	00:03:00.482	0.84088	0.84229			6
2024.09.19	00:04:00.492	0.84088	0.84233			6
2024.09.19	00:05:00.444	0.84092	0.84231			6
2024.09.19	00:06:00.349	0.84092				2
2024.09.19	00:06:00.880		0.84231			4
2024.09.19	00:07:00.417	0.84092	0.84227			6
2024.09.19	00:08:00.427	0.84092	0.84227			6
2024.09.19	00:09:02.364	0.84092	0.84227			6
2024.09.19	00:10:00.369	0.84092				2
2024.09.19	00:10:02.382		0.84227			4
2024.09.19	00:11:00.413	0.84093				2
2024.09.19	00:11:05.802		0.84227			4
2024.09.19	00:12:00.363	0.84093				2
2024.09.19	00:12:05.883		0.84227			4
2024.09.19	00:13:01.068	0.84093				2
2024.09.19	00:13:06.362		0.84227			4
2024.09.19	00:14:00.318	0.84093				2
2024.09.19	00:14:11.081		0.84227			4
2024.09.19	00:15:00.372	0.84093				2
2024.09.19	00:15:11.425		0.84227			4
2024.09.19	00:15:27.145	0.84094				2
2024.09.19	00:15:30.418	0.84093				2
2024.09.19	00:15:56.227	0.84119				2
2024.09.19	00:15:59.371	0.84120				2
2024.09.19	00:16:00.415	0.84120				2
2024.09.19	00:16:03.337	0.84121				2
2024.09.19	00:16:05.191	0.84122				2
2024.09.19	00:16:10.593	0.84121				2
2024.09.19	00:16:13.443		0.84227			4
2024.09.19	00:16:16.296	0.84122				2
2024.09.19	00:16:38.673	0.84123				2
2024.09.19	00:17:00.193	0.84123				2
2024.09.19	00:17:00.972		0.84240			4
2024.09.19	00:17:01.894	0.84124				2
2024.09.19	00:17:06.371		0.84241			4
2024.09.19	00:17:16.013	0.84125				2
2024.09.19	00:17:30.585	0.84123				2
2024.09.19	00:17:44.743	0.84124				2
2024.09.19	00:17:59.425	0.84125				2
2024.09.19	00:18:01.384	0.84125				2
2024.09.19	00:18:06.887		0.84241			4
2024.09.19	00:18:15.972	0.84126				2
2024.09.19	00:18:25.894	0.84127				2
2024.09.19	00:18:30.598	0.84126				2
2024.09.19	00:18:38.329	0.84127				2
2024.09.19	00:18:41.881	0.84126				2
2024.09.19	00:18:42.801	0.84127				2
2024.09.19	00:18:47.494	0.84126				2
2024.09.19	00:18:47.801	0.84127				2
2024.09.19	00:18:48.721	0.84128				2
2024.09.19	00:18:49.021	0.84123				2
2024.09.19	00:18:49.341	0.84122				2
2024.09.19	00:18:49.648	0.84123				2
2024.09.19	00:18:50.888	0.84124				2
2024.09.19	00:18:51.852	0.84123				2
2024.09.19	00:18:52.800	0.84122				2
2024.09.19	00:18:53.104	0.84124				2
2024.09.19	00:18:53.429	0.84123				2
2024.09.19	00:18:54.231	0.84121				2
2024.09.19	00:18:54.845	0.84123				2
2024.09.19	00:18:55.163	0.84122				2
2024.09.19	00:18:56.114	0.84123				2
2024.09.19	00:18:56.421	0.84125				2
2024.09.19	00:18:56.724	0.84124				2
2024.09.19	00:18:57.041	0.84125				2
2024.09.19	00:18:58.543	0.84123				2
2024.09.19	00:18:59.467	0.84125				2
2024.09.19	00:19:00.645	0.84124				2
2024.09.19	00:19:01.785	0.84123				2
2024.09.19	00:19:02.087	0.84121				2
2024.09.19	00:19:02.402	0.84125				2
2024.09.19	00:19:02.722	0.84122				2
2024.09.19	00:19:03.940	0.84121				2
2024.09.19	00:19:07.910	0.84127	0.84241			6
2024.09.19	00:19:08.222	0.84126				2
2024.09.19	00:19:08.844	0.84129				2
2024.09.19	00:19:09.161	0.84130				2
2024.09.19	00:19:09.803	0.84129				2
2024.09.19	00:19:10.122	0.84131				2
2024.09.19	00:19:10.426	0.84130				2
2024.09.19	00:19:13.456	0.84129				2
2024.09.19	00:19:13.762	0.84128				2
2024.09.19	00:19:14.082	0.84130				2
2024.09.19	00:19:14.702	0.84131				2
2024.09.19	00:19:15.021	0.84129				2
2024.09.19	00:19:15.666	0.84131				2
2024.09.19	00:19:18.227	0.84129				2
2024.09.19	00:19:18.863	0.84130				2
2024.09.19	00:19:29.622	0.84131				2
2024.09.19	00:19:30.250	0.84130				2
2024.09.19	00:19:30.562	0.84131				2
2024.09.19	00:19:30.864	0.84130				2
2024.09.19	00:19:33.506	0.84131				2
2024.09.19	00:19:36.393	0.84129				2
2024.09.19	00:19:59.245	0.84130				2
2024.09.19	00:20:00.464	0.84130	0.84231			6
2024.09.19	00:20:01.502	0.84129				2
2024.09.19	00:20:03.167	0.84130				2
2024.09.19	00:20:10.002	0.84129				2
2024.09.19	00:20:14.359	0.84126				2
2024.09.19	00:20:15.502	0.84125				2
2024.09.19	00:20:17.083	0.84126				2
2024.09.19	00:20:55.291	0.84125				2
2024.09.19	00:21:00.421	0.84124				2
2024.09.19	00:21:01.064	0.84123	0.84231			6
2024.09.19	00:21:01.756	0.84121				2
2024.09.19	00:21:02.401	0.84120				2
2024.09.19	00:21:02.807	0.84118				2
2024.09.19	00:21:03.267	0.84117				2
2024.09.19	00:21:13.463	0.84121				2
2024.09.19	00:21:18.352	0.84122				2
2024.09.19	00:21:36.999	0.84123				2
2024.09.19	00:21:38.041	0.84122				2
2024.09.19	00:21:38.348	0.84123				2
2024.09.19	00:21:38.981	0.84122				2
2024.09.19	00:21:39.285	0.84123				2
2024.09.19	00:21:41.001	0.84124				2
2024.09.19	00:21:41.381	0.84123				2
2024.09.19	00:21:43.313	0.84122				2
2024.09.19	00:21:45.825	0.84121				2
2024.09.19	00:21:50.491	0.84122				2
2024.09.19	00:21:58.257	0.84120				2
2024.09.19	00:22:00.370	0.84120				2
2024.09.19	00:22:00.876	0.84121				2
2024.09.19	00:22:02.501		0.84231			4
2024.09.19	00:22:07.503	0.84120				2
2024.09.19	00:22:08.314	0.84119				2
2024.09.19	00:22:10.024	0.84114				2
2024.09.19	00:22:10.530	0.84115				2
2024.09.19	00:22:11.329	0.84116				2
2024.09.19	00:22:12.373	0.84114				2
2024.09.19	00:22:16.259	0.84113				2
2024.09.19	00:23:00.433	0.84113				2
2024.09.19	00:23:03.107		0.84231			4
2024.09.19	00:23:20.207	0.84109				2
2024.09.19	00:23:25.035	0.84115				2
2024.09.19	00:23:49.684	0.84113				2
2024.09.19	00:24:00.399	0.84113	0.84227			6
2024.09.19	00:24:22.564	0.84102				2
2024.09.19	00:24:23.068	0.84104				2
2024.09.19	00:24:23.800	0.84102				2
2024.09.19	00:24:25.089	0.84100				2
2024.09.19	00:24:25.444	0.84101				2
2024.09.19	00:24:27.099	0.84100				2
2024.09.19	00:24:29.988	0.84101				2
2024.09.19	00:24:31.295	0.84102				2
2024.09.19	00:24:32.768	0.84100				2
2024.09.19	00:24:35.799	0.84101				2
2024.09.19	00:24:42.027	0.84104				2
2024.09.19	00:25:00.318	0.84104				2
2024.09.19	00:25:00.622		0.84227			4
2024.09.19	00:25:15.013	0.84105				2
2024.09.19	00:25:30.211	0.84106				2
2024.09.19	00:25:40.915	0.84105				2
2024.09.19	00:25:47.407	0.84110				2
2024.09.19	00:26:00.094	0.84110				2
2024.09.19	00:26:00.415		0.84224			4
2024.09.19	00:26:21.754	0.84125	0.84217			6
2024.09.19	00:26:34.107	0.84124				2
2024.09.19	00:26:46.797	0.84113				2
2024.09.19	00:26:52.085	0.84110	0.84207			6
2024.09.19	00:27:02.138	0.84110				2
2024.09.19	00:27:22.353	0.84111				2
2024.09.19	00:27:28.594	0.84112				2
2024.09.19	00:27:40.293	0.84113				2
2024.09.19	00:27:50.493	0.84114				2
2024.09.19	00:27:52.111		0.84207			4
2024.09.19	00:28:00.094	0.84116				2
2024.09.19	00:28:23.321	0.84117				2
2024.09.19	00:28:29.195	0.84118				2
2024.09.19	00:28:47.452	0.84120				2
2024.09.19	00:28:51.031	0.84119				2
2024.09.19	00:28:54.133	0.84117	0.84207			6
2024.09.19	00:28:58.892	0.84118				2
2024.09.19	00:29:02.415	0.84119				2
2024.09.19	00:29:19.703	0.84120				2
2024.09.19	00:29:29.588	0.84118				2
2024.09.19	00:29:43.892	0.84119				2
2024.09.19	00:29:55.435		0.84207			4
2024.09.19	00:30:00.005	0.84119				2
2024.09.19	00:30:10.855	0.84120				2
2024.09.19	00:30:20.136		0.84206			4
2024.09.19	00:30:27.391	0.84121				2
2024.09.19	00:30:35.803		0.84205			4
2024.09.19	00:30:42.391	0.84122				2
2024.09.19	00:30:57.095		0.84204			4
2024.09.19	00:31:02.415	0.84122				2
2024.09.19	00:31:06.403	0.84123				2
2024.09.19	00:31:18.093		0.84203			4
2024.09.19	00:31:32.491	0.84124				2
2024.09.19	00:31:48.991		0.84202			4
2024.09.19	00:32:01.892	0.84125				2
2024.09.19	00:32:24.393		0.84201			4
2024.09.19	00:32:36.097	0.84126				2
2024.09.19	00:32:57.996		0.84200			4
2024.09.19	00:33:00.417	0.84126				2
2024.09.19	00:33:12.395	0.84127				2
2024.09.19	00:33:27.862	0.84124	0.84196			6
2024.09.19	00:33:43.892		0.84195			4
2024.09.19	00:33:56.797	0.84125				2
2024.09.19	00:34:00.372	0.84125				2
2024.09.19	00:34:20.793		0.84194			4
2024.09.19	00:34:33.100	0.84126				2
2024.09.19	00:34:43.153		0.84193			4
2024.09.19	00:34:43.471		0.84194			4
2024.09.19	00:35:00.419	0.84126				2
2024.09.19	00:35:03.103		0.84193			4
2024.09.19	00:35:31.913		0.84194			4
2024.09.19	00:35:33.112	0.84127	0.84193			6
2024.09.19	00:35:33.564	0.84128	0.84192			6
2024.09.19	00:35:36.699		0.84191			4
2024.09.19	00:35:39.241		0.84192			4
2024.09.19	00:35:40.794		0.84191			4
2024.09.19	00:35:51.395	0.84129				2
2024.09.19	00:36:00.364	0.84129				2
2024.09.19	00:36:37.894		0.84190			4
2024.09.19	00:36:47.794		0.84191			4
2024.09.19	00:36:50.499		0.84190			4
2024.09.19	00:36:58.891	0.84130				2
2024.09.19	00:37:01.591	0.84130				2
2024.09.19	00:37:04.302	0.84129				2
2024.09.19	00:37:12.096	0.84130				2
2024.09.19	00:37:49.157		0.84189			4
2024.09.19	00:37:54.760	0.84132	0.84191			6
2024.09.19	00:38:00.311	0.84130	0.84189			6
2024.09.19	00:38:11.496	0.84131				2
2024.09.19	00:38:34.224	0.84130	0.84188			6
2024.09.19	00:39:03.067	0.84131				2
2024.09.19	00:39:33.673	0.84129	0.84186			6
2024.09.19	00:39:36.995	0.84130				2
2024.09.19	00:39:48.355	0.84128	0.84187			6
2024.09.19	00:39:48.667	0.84127	0.84189			6
2024.09.19	00:39:52.189		0.84188			4
2024.09.19	00:39:52.582	0.84128				2
2024.09.19	00:39:53.973	0.84127				2
2024.09.19	00:39:59.200	0.84128				2
2024.09.19	00:40:01.758	0.84128				2
2024.09.19	00:40:55.594		0.84187			4
2024.09.19	00:41:00.413	0.84128				2
2024.09.19	00:41:36.279	0.84131	0.84188			6
2024.09.19	00:41:43.851	0.84128	0.84182			6
2024.09.19	00:42:00.394	0.84128				2
2024.09.19	00:42:29.791	0.84111	0.84179			6
2024.09.19	00:42:30.171	0.84121				2
2024.09.19	00:43:00.324	0.84121				2
2024.09.19	00:43:09.246	0.84119	0.84178			6
2024.09.19	00:43:09.552		0.84177			4
2024.09.19	00:43:11.587		0.84176			4
2024.09.19	00:43:11.912	0.84121				2
2024.09.19	00:43:13.296		0.84177			4
2024.09.19	00:43:15.994		0.84176			4
2024.09.19	00:43:16.740	0.84107				2
2024.09.19	00:44:06.921	0.84107				2
2024.09.19	00:44:17.197		0.84176			4
2024.09.19	00:44:58.002		0.84175			4
2024.09.19	00:45:00.306	0.84107				2
2024.09.19	00:45:00.991		0.84172			4
2024.09.19	00:45:02.095	0.84129	0.84178			6
2024.09.19	00:45:03.847	0.84107	0.84173			6
2024.09.19	00:45:06.614	0.84119	0.84161			6
2024.09.19	00:45:10.599	0.84121	0.84162			6
2024.09.19	00:45:26.553	0.84126	0.84163			6
2024.09.19	00:45:27.476		0.84160			4
2024.09.19	00:45:27.821		0.84159			4
2024.09.19	00:45:30.640		0.84158			4
2024.09.19	00:45:42.822		0.84159			4
2024.09.19	00:45:49.031	0.84116				2
2024.09.19	00:45:56.194	0.84126				2
2024.09.19	00:45:59.907		0.84158			4
2024.09.19	00:46:07.386	0.84122				2
2024.09.19	00:46:07.693	0.84127	0.84156			6
2024.09.19	00:46:09.023	0.84124	0.84155			6
2024.09.19	00:46:19.614		0.84156			4
2024.09.19	00:46:22.292	0.84119	0.84154			6
2024.09.19	00:46:24.094		0.84153			4
2024.09.19	00:46:24.728	0.84122				2
2024.09.19	00:46:27.391		0.84154			4
2024.09.19	00:46:29.461	0.84125	0.84155			6
2024.09.19	00:46:38.093	0.84124	0.84158			6
2024.09.19	00:46:40.894	0.84135	0.84169			6
2024.09.19	00:46:43.187	0.84140	0.84172			6
2024.09.19	00:46:43.714		0.84171			4
2024.09.19	00:46:45.769		0.84170			4
2024.09.19	00:46:55.666	0.84141				2
2024.09.19	00:47:02.088	0.84143	0.84169			6
2024.09.19	00:47:03.839	0.84141	0.84170			6
2024.09.19	00:47:06.414	0.84143	0.84215			6
2024.09.19	00:47:06.883	0.84144				2
2024.09.19	00:47:08.362		0.84218			4
2024.09.19	00:47:08.977	0.84147	0.84217			6
2024.09.19	00:47:09.309		0.84218			4
2024.09.19	00:47:12.693	0.84146				2
2024.09.19	00:47:13.974	0.84145				2
2024.09.19	00:47:18.355		0.84217			4
2024.09.19	00:47:20.755	0.84144				2
2024.09.19	00:47:25.382		0.84216			4
2024.09.19	00:47:31.222		0.84215			4
2024.09.19	00:47:32.074	0.84145				2
2024.09.19	00:47:34.990	0.84146	0.84214			6
2024.09.19	00:47:35.394		0.84218			4
2024.09.19	00:47:38.095	0.84147	0.84205			6
2024.09.19	00:47:38.405	0.84146				2
2024.09.19	00:47:38.776	0.84145				2
2024.09.19	00:47:41.338	0.84146				2
2024.09.19	00:47:41.643	0.84145	0.84200			6
2024.09.19	00:47:41.985	0.84144	0.84194			6
2024.09.19	00:47:42.289	0.84145	0.84185			6
2024.09.19	00:47:42.602	0.84144	0.84194			6
2024.09.19	00:47:42.904	0.84143	0.84187			6
2024.09.19	00:47:43.301	0.84144	0.84186			6
2024.09.19	00:47:44.363	0.84143	0.84187			6
2024.09.19	00:47:44.692	0.84144	0.84186			6
2024.09.19	00:47:45.091	0.84143	0.84187			6
2024.09.19	00:47:46.645	0.84144	0.84194			6
2024.09.19	00:47:46.952	0.84145	0.84185			6
2024.09.19	00:47:47.566	0.84144	0.84186			6
2024.09.19	00:47:48.394	0.84145	0.84185			6
2024.09.19	00:47:48.781	0.84143	0.84187			6
2024.09.19	00:47:49.093	0.84144	0.84207			6
2024.09.19	00:47:49.401	0.84143	0.84187			6
2024.09.19	00:47:52.515	0.84144	0.84186			6
2024.09.19	00:47:54.291		0.84207			4
2024.09.19	00:47:54.602	0.84145	0.84200			6
2024.09.19	00:47:54.933		0.84185			4
2024.09.19	00:47:55.538	0.84144	0.84186			6
2024.09.19	00:48:00.390	0.84144				2
2024.09.19	00:48:01.436	0.84146	0.84184			6
2024.09.19	00:48:01.741		0.84206			4
2024.09.19	00:48:02.047	0.84145	0.84185			6
2024.09.19	00:48:03.039	0.84144	0.84186			6
2024.09.19	00:48:03.344	0.84143	0.84187			6
2024.09.19	00:48:04.801	0.84145	0.84209			6
2024.09.19	00:48:05.138	0.84144	0.84190			6
2024.09.19	00:48:06.350	0.84143	0.84191			6
2024.09.19	00:48:06.803	0.84146	0.84197			6
2024.09.19	00:48:07.440		0.84191			4
2024.09.19	00:48:08.042		0.84190			4
2024.09.19	00:48:08.342		0.84191			4
2024.09.19	00:48:17.071		0.84190			4
2024.09.19	00:48:18.050		0.84191			4
2024.09.19	00:48:24.290		0.84209			4
2024.09.19	00:48:24.601		0.84202			4
2024.09.19	00:48:24.902		0.84189			4
2024.09.19	00:48:26.009		0.84191			4
2024.09.19	00:48:26.323		0.84192			4
2024.09.19	00:48:27.042		0.84197			4
2024.09.19	00:48:27.350		0.84191			4
2024.09.19	00:48:27.669		0.84197			4
2024.09.19	00:48:27.995	0.84151	0.84196			6
2024.09.19	00:48:30.041		0.84212			4
2024.09.19	00:48:30.344		0.84196			4
2024.09.19	00:48:32.057		0.84198			4
2024.09.19	00:48:32.738		0.84196			4
2024.09.19	00:48:33.332		0.84198			4
2024.09.19	00:48:33.788		0.84196			4
2024.09.19	00:48:34.891	0.84130	0.84172			6
2024.09.19	00:48:35.202	0.84134	0.84173			6
2024.09.19	00:48:35.511		0.84172			4
2024.09.19	00:48:36.836	0.84135	0.84171			6
2024.09.19	00:48:37.758	0.84136	0.84170			6
2024.09.19	00:48:56.226	0.84134				2
2024.09.19	00:48:56.536		0.84169			4
2024.09.19	00:48:57.670	0.84136	0.84171			6
2024.09.19	00:49:00.387	0.84136				2
2024.09.19	00:49:08.462	0.84135				2
2024.09.19	00:49:33.497	0.84144	0.84186			6
2024.09.19	00:49:33.805	0.84146	0.84204			6
2024.09.19	00:49:34.793	0.84149	0.84201			6
2024.09.19	00:49:36.281	0.84148	0.84202			6
2024.09.19	00:49:36.783	0.84150	0.84200			6
2024.09.19	00:49:38.178	0.84149	0.84201			6
2024.09.19	00:49:41.203	0.84150	0.84200			6
2024.09.19	00:49:44.742		0.84204			4
2024.09.19	00:49:45.101		0.84188			4
2024.09.19	00:49:45.402		0.84207			4
2024.09.19	00:49:47.240	0.84151	0.84206			6
2024.09.19	00:49:47.720		0.84205			4
2024.09.19	00:49:51.663		0.84206			4
2024.09.19	00:49:52.304		0.84205			4
2024.09.19	00:49:55.312		0.84203			4
2024.09.19	00:49:58.303		0.84206			4
2024.09.19	00:50:00.389	0.84151				2
2024.09.19	00:50:01.924		0.84207			4
2024.09.19	00:50:03.700		0.84206			4
2024.09.19	00:50:19.103		0.84204			4
2024.09.19	00:50:22.096	0.84142	0.84183			6
2024.09.19	00:50:22.466	0.84141				2
2024.09.19	00:50:35.472	0.84142				2
2024.09.19	00:50:48.421	0.84141				2
2024.09.19	00:51:03.112	0.84141				2
2024.09.19	00:51:22.455		0.84183			4
2024.09.19	00:51:23.959	0.84140	0.84180			6
2024.09.19	00:51:42.396	0.84139				2
2024.09.19	00:51:46.019	0.84138				2
2024.09.19	00:52:00.415	0.84138				2
2024.09.19	00:52:18.969		0.84181			4
2024.09.19	00:52:21.132	0.84136				2
2024.09.19	00:52:30.393	0.84137				2
2024.09.19	00:53:02.329	0.84137				2
2024.09.19	00:53:13.960		0.84179			4
2024.09.19	00:53:20.794	0.84136				2
2024.09.19	00:53:21.430	0.84137				2
2024.09.19	00:53:50.253	0.84136				2
2024.09.19	00:53:53.853	0.84140	0.84184			6
2024.09.19	00:54:01.565	0.84140				2
2024.09.19	00:54:04.958	0.84139				2
2024.09.19	00:54:06.022	0.84140				2
2024.09.19	00:54:31.726	0.84137				2
2024.09.19	00:54:36.805	0.84138	0.84183			6
2024.09.19	00:54:56.660	0.84136				2
2024.09.19	00:54:57.153	0.84137				2
2024.09.19	00:55:00.941	0.84137				2
2024.09.19	00:55:24.086	0.84136	0.84181			6
2024.09.19	00:55:28.342	0.84134	0.84180			6
2024.09.19	00:55:51.863	0.84140	0.84188			6
2024.09.19	00:55:52.177	0.84139	0.84189			6
2024.09.19	00:55:55.086	0.84141	0.84187			6
2024.09.19	00:55:55.536	0.84142	0.84186			6
2024.09.19	00:55:56.460		0.84184			4
2024.09.19	00:56:01.379	0.84142				2
2024.09.19	00:56:03.426	0.84144	0.84185			6
2024.09.19	00:56:19.881		0.84186			4
2024.09.19	00:56:23.034	0.84143	0.84185			6
2024.09.19	00:56:38.129	0.84139	0.84181			6
2024.09.19	00:57:00.415	0.84139				2
2024.09.19	00:57:40.848		0.84181			4
2024.09.19	00:58:11.754	0.84139				2
2024.09.19	00:58:49.859		0.84181			4
2024.09.19	00:58:54.692	0.84137	0.84179			6
2024.09.19	00:59:04.062	0.84137				2
2024.09.19	00:59:26.359	0.84134				2
2024.09.19	00:59:47.836	0.84146	0.84189			6
2024.09.19	00:59:48.141	0.84135	0.84176			6
2024.09.19	00:59:48.454	0.84132	0.84174			6
2024.09.19	00:59:49.096		0.84175			4
2024.09.19	00:59:50.065		0.84174			4
2024.09.19	00:59:50.731		0.84175			4
2024.09.19	00:59:51.037	0.84131	0.84176			6
2024.09.19	00:59:55.294	0.84130				2
2024.09.19	00:59:57.102	0.84145	0.84189			6
2024.09.19	00:59:57.403	0.84146				2
2024.09.19	00:59:57.793		0.84209			4
2024.09.19	00:59:58.100		0.84189			4
2024.09.19	00:59:59.011	0.84143	0.84184			6
2024.09.19	01:00:00.374	0.84146	0.84190			6
2024.09.19	01:00:00.689	0.84147	0.84194			6
2024.09.19	01:00:01.003	0.84151	0.84198			6
2024.09.19	01:00:01.310		0.84195			4
2024.09.19	01:00:01.682	0.84150				2
2024.09.19	01:00:01.986	0.84153				2
2024.09.19	01:00:02.304	0.84155	0.84196			6
2024.09.19	01:00:02.618	0.84150	0.84194			6
2024.09.19	01:00:02.931		0.84195			4
2024.09.19	01:00:04.378	0.84153	0.84197			6
2024.09.19	01:00:04.736		0.84202			4
2024.09.19	01:00:05.581	0.84152	0.84203			6
2024.09.19	01:00:07.056	0.84153	0.84202			6
2024.09.19	01:00:10.966	0.84151	0.84204			6
2024.09.19	01:00:11.992	0.84152	0.84203			6
2024.09.19	01:00:12.610	0.84150	0.84204			6
2024.09.19	01:00:13.298	0.84151				2
2024.09.19	01:00:13.621		0.84195			4
2024.09.19	01:00:14.057	0.84146	0.84194			6
2024.09.19	01:00:15.028	0.84144	0.84192			6
2024.09.19	01:00:15.440	0.84139	0.84203			6
2024.09.19	01:00:15.766		0.84202			4
2024.09.19	01:00:16.129	0.84148	0.84204			6
2024.09.19	01:00:16.457	0.84149	0.84202			6
2024.09.19	01:00:16.786	0.84140				2
2024.09.19	01:00:18.189	0.84139	0.84200			6
2024.09.19	01:00:18.589	0.84140	0.84199			6
2024.09.19	01:00:18.891	0.84141	0.84197			6
2024.09.19	01:00:20.248	0.84142				2
2024.09.19	01:00:20.721	0.84141	0.84198			6
2024.09.19	01:00:21.751	0.84140	0.84199			6
2024.09.19	01:00:22.143	0.84142	0.84197			6
2024.09.19	01:00:24.812	0.84141				2
2024.09.19	01:00:26.863	0.84139				2
2024.09.19	01:00:28.405	0.84140	0.84196			6
2024.09.19	01:00:30.846	0.84147	0.84197			6
2024.09.19	01:00:31.220	0.84149	0.84196			6
2024.09.19	01:00:31.525	0.84148				2
2024.09.19	01:00:32.306	0.84149	0.84195			6
2024.09.19	01:00:34.554	0.84148	0.84196			6
2024.09.19	01:00:35.997	0.84149	0.84194			6
2024.09.19	01:00:38.021	0.84147	0.84196			6
2024.09.19	01:00:39.715		0.84195			4
2024.09.19	01:00:40.786	0.84148	0.84193			6
2024.09.19	01:00:43.095	0.84145	0.84196			6
2024.09.19	01:00:43.441	0.84143	0.84195			6
2024.09.19	01:00:43.742		0.84191			4
2024.09.19	01:00:44.044	0.84144				2
2024.09.19	01:00:44.751	0.84143				2
2024.09.19	01:00:45.253	0.84139	0.84195			6
2024.09.19	01:00:45.942	0.84142	0.84193			6
2024.09.19	01:00:46.258		0.84195			4
2024.09.19	01:00:47.270	0.84139				2
2024.09.19	01:00:47.955		0.84197			4
2024.09.19	01:00:48.614	0.84136	0.84193			6
2024.09.19	01:00:48.989	0.84137	0.84190			6
2024.09.19	01:00:49.318	0.84135	0.84191			6
2024.09.19	01:00:49.623	0.84138	0.84188			6
2024.09.19	01:00:51.229		0.84189			4
2024.09.19	01:00:51.762	0.84141	0.84193			6
2024.09.19	01:00:52.632	0.84142				2
2024.09.19	01:00:52.980	0.84143				2
2024.09.19	01:00:53.525	0.84142	0.84194			6
2024.09.19	01:00:54.546	0.84149				2
2024.09.19	01:00:55.235	0.84151	0.84196			6
2024.09.19	01:00:55.590	0.84152	0.84195			6
2024.09.19	01:00:55.979	0.84151	0.84196			6
2024.09.19	01:00:56.572	0.84152	0.84195			6
2024.09.19	01:00:57.372	0.84153	0.84196			6
2024.09.19	01:00:58.298	0.84154	0.84198			6
2024.09.19	01:00:58.600	0.84155	0.84200			6
2024.09.19	01:00:58.928	0.84154	0.84199			6
2024.09.19	01:00:59.242	0.84152	0.84197			6
2024.09.19	01:00:59.627	0.84151				2
2024.09.19	01:00:59.973	0.84152				2
2024.09.19	01:01:00.307	0.84154	0.84200			6
2024.09.19	01:01:01.387	0.84153				2
2024.09.19	01:01:01.702		0.84199			4
2024.09.19	01:01:03.862	0.84152	0.84198			6
2024.09.19	01:01:10.106	0.84151				2
2024.09.19	01:01:12.105		0.84197			4
2024.09.19	01:01:13.577		0.84198			4
2024.09.19	01:01:20.309		0.84197			4
2024.09.19	01:01:21.806	0.84144	0.84181			6
2024.09.19	01:01:22.122	0.84162				2
2024.09.19	01:01:22.424	0.84146	0.84189			6
2024.09.19	01:01:22.742	0.84160	0.84185			6
2024.09.19	01:01:23.076	0.84152	0.84186			6
2024.09.19	01:01:23.462	0.84159	0.84184			6
2024.09.19	01:01:23.784	0.84151	0.84177			6
2024.09.19	01:01:24.716	0.84156	0.84182			6
2024.09.19	01:01:25.362		0.84181			4
2024.09.19	01:01:26.104	0.84154	0.84182			6
2024.09.19	01:01:26.405	0.84152	0.84181			6
2024.09.19	01:01:26.722	0.84154				2
2024.09.19	01:01:27.034	0.84158	0.84180			6
2024.09.19	01:01:27.777	0.84154	0.84181			6
2024.09.19	01:01:28.103	0.84153	0.84179			6
2024.09.19	01:01:29.045	0.84144	0.84181			6
2024.09.19	01:01:29.392	0.84154	0.84179			6
2024.09.19	01:01:32.300		0.84182			4
2024.09.19	01:01:32.607		0.84180			4
2024.09.19	01:01:35.114	0.84152	0.84181			6
2024.09.19	01:01:35.475	0.84157				2
2024.09.19	01:01:37.900	0.84160	0.84196			6
2024.09.19	01:01:38.204	0.84156	0.84195			6
2024.09.19	01:01:38.842	0.84166	0.84192			6
2024.09.19	01:01:39.670	0.84163	0.84189			6
2024.09.19	01:01:39.990	0.84162	0.84180			6
2024.09.19	01:01:40.304	0.84161	0.84179			6
2024.09.19	01:01:41.902	0.84157	0.84181			6
2024.09.19	01:01:42.245	0.84161	0.84180			6
2024.09.19	01:01:42.677	0.84156	0.84179			6
2024.09.19	01:01:43.444	0.84166	0.84181			6
2024.09.19	01:01:44.549	0.84162	0.84179			6
2024.09.19	01:01:46.631	0.84164				2
2024.09.19	01:01:46.945	0.84163	0.84180			6
2024.09.19	01:01:47.961	0.84161				2
2024.09.19	01:01:49.106		0.84182			4
2024.09.19	01:01:49.481	0.84156	0.84179			6
2024.09.19	01:01:49.783	0.84154				2
2024.09.19	01:01:50.088	0.84158				2
2024.09.19	01:01:50.747	0.84153				2
2024.09.19	01:01:51.422	0.84155	0.84177			6
2024.09.19	01:01:51.731		0.84179			4
2024.09.19	01:01:52.715	0.84153				2
2024.09.19	01:01:53.025	0.84155				2
2024.09.19	01:01:54.240	0.84153				2
2024.09.19	01:01:57.330		0.84177			4
2024.09.19	01:01:59.401	0.84151				2
2024.09.19	01:02:00.358	0.84156	0.84180			6
2024.09.19	01:02:00.663	0.84151	0.84177			6
2024.09.19	01:02:02.842	0.84154	0.84179			6
2024.09.19	01:02:03.429	0.84153	0.84177			6
2024.09.19	01:02:04.234	0.84158	0.84178			6
2024.09.19	01:02:05.738	0.84157	0.84180			6
2024.09.19	01:02:08.050	0.84161	0.84178			6
2024.09.19	01:02:08.440	0.84157	0.84179			6
2024.09.19	01:02:08.984	0.84159	0.84178			6
2024.09.19	01:02:12.348	0.84158	0.84191			6
2024.09.19	01:02:13.012	0.84167	0.84190			6
2024.09.19	01:02:13.660	0.84173	0.84189			6
2024.09.19	01:02:14.349	0.84171				2
2024.09.19	01:02:16.519		0.84191			4
2024.09.19	01:02:19.125	0.84172	0.84190			6
2024.09.19	01:02:19.978	0.84169	0.84189			6
2024.09.19	01:02:20.282	0.84170	0.84190			6
2024.09.19	01:02:21.453	0.84164	0.84188			6
2024.09.19	01:02:22.228	0.84160	0.84186			6
2024.09.19	01:02:24.414	0.84164	0.84189			6
2024.09.19	01:02:24.756		0.84187			4
2024.09.19	01:02:25.339		0.84189			4
2024.09.19	01:02:36.158	0.84160	0.84180			6
2024.09.19	01:02:37.322	0.84154	0.84179			6
2024.09.19	01:02:38.135	0.84152	0.84176			6
2024.09.19	01:02:38.771	0.84155	0.84178			6
2024.09.19	01:02:40.191	0.84149	0.84181			6
2024.09.19	01:02:40.504	0.84153	0.84178			6
2024.09.19	01:02:41.731	0.84154				2
2024.09.19	01:02:42.432	0.84155				2
2024.09.19	01:02:42.907	0.84154				2
2024.09.19	01:02:43.294	0.84151	0.84175			6
2024.09.19	01:02:44.242	0.84154	0.84177			6
2024.09.19	01:02:45.826	0.84153	0.84179			6
2024.09.19	01:02:47.003	0.84155	0.84178			6
2024.09.19	01:02:47.700	0.84154				2
2024.09.19	01:02:48.707	0.84153	0.84181			6
2024.09.19	01:02:49.088	0.84155	0.84179			6
2024.09.19	01:03:00.356	0.84155	0.84173			6
2024.09.19	01:03:20.276	0.84154				2
2024.09.19	01:03:20.871	0.84155				2
2024.09.19	01:03:31.540	0.84160	0.84172			6
2024.09.19	01:03:32.364	0.84158				2
2024.09.19	01:03:35.610	0.84160				2
2024.09.19	01:03:37.958	0.84162	0.84177			6
2024.09.19	01:03:39.472	0.84160				2
2024.09.19	01:03:40.040		0.84178			4
2024.09.19	01:03:40.345		0.84177			4
2024.09.19	01:03:41.017		0.84178			4
2024.09.19	01:03:41.703	0.84162				2
2024.09.19	01:03:44.982		0.84177			4
2024.09.19	01:04:00.512	0.84162	0.84178			6
2024.09.19	01:04:03.410	0.84164				2
2024.09.19	01:04:08.308		0.84177			4
2024.09.19	01:04:08.673		0.84178			4
2024.09.19	01:04:09.094		0.84177			4
2024.09.19	01:04:10.413	0.84165				2
2024.09.19	01:04:10.986		0.84178			4
2024.09.19	01:04:15.992	0.84166				2
2024.09.19	01:04:19.580		0.84177			4
2024.09.19	01:04:26.046		0.84178			4
2024.09.19	01:04:34.001	0.84165				2
2024.09.19	01:04:34.519	0.84168	0.84179			6
2024.09.19	01:04:35.605	0.84162				2
2024.09.19	01:04:36.005	0.84161	0.84178			6
2024.09.19	01:04:40.988		0.84177			4
2024.09.19	01:04:48.172		0.84179			4
2024.09.19	01:04:50.726		0.84178			4
2024.09.19	01:04:56.570	0.84162	0.84179			6
2024.09.19	01:04:58.428	0.84161	0.84178			6
2024.09.19	01:05:00.464	0.84161				2
2024.09.19	01:05:00.811	0.84160	0.84176			6
2024.09.19	01:05:02.492	0.84164	0.84179			6
2024.09.19	01:05:02.860	0.84161	0.84178			6
2024.09.19	01:05:04.632	0.84162				2
2024.09.19	01:05:05.422	0.84160	0.84177			6
2024.09.19	01:05:05.793	0.84159				2
2024.09.19	01:05:16.350	0.84162				2
2024.09.19	01:05:20.418	0.84163	0.84178			6
2024.09.19	01:05:22.291	0.84168	0.84179			6
2024.09.19	01:05:22.851	0.84170	0.84181			6
2024.09.19	01:05:25.500	0.84168				2
2024.09.19	01:05:27.761		0.84180			4
2024.09.19	01:05:28.321		0.84182			4
2024.09.19	01:05:29.276	0.84169				2
2024.09.19	01:05:30.174		0.84181			4
2024.09.19	01:05:30.675	0.84164	0.84178			6
2024.09.19	01:05:32.985		0.84177			4
2024.09.19	01:05:36.095		0.84179			4
2024.09.19	01:05:36.442		0.84177			4
2024.09.19	01:05:38.492	0.84163	0.84178			6
2024.09.19	01:05:39.434		0.84177			4
2024.09.19	01:05:40.632	0.84162				2
2024.09.19	01:05:46.670		0.84179			4
2024.09.19	01:05:47.260		0.84178			4
2024.09.19	01:05:52.297		0.84179			4
2024.09.19	01:05:53.195		0.84177			4
2024.09.19	01:05:56.115		0.84179			4
2024.09.19	01:05:57.325	0.84165	0.84176			6
2024.09.19	01:05:58.352		0.84177			4
2024.09.19	01:05:59.566	0.84166				2
2024.09.19	01:06:01.591	0.84166				2
2024.09.19	01:06:02.677		0.84178			4
2024.09.19	01:06:03.808		0.84177			4
2024.09.19	01:06:06.744		0.84175			4
2024.09.19	01:06:08.237	0.84164	0.84177			6
2024.09.19	01:06:12.770	0.84167	0.84179			6
2024.09.19	01:06:13.084	0.84165	0.84178			6
2024.09.19	01:06:20.932		0.84179			4
2024.09.19	01:06:23.477	0.84166				2
2024.09.19	01:06:31.296	0.84165				2
2024.09.19	01:06:44.076	0.84169				2
2024.09.19	01:06:56.966	0.84171				2
2024.09.19	01:06:58.225		0.84178			4
2024.09.19	01:07:00.092	0.84171	0.84179			6
2024.09.19	01:07:00.423	0.84174				2
2024.09.19	01:07:05.044		0.84180			4
2024.09.19	01:07:05.364		0.84181			4
2024.09.19	01:07:05.963	0.84173				2
2024.09.19	01:07:06.369		0.84182			4
2024.09.19	01:07:10.061	0.84174				2
2024.09.19	01:07:20.142	0.84177	0.84187			6
2024.09.19	01:07:20.846		0.84188			4
2024.09.19	01:07:23.440		0.84187			4
2024.09.19	01:07:24.231	0.84178	0.84190			6
2024.09.19	01:07:24.662		0.84189			4
2024.09.19	01:07:26.192	0.84174	0.84188			6
2024.09.19	01:07:26.502	0.84173	0.84186			6
2024.09.19	01:07:31.990	0.84176				2
2024.09.19	01:07:32.321	0.84173	0.84185			6
2024.09.19	01:07:37.509		0.84183			4
2024.09.19	01:07:39.936	0.84172	0.84182			6
2024.09.19	01:07:40.310	0.84171				2
2024.09.19	01:07:44.462		0.84181			4
2024.09.19	01:07:46.483	0.84172	0.84182			6
2024.09.19	01:07:46.872	0.84171	0.84183			6
2024.09.19	01:07:50.797	0.84172	0.84182			6
2024.09.19	01:07:57.921	0.84171				2
2024.09.19	01:08:00.357	0.84171				2
2024.09.19	01:08:02.630	0.84172				2
2024.09.19	01:08:03.477	0.84171				2
2024.09.19	01:08:04.422		0.84181			4
2024.09.19	01:08:07.941	0.84173	0.84184			6
2024.09.19	01:08:08.816		0.84185			4
2024.09.19	01:08:11.942	0.84171				2
2024.09.19	01:08:12.695	0.84172				2
2024.09.19	01:08:13.074		0.84183			4
2024.09.19	01:08:16.591	0.84171	0.84184			6
2024.09.19	01:08:19.953	0.84172	0.84185			6
2024.09.19	01:08:26.600	0.84173				2
2024.09.19	01:08:26.903	0.84168	0.84182			6
2024.09.19	01:08:27.211		0.84181			4
2024.09.19	01:08:28.887		0.84182			4
2024.09.19	01:08:31.666	0.84174	0.84186			6
2024.09.19	01:08:39.046	0.84176	0.84187			6
2024.09.19	01:08:41.192	0.84178				2
2024.09.19	01:08:51.269	0.84174				2
2024.09.19	01:08:57.296		0.84186			4
2024.09.19	01:09:00.360	0.84174				2
2024.09.19	01:09:11.521	0.84175	0.84187			6
2024.09.19	01:09:36.373	0.84172	0.84183			6
2024.09.19	01:09:39.018		0.84182			4
2024.09.19	01:09:40.332		0.84183			4
2024.09.19	01:09:41.913	0.84174	0.84186			6
2024.09.19	01:09:45.405	0.84176	0.84188			6
2024.09.19	01:09:46.791		0.84187			4
2024.09.19	01:09:48.351	0.84173				2
2024.09.19	01:09:50.646		0.84188			4
2024.09.19	01:09:58.420		0.84187			4
2024.09.19	01:10:00.379	0.84177	0.84190			6
2024.09.19	01:10:04.091	0.84176	0.84191			6
2024.09.19	01:10:06.070	0.84177	0.84189			6
2024.09.19	01:10:10.327	0.84181	0.84191			6
2024.09.19	01:10:11.293		0.84194			4
2024.09.19	01:10:24.341	0.84182	0.84193			6
2024.09.19	01:10:31.436	0.84181	0.84194			6
2024.09.19	01:10:34.524	0.84182	0.84193			6
2024.09.19	01:10:34.870	0.84170	0.84182			6
2024.09.19	01:10:35.183	0.84172				2
2024.09.19	01:10:35.530	0.84170	0.84183			6
2024.09.19	01:10:35.865	0.84173				2
2024.09.19	01:10:36.358	0.84169				2
2024.09.19	01:10:40.062	0.84165	0.84180			6
2024.09.19	01:10:41.384	0.84166	0.84179			6
2024.09.19	01:10:42.386	0.84165				2
2024.09.19	01:10:47.519	0.84167	0.84178			6
2024.09.19	01:10:48.982		0.84177			4
2024.09.19	01:10:49.625	0.84165				2
2024.09.19	01:10:54.644	0.84169	0.84181			6
2024.09.19	01:10:58.634	0.84167				2
2024.09.19	01:10:59.404	0.84168	0.84180			6
2024.09.19	01:11:00.356	0.84166	0.84179			6
2024.09.19	01:11:01.143	0.84167	0.84178			6
2024.09.19	01:11:01.458	0.84166	0.84180			6
2024.09.19	01:11:02.612	0.84167	0.84178			6
2024.09.19	01:11:08.294	0.84166	0.84179			6
2024.09.19	01:11:10.160	0.84167	0.84178			6
2024.09.19	01:11:11.843		0.84179			4
2024.09.19	01:11:13.162	0.84165				2
2024.09.19	01:11:15.231	0.84166				2
2024.09.19	01:11:16.460	0.84169	0.84178			6
2024.09.19	01:11:17.430	0.84166	0.84180			6
2024.09.19	01:11:22.354	0.84165	0.84179			6
2024.09.19	01:11:26.696	0.84166	0.84180			6
2024.09.19	01:11:33.397	0.84167	0.84178			6
2024.09.19	01:11:36.086	0.84169	0.84180			6
2024.09.19	01:11:39.623	0.84167	0.84177			6
2024.09.19	01:11:44.799	0.84165	0.84179			6
2024.09.19	01:11:45.392	0.84167	0.84177			6
2024.09.19	01:12:00.010	0.84167	0.84178			6
2024.09.19	01:12:00.324		0.84180			4
2024.09.19	01:12:04.541		0.84178			4
2024.09.19	01:12:04.844	0.84166	0.84180			6
2024.09.19	01:12:08.034	0.84169	0.84179			6
2024.09.19	01:12:08.386		0.84180			4
2024.09.19	01:12:09.828	0.84170	0.84179			6
2024.09.19	01:12:11.094	0.84169				2
2024.09.19	01:12:14.832	0.84170	0.84180			6
2024.09.19	01:12:15.145	0.84168				2
2024.09.19	01:12:15.614	0.84167	0.84176			6
2024.09.19	01:12:24.429	0.84168	0.84179			6
2024.09.19	01:12:28.967		0.84180			4
2024.09.19	01:12:38.270		0.84179			4
2024.09.19	01:12:41.371		0.84180			4
2024.09.19	01:12:45.491	0.84167	0.84181			6
2024.09.19	01:12:49.628	0.84166				2
2024.09.19	01:12:51.097	0.84167				2
2024.09.19	01:12:51.422	0.84166				2
2024.09.19	01:12:53.041	0.84167				2
2024.09.19	01:12:54.649		0.84179			4
2024.09.19	01:12:54.993	0.84166	0.84181			6
2024.09.19	01:12:55.452	0.84167				2
2024.09.19	01:13:00.095	0.84167				2
2024.09.19	01:13:00.454		0.84179			4
2024.09.19	01:13:02.681		0.84181			4
2024.09.19	01:13:02.992	0.84166	0.84179			6
2024.09.19	01:13:10.797	0.84171				2
2024.09.19	01:13:11.368	0.84167	0.84178			6
2024.09.19	01:13:13.732	0.84171	0.84179			6
2024.09.19	01:13:14.270	0.84169				2
2024.09.19	01:13:15.991	0.84170				2
2024.09.19	01:13:17.190	0.84169				2
2024.09.19	01:13:19.504		0.84181			4
2024.09.19	01:13:22.181		0.84179			4
2024.09.19	01:13:33.895		0.84178			4
2024.09.19	01:13:34.434	0.84171	0.84181			6
2024.09.19	01:13:36.091		0.84182			4
2024.09.19	01:13:37.853	0.84172	0.84181			6
2024.09.19	01:13:39.612	0.84170	0.84182			6
2024.09.19	01:13:41.876	0.84171				2
2024.09.19	01:13:48.394		0.84179			4
2024.09.19	01:13:48.766		0.84181			4
2024.09.19	01:13:54.140	0.84169	0.84182			6
2024.09.19	01:13:54.454	0.84170				2
2024.09.19	01:13:56.560	0.84171				2
2024.09.19	01:13:58.781		0.84181			4
2024.09.19	01:14:00.094	0.84171				2
2024.09.19	01:14:06.094		0.84180			4
2024.09.19	01:14:11.622		0.84179			4
2024.09.19	01:14:13.297	0.84170				2
2024.09.19	01:14:15.902	0.84169				2
2024.09.19	01:14:16.617	0.84170				2
2024.09.19	01:14:25.059	0.84171				2
2024.09.19	01:14:25.649		0.84180			4
2024.09.19	01:14:30.935		0.84179			4
2024.09.19	01:14:35.324	0.84170	0.84180			6
2024.09.19	01:14:35.675	0.84171				2
2024.09.19	01:14:36.239		0.84179			4
2024.09.19	01:14:38.873	0.84170	0.84180			6
2024.09.19	01:14:41.730	0.84166	0.84178			6
2024.09.19	01:14:42.125	0.84165	0.84179			6
2024.09.19	01:14:42.798	0.84166	0.84178			6
2024.09.19	01:14:47.096	0.84165	0.84179			6
2024.09.19	01:14:47.911	0.84166	0.84178			6
2024.09.19	01:14:50.635		0.84177			4
2024.09.19	01:14:50.988		0.84178			4
2024.09.19	01:14:51.699		0.84177			4
2024.09.19	01:14:52.357		0.84178			4
2024.09.19	01:14:55.859	0.84168	0.84179			6
2024.09.19	01:14:56.216	0.84169				2
2024.09.19	01:14:57.729	0.84168				2
2024.09.19	01:14:59.639	0.84166				2
2024.09.19	01:15:00.390	0.84167				2
2024.09.19	01:15:01.550	0.84166	0.84178			6
2024.09.19	01:15:02.071	0.84168	0.84179			6
2024.09.19	01:15:02.384		0.84178			4
2024.09.19	01:15:05.080	0.84167				2
2024.09.19	01:15:05.925	0.84168				2
2024.09.19	01:15:07.483		0.84179			4
2024.09.19	01:15:08.193		0.84178			4
2024.09.19	01:15:10.558		0.84179			4
2024.09.19	01:15:15.177	0.84167				2
2024.09.19	01:15:16.017	0.84168	0.84178			6
2024.09.19	01:15:16.811		0.84179			4
2024.09.19	01:15:21.485		0.84178			4
2024.09.19	01:15:25.342	0.84167	0.84176			6
2024.09.19	01:15:25.648	0.84174	0.84183			6
2024.09.19	01:15:25.955		0.84184			4
2024.09.19	01:15:26.263	0.84172	0.84183			6
2024.09.19	01:15:28.894		0.84184			4
2024.09.19	01:15:29.621		0.84183			4
2024.09.19	01:15:36.993	0.84173				2
2024.09.19	01:15:39.007	0.84172				2
2024.09.19	01:15:39.418	0.84173				2
2024.09.19	01:15:40.871	0.84172	0.84184			6
2024.09.19	01:15:41.907	0.84173	0.84183			6
2024.09.19	01:15:46.569	0.84177	0.84185			6
2024.09.19	01:15:47.215	0.84176	0.84186			6
2024.09.19	01:15:49.295	0.84177	0.84185			6
2024.09.19	01:15:50.414	0.84178	0.84187			6
2024.09.19	01:15:50.811	0.84177				2
2024.09.19	01:15:53.463	0.84178				2
2024.09.19	01:15:53.815	0.84177				2
2024.09.19	01:15:54.801		0.84185			4
2024.09.19	01:15:55.457	0.84176				2
2024.09.19	01:15:56.792	0.84181				2
2024.09.19	01:15:57.410		0.84184			4
2024.09.19	01:15:59.404	0.84180				2
2024.09.19	01:16:00.539	0.84182	0.84185			6
2024.09.19	01:16:02.049	0.84181	0.84184			6
2024.09.19	01:16:02.449		0.84185			4
2024.09.19	01:16:06.216		0.84186			4
2024.09.19	01:16:20.795	0.84177	0.84184			6
2024.09.19	01:16:21.104		0.84185			4
2024.09.19	01:16:21.415	0.84176				2
2024.09.19	01:16:23.487	0.84177				2
2024.09.19	01:16:24.410	0.84172	0.84180			6
2024.09.19	01:16:25.221	0.84173				2
2024.09.19	01:16:26.583	0.84172	0.84181			6
2024.09.19	01:16:27.320	0.84173	0.84180			6
2024.09.19	01:16:32.132	0.84174	0.84184			6
2024.09.19	01:16:33.709	0.84175				2
2024.09.19	01:16:34.572	0.84174				2
2024.09.19	01:16:35.218	0.84175				2
2024.09.19	01:16:39.270	0.84174				2
2024.09.19	01:17:00.702	0.84174				2
2024.09.19	01:17:03.780	0.84175				2
2024.09.19	01:17:05.042	0.84174				2
2024.09.19	01:17:09.092	0.84175				2
2024.09.19	01:17:10.383	0.84174				2
2024.09.19	01:17:22.831	0.84178	0.84185			6
2024.09.19	01:17:25.194	0.84176				2
2024.09.19	01:17:25.597	0.84173	0.84184			6
2024.09.19	01:17:27.837	0.84174				2
2024.09.19	01:17:42.091	0.84173				2
2024.09.19	01:17:42.416	0.84174				2
2024.09.19	01:17:50.828	0.84177				2
2024.09.19	01:17:52.892	0.84178				2
2024.09.19	01:17:55.633	0.84177				2
2024.09.19	01:18:00.001	0.84174	0.84185			6
2024.09.19	01:18:01.795	0.84177				2
2024.09.19	01:18:02.740	0.84176	0.84184			6
2024.09.19	01:18:03.418		0.84185			4
2024.09.19	01:18:03.732	0.84177	0.84184			6
2024.09.19	01:18:04.103	0.84176				2
2024.09.19	01:18:07.300		0.84185			4
2024.09.19	01:18:07.881	0.84175				2
2024.09.19	01:18:08.192	0.84174	0.84184			6
2024.09.19	01:18:08.498	0.84175	0.84185			6
2024.09.19	01:18:10.438	0.84174	0.84184			6
2024.09.19	01:18:11.103	0.84177	0.84186			6
2024.09.19	01:18:11.412	0.84178				2
2024.09.19	01:18:11.916	0.84176	0.84184			6
2024.09.19	01:18:15.815	0.84174				2
2024.09.19	01:18:16.631	0.84176				2
2024.09.19	01:18:18.997	0.84175				2
2024.09.19	01:18:20.357	0.84176				2
2024.09.19	01:18:21.391	0.84175				2
2024.09.19	01:18:26.435	0.84178	0.84185			6
2024.09.19	01:18:27.798	0.84179				2
2024.09.19	01:18:30.486	0.84174	0.84184			6
2024.09.19	01:18:31.578	0.84175				2
2024.09.19	01:18:34.731	0.84174				2
2024.09.19	01:18:37.356	0.84176				2
2024.09.19	01:18:42.101	0.84175				2
2024.09.19	01:18:42.453	0.84174				2
2024.09.19	01:18:42.818	0.84176				2
2024.09.19	01:18:44.331	0.84175				2
2024.09.19	01:18:44.702	0.84174				2
2024.09.19	01:19:00.065	0.84174				2
2024.09.19	01:19:00.443	0.84178	0.84188			6
2024.09.19	01:19:02.352		0.84189			4
2024.09.19	01:19:02.695	0.84174	0.84184			6
2024.09.19	01:19:03.362	0.84172				2
2024.09.19	01:19:03.742	0.84173				2
2024.09.19	01:19:04.049	0.84172				2
2024.09.19	01:19:05.552	0.84173	0.84185			6
2024.09.19	01:19:09.091	0.84174				2
2024.09.19	01:19:09.883	0.84173				2
2024.09.19	01:19:10.789	0.84174				2
2024.09.19	01:19:21.631	0.84175				2
2024.09.19	01:19:30.544	0.84173				2
2024.09.19	01:19:32.681	0.84175				2
2024.09.19	01:19:34.120		0.84186			4
2024.09.19	01:19:34.457	0.84176	0.84185			6
2024.09.19	01:19:45.175		0.84186			4
2024.09.19	01:19:49.080		0.84185			4
2024.09.19	01:19:50.545	0.84178	0.84186			6
2024.09.19	01:19:51.016	0.84179				2
2024.09.19	01:19:53.391	0.84178				2
2024.09.19	01:19:55.749		0.84185			4
2024.09.19	01:19:58.400	0.84179	0.84186			6
2024.09.19	01:19:58.743		0.84185			4
2024.09.19	01:19:59.621	0.84178				2
2024.09.19	01:20:00.326	0.84178				2
2024.09.19	01:20:02.349	0.84179				2
2024.09.19	01:20:04.731	0.84178				2
2024.09.19	01:20:06.995	0.84179				2
2024.09.19	01:20:09.959	0.84180				2
2024.09.19	01:20:11.537	0.84179				2
2024.09.19	01:20:13.384	0.84178				2
2024.09.19	01:20:15.259	0.84179				2
2024.09.19	01:20:19.002	0.84180	0.84186			6
2024.09.19	01:20:20.898	0.84179				2
2024.09.19	01:20:23.023	0.84180				2
2024.09.19	01:20:24.042	0.84179				2
2024.09.19	01:20:30.835	0.84180				2
2024.09.19	01:20:31.464	0.84179				2
2024.09.19	01:20:32.961	0.84183	0.84189			6
2024.09.19	01:20:33.342		0.84191			4
2024.09.19	01:20:34.890		0.84190			4
2024.09.19	01:20:35.214		0.84189			4
2024.09.19	01:20:38.612		0.84190			4
2024.09.19	01:20:39.342		0.84189			4
2024.09.19	01:20:41.600	0.84180				2
2024.09.19	01:20:41.934	0.84179	0.84190			6
2024.09.19	01:20:42.689	0.84180				2
2024.09.19	01:20:43.045	0.84179				2
2024.09.19	01:20:43.656	0.84180				2
2024.09.19	01:20:44.855	0.84183	0.84191			6
2024.09.19	01:20:45.620		0.84190			4
2024.09.19	01:20:48.518		0.84191			4
2024.09.19	01:20:53.049		0.84190			4
2024.09.19	01:21:00.391	0.84183				2
2024.09.19	01:21:10.388	0.84181	0.84191			6
2024.09.19	01:21:12.106		0.84190			4
2024.09.19	01:21:14.792		0.84191			4
2024.09.19	01:21:17.976		0.84190			4
2024.09.19	01:21:18.507	0.84180				2
2024.09.19	01:21:19.328	0.84182				2
2024.09.19	01:21:19.645	0.84179				2
2024.09.19	01:21:20.945	0.84178				2
2024.09.19	01:21:22.512	0.84179				2
2024.09.19	01:21:26.795	0.84178				2
2024.09.19	01:21:27.564	0.84181				2
2024.09.19	01:21:28.464	0.84180				2
2024.09.19	01:21:32.711	0.84181				2
2024.09.19	01:21:34.897	0.84180	0.84189			6
2024.09.19	01:21:35.258	0.84183	0.84190			6
2024.09.19	01:21:37.380	0.84182				2
2024.09.19	01:21:40.531	0.84180	0.84189			6
2024.09.19	01:21:40.929	0.84179				2
2024.09.19	01:21:41.459	0.84181	0.84190			6
2024.09.19	01:21:41.803	0.84180				2
2024.09.19	01:21:43.412	0.84181				2
2024.09.19	01:21:45.590	0.84180	0.84189			6
2024.09.19	01:21:45.906	0.84179	0.84190			6
2024.09.19	01:21:46.353	0.84181				2
2024.09.19	01:21:46.885	0.84180				2
2024.09.19	01:21:50.981	0.84182	0.84191			6
2024.09.19	01:21:51.750	0.84184				2
2024.09.19	01:21:53.539	0.84182				2
2024.09.19	01:22:00.362	0.84181				2
2024.09.19	01:22:03.876		0.84190			4
2024.09.19	01:22:04.626	0.84182				2
2024.09.19	01:22:05.269	0.84181				2
2024.09.19	01:22:06.556	0.84182	0.84191			6
2024.09.19	01:22:07.997	0.84181				2
2024.09.19	01:22:08.567	0.84182				2
2024.09.19	01:22:18.724	0.84179	0.84189			6
2024.09.19	01:22:19.051	0.84178				2
2024.09.19	01:22:22.613		0.84188			4
2024.09.19	01:22:25.741	0.84179				2
2024.09.19	01:22:31.861	0.84178	0.84189			6
2024.09.19	01:22:34.637		0.84188			4
2024.09.19	01:22:37.023	0.84177	0.84187			6
2024.09.19	01:22:37.348	0.84176				2
2024.09.19	01:22:37.895	0.84177				2
2024.09.19	01:22:40.301		0.84188			4
2024.09.19	01:22:41.713	0.84179	0.84189			6
2024.09.19	01:22:45.097		0.84188			4
2024.09.19	01:22:45.637		0.84189			4
2024.09.19	01:22:49.486		0.84188			4
2024.09.19	01:22:50.824	0.84178				2
2024.09.19	01:22:52.812	0.84179				2
2024.09.19	01:22:54.700		0.84189			4
2024.09.19	01:22:57.395		0.84188			4
2024.09.19	01:23:00.162	0.84178				2
2024.09.19	01:23:00.467		0.84187			4
2024.09.19	01:23:06.090	0.84179				2
2024.09.19	01:23:08.201	0.84178	0.84188			6
2024.09.19	01:23:09.812	0.84179				2
2024.09.19	01:23:26.628	0.84178	0.84187			6
2024.09.19	01:23:28.593		0.84186			4
2024.09.19	01:23:30.046	0.84176				2
2024.09.19	01:23:33.694	0.84177				2
2024.09.19	01:23:39.380	0.84178				2
2024.09.19	01:23:39.685	0.84177				2
2024.09.19	01:23:42.395		0.84187			4
2024.09.19	01:23:45.909	0.84180	0.84186			6
2024.09.19	01:23:48.713	0.84179	0.84187			6
2024.09.19	01:23:51.408	0.84178	0.84186			6
2024.09.19	01:23:52.620		0.84185			4
2024.09.19	01:24:00.181	0.84178				2
2024.09.19	01:24:03.702		0.84186			4
2024.09.19	01:24:10.596		0.84185			4
2024.09.19	01:24:12.149	0.84177	0.84186			6
2024.09.19	01:24:16.615	0.84178				2
2024.09.19	01:24:20.197	0.84177				2
2024.09.19	01:24:20.816	0.84178				2
2024.09.19	01:24:53.886	0.84179	0.84187			6
2024.09.19	01:24:55.977	0.84178				2
2024.09.19	01:24:57.550		0.84188			4
2024.09.19	01:24:57.911	0.84180				2
2024.09.19	01:24:59.619		0.84187			4
2024.09.19	01:25:00.676	0.84180				2
2024.09.19	01:25:02.510	0.84179				2
2024.09.19	01:25:09.386	0.84182				2
2024.09.19	01:25:29.192	0.84179	0.84184			6
2024.09.19	01:25:31.632	0.84178				2
2024.09.19	01:25:32.265	0.84176	0.84182			6
2024.09.19	01:25:35.676	0.84175	0.84180			6
2024.09.19	01:25:39.982		0.84181			4
2024.09.19	01:25:46.299		0.84180			4
2024.09.19	01:25:59.530	0.84174				2
2024.09.19	01:26:00.292	0.84175	0.84179			6
2024.09.19	01:26:00.631	0.84174	0.84180			6
2024.09.19	01:26:05.422	0.84170	0.84176			6
2024.09.19	01:26:15.493	0.84169	0.84175			6
2024.09.19	01:26:23.008	0.84170	0.84176			6
2024.09.19	01:26:24.904	0.84169	0.84175			6
2024.09.19	01:26:31.449	0.84168	0.84174			6
2024.09.19	01:26:36.692	0.84169	0.84175			6
2024.09.19	01:26:37.703	0.84170	0.84176			6
2024.09.19	01:26:52.314		0.84175			4
2024.09.19	01:26:53.771		0.84176			4
2024.09.19	01:26:55.125	0.84171	0.84174			6
2024.09.19	01:26:57.914	0.84170				2
2024.09.19	01:26:59.414	0.84171				2
2024.09.19	01:26:59.766		0.84176			4
2024.09.19	01:27:00.343	0.84171				2
2024.09.19	01:27:03.486		0.84177			4
2024.09.19	01:27:07.308		0.84175			4
2024.09.19	01:27:07.649	0.84172				2
2024.09.19	01:27:08.042	0.84171				2
2024.09.19	01:27:10.435		0.84177			4
2024.09.19	01:27:23.902		0.84176			4
2024.09.19	01:27:27.624		0.84177			4
2024.09.19	01:27:32.890	0.84172	0.84175			6
2024.09.19	01:27:34.024	0.84171				2
2024.09.19	01:27:39.289	0.84172				2
2024.09.19	01:27:45.673	0.84171				2
2024.09.19	01:27:48.917		0.84177			4
2024.09.19	01:27:56.311	0.84172				2
2024.09.19	01:27:58.262		0.84176			4
2024.09.19	01:28:00.337	0.84172				2
2024.09.19	01:28:01.895	0.84171				2
2024.09.19	01:28:02.267	0.84169	0.84172			6
2024.09.19	01:28:02.583	0.84168				2
2024.09.19	01:28:13.800	0.84165	0.84171			6
2024.09.19	01:28:14.976	0.84166				2
2024.09.19	01:28:19.622	0.84165				2
2024.09.19	01:28:22.486	0.84166				2
2024.09.19	01:28:31.594	0.84165				2
2024.09.19	01:28:32.025	0.84168	0.84173			6
2024.09.19	01:28:32.345	0.84167				2
2024.09.19	01:28:32.861	0.84169	0.84175			6
2024.09.19	01:28:37.113	0.84170	0.84174			6
2024.09.19	01:28:37.639	0.84169				2
2024.09.19	01:28:40.335	0.84168				2
2024.09.19	01:28:56.753	0.84169	0.84173			6
2024.09.19	01:28:57.630	0.84168				2
2024.09.19	01:29:00.188	0.84168				2
2024.09.19	01:29:01.560	0.84166	0.84171			6
2024.09.19	01:29:11.204	0.84165				2
2024.09.19	01:29:12.102		0.84170			4
2024.09.19	01:29:12.641		0.84171			4
2024.09.19	01:29:14.685	0.84166				2
2024.09.19	01:29:15.663	0.84165	0.84170			6
2024.09.19	01:29:17.192		0.84171			4
2024.09.19	01:29:17.696		0.84170			4
2024.09.19	01:29:21.634	0.84166	0.84171			6
2024.09.19	01:29:23.979	0.84165				2
2024.09.19	01:29:25.213		0.84168			4
2024.09.19	01:29:30.051		0.84169			4
2024.09.19	01:29:30.360		0.84168			4
2024.09.19	01:29:37.247		0.84170			4
2024.09.19	01:29:40.629	0.84164				2
2024.09.19	01:29:45.327	0.84165				2
2024.09.19	01:29:48.313		0.84171			4
2024.09.19	01:29:52.848		0.84170			4
2024.09.19	01:30:00.312	0.84165	0.84167			6
2024.09.19	01:30:01.894	0.84163				2
2024.09.19	01:30:02.687		0.84169			4
2024.09.19	01:30:03.915	0.84165				2
2024.09.19	01:30:04.693		0.84170			4
2024.09.19	01:30:10.902	0.84169	0.84174			6
2024.09.19	01:30:11.511	0.84170	0.84175			6
2024.09.19	01:30:12.246	0.84169				2
2024.09.19	01:30:16.769	0.84170				2
2024.09.19	01:30:17.192	0.84169				2
2024.09.19	01:30:17.504	0.84170				2
2024.09.19	01:30:18.330	0.84168	0.84174			6
2024.09.19	01:30:25.753	0.84169				2
2024.09.19	01:30:33.576		0.84175			4
2024.09.19	01:30:34.357	0.84168	0.84174			6
2024.09.19	01:30:40.862	0.84169	0.84175			6
2024.09.19	01:30:44.782	0.84170	0.84173			6
2024.09.19	01:30:45.991	0.84169	0.84175			6
2024.09.19	01:30:47.577		0.84174			4
2024.09.19	01:30:52.821	0.84170				2
2024.09.19	01:30:56.665	0.84169				2
2024.09.19	01:30:57.692	0.84170				2
2024.09.19	01:31:00.063	0.84170				2
2024.09.19	01:31:09.017		0.84176			4
2024.09.19	01:31:10.544		0.84175			4
2024.09.19	01:31:10.851		0.84176			4
2024.09.19	01:31:11.162		0.84175			4
2024.09.19	01:31:11.533	0.84169	0.84174			6
2024.09.19	01:31:24.282		0.84173			4
2024.09.19	01:31:24.780		0.84174			4
2024.09.19	01:31:25.588		0.84173			4
2024.09.19	01:31:27.750	0.84168				2
2024.09.19	01:31:32.337	0.84169				2
2024.09.19	01:31:32.817	0.84168				2
2024.09.19	01:31:37.702	0.84169	0.84174			6
2024.09.19	01:31:38.496		0.84173			4
2024.09.19	01:31:38.983	0.84168				2
2024.09.19	01:31:40.899		0.84172			4
2024.09.19	01:31:42.010	0.84167				2
2024.09.19	01:31:44.194		0.84173			4
2024.09.19	01:31:49.647		0.84172			4
2024.09.19	01:31:50.302		0.84173			4
2024.09.19	01:31:53.678	0.84170				2
2024.09.19	01:32:01.058	0.84170				2
2024.09.19	01:32:02.168	0.84167				2
2024.09.19	01:32:02.487		0.84172			4
2024.09.19	01:32:04.592	0.84166				2
2024.09.19	01:32:05.182	0.84167				2
2024.09.19	01:32:05.717		0.84173			4
2024.09.19	01:32:13.510	0.84168				2
2024.09.19	01:32:15.218	0.84171				2
2024.09.19	01:32:17.293	0.84170				2
2024.09.19	01:32:30.654	0.84169	0.84175			6
2024.09.19	01:32:31.644		0.84174			4
2024.09.19	01:32:33.523	0.84168				2
2024.09.19	01:32:49.820	0.84170	0.84175			6
2024.09.19	01:32:50.285	0.84167	0.84173			6
2024.09.19	01:33:00.359	0.84167				2
2024.09.19	01:33:08.117		0.84172			4
2024.09.19	01:33:08.794		0.84173			4
2024.09.19	01:33:15.121	0.84166	0.84172			6
2024.09.19	01:33:15.474	0.84167				2
2024.09.19	01:33:17.481	0.84166				2
2024.09.19	01:33:17.794	0.84167	0.84173			6
2024.09.19	01:33:24.161		0.84172			4
2024.09.19	01:33:24.478	0.84164	0.84168			6
2024.09.19	01:33:24.991	0.84165				2
2024.09.19	01:33:25.528		0.84169			4
2024.09.19	01:33:31.480		0.84167			4
2024.09.19	01:33:32.830		0.84169			4
2024.09.19	01:33:46.593	0.84164				2
2024.09.19	01:33:51.029	0.84165				2
2024.09.19	01:33:55.788	0.84166	0.84170			6
2024.09.19	01:33:59.191		0.84168			4
2024.09.19	01:33:59.995		0.84169			4
2024.09.19	01:34:00.318	0.84166				2
2024.09.19	01:34:01.182	0.84167				2
2024.09.19	01:34:04.522	0.84166				2
2024.09.19	01:34:09.246	0.84167	0.84170			6
2024.09.19	01:34:10.448		0.84169			4
2024.09.19	01:34:11.463	0.84165	0.84168			6
2024.09.19	01:34:12.700	0.84164				2
2024.09.19	01:34:21.213		0.84166			4
2024.09.19	01:34:22.245		0.84167			4
2024.09.19	01:34:33.393		0.84168			4
2024.09.19	01:34:51.111	0.84167	0.84172			6
2024.09.19	01:34:55.937	0.84166	0.84170			6
2024.09.19	01:34:56.291	0.84165	0.84168			6
2024.09.19	01:34:58.105		0.84169			4
2024.09.19	01:34:58.425		0.84168			4
2024.09.19	01:34:58.926	0.84166				2
2024.09.19	01:34:59.294		0.84169			4
2024.09.19	01:35:00.011	0.84166				2
2024.09.19	01:35:04.055		0.84170			4
2024.09.19	01:35:08.821		0.84169			4
2024.09.19	01:35:14.017	0.84165				2
2024.09.19	01:35:14.373	0.84166				2
2024.09.19	01:35:18.158	0.84165				2
2024.09.19	01:35:20.803	0.84166				2
2024.09.19	01:35:23.838	0.84165	0.84168			6
2024.09.19	01:35:46.335	0.84166				2
2024.09.19	01:35:46.883	0.84165				2
2024.09.19	01:35:49.260	0.84166				2
2024.09.19	01:35:52.153	0.84165				2
2024.09.19	01:36:00.263	0.84168	0.84172			6
2024.09.19	01:36:00.567	0.84167				2
2024.09.19	01:36:03.603	0.84169	0.84173			6
2024.09.19	01:36:05.718	0.84170	0.84174			6
2024.09.19	01:36:10.293	0.84169				2
2024.09.19	01:36:12.290	0.84170				2
2024.09.19	01:36:17.754	0.84169	0.84173			6
2024.09.19	01:36:21.092	0.84170				2
2024.09.19	01:36:21.545	0.84169				2
2024.09.19	01:36:21.863	0.84170				2
2024.09.19	01:36:28.570	0.84169				2
2024.09.19	01:36:38.619	0.84170				2
2024.09.19	01:36:50.384	0.84169				2
2024.09.19	01:36:54.664	0.84167	0.84171			6
2024.09.19	01:36:55.321	0.84166				2
2024.09.19	01:36:59.951	0.84167				2
2024.09.19	01:37:00.429	0.84166				2
2024.09.19	01:37:00.778	0.84167				2
2024.09.19	01:37:16.543	0.84166				2
2024.09.19	01:37:18.351	0.84167				2
2024.09.19	01:37:19.461		0.84172			4
2024.09.19	01:37:20.681	0.84168				2
2024.09.19	01:37:21.075	0.84167				2
2024.09.19	01:37:23.751		0.84171			4
2024.09.19	01:37:32.821	0.84166	0.84170			6
2024.09.19	01:37:33.902	0.84167	0.84171			6
2024.09.19	01:37:36.609	0.84166				2
2024.09.19	01:37:41.456	0.84167	0.84172			6
2024.09.19	01:37:43.946		0.84171			4
2024.09.19	01:37:49.476	0.84166				2
2024.09.19	01:37:50.404	0.84167				2
2024.09.19	01:37:50.904	0.84169	0.84172			6
2024.09.19	01:37:59.301	0.84167	0.84170			6
2024.09.19	01:37:59.691	0.84166				2
2024.09.19	01:38:00.004	0.84166				2
2024.09.19	01:38:01.906	0.84165	0.84167			6
2024.09.19	01:38:02.628		0.84168			4
2024.09.19	01:38:05.652	0.84166				2
2024.09.19	01:38:06.579	0.84165				2
2024.09.19	01:38:07.370	0.84166				2
2024.09.19	01:38:09.453		0.84167			4
2024.09.19	01:38:09.938	0.84164				2
2024.09.19	01:38:26.161	0.84165				2
2024.09.19	01:38:28.230	0.84166	0.84169			6
2024.09.19	01:38:33.508		0.84168			4
2024.09.19	01:38:34.202	0.84165				2
2024.09.19	01:38:38.115	0.84166	0.84169			6
2024.09.19	01:38:38.509		0.84168			4
2024.09.19	01:38:39.280	0.84165	0.84169			6
2024.09.19	01:38:46.037		0.84167			4
2024.09.19	01:38:55.376	0.84161	0.84165			6
2024.09.19	01:38:56.349		0.84166			4
2024.09.19	01:39:00.308	0.84162				2
2024.09.19	01:39:09.763	0.84161				2
2024.09.19	01:39:10.399	0.84162				2
2024.09.19	01:39:14.008	0.84161				2
2024.09.19	01:39:14.552		0.84165			4
2024.09.19	01:39:25.601	0.84160				2
2024.09.19	01:39:31.044	0.84161				2
2024.09.19	01:39:32.916	0.84159	0.84164			6
2024.09.19	01:39:34.159	0.84160				2
2024.09.19	01:39:37.954	0.84159	0.84165			6
2024.09.19	01:39:38.293		0.84164			4
2024.09.19	01:39:39.369	0.84160				2
2024.09.19	01:39:44.583	0.84161	0.84165			6
2024.09.19	01:39:47.363	0.84160	0.84166			6
2024.09.19	01:39:47.677	0.84161	0.84165			6
2024.09.19	01:39:51.530		0.84164			4
2024.09.19	01:39:55.876	0.84159				2
2024.09.19	01:39:58.937	0.84160				2
2024.09.19	01:40:00.437	0.84159				2
2024.09.19	01:40:01.173	0.84160				2
2024.09.19	01:40:01.559	0.84159	0.84163			6
2024.09.19	01:40:06.640	0.84160	0.84165			6
2024.09.19	01:40:10.226		0.84163			4
2024.09.19	01:40:10.528	0.84161				2
2024.09.19	01:40:16.940	0.84160				2
2024.09.19	01:40:28.891	0.84161				2
2024.09.19	01:40:32.662	0.84159				2
2024.09.19	01:40:33.230		0.84162			4
2024.09.19	01:40:37.265	0.84153	0.84156			6
2024.09.19	01:40:37.971	0.84151	0.84155			6
2024.09.19	01:40:39.301	0.84152	0.84154			6
2024.09.19	01:40:40.591	0.84151				2
2024.09.19	01:40:49.362	0.84150				2
2024.09.19	01:40:51.788	0.84151				2
2024.09.19	01:40:53.231		0.84155			4
2024.09.19	01:40:55.382		0.84154			4
2024.09.19	01:40:59.552	0.84152				2
2024.09.19	01:41:00.474	0.84152				2
2024.09.19	01:41:02.311	0.84151				2
2024.09.19	01:41:32.116		0.84155			4
2024.09.19	01:41:32.491	0.84152				2
2024.09.19	01:41:59.825	0.84153	0.84156			6
2024.09.19	01:42:00.579	0.84152				2
2024.09.19	01:42:03.408	0.84153				2
2024.09.19	01:42:04.351		0.84157			4
2024.09.19	01:42:37.252		0.84158			4
2024.09.19	01:42:37.615	0.84154				2
2024.09.19	01:42:53.219	0.84156	0.84159			6
2024.09.19	01:42:54.422	0.84155				2
2024.09.19	01:42:55.382		0.84157			4
2024.09.19	01:42:57.075	0.84154				2
2024.09.19	01:42:57.421	0.84155				2
2024.09.19	01:43:00.287	0.84155	0.84158			6
2024.09.19	01:43:02.421	0.84154				2
2024.09.19	01:43:03.117		0.84157			4
2024.09.19	01:43:09.644	0.84155				2
2024.09.19	01:43:15.684		0.84158			4
2024.09.19	01:43:21.691	0.84154	0.84157			6
2024.09.19	01:43:26.056		0.84158			4
2024.09.19	01:43:26.825		0.84156			4
2024.09.19	01:43:28.710	0.84153	0.84157			6
2024.09.19	01:43:34.477		0.84156			4
2024.09.19	01:43:35.209		0.84157			4
2024.09.19	01:43:36.736		0.84158			4
2024.09.19	01:43:37.221	0.84154				2
2024.09.19	01:43:40.894	0.84153				2
2024.09.19	01:43:45.182	0.84155				2
2024.09.19	01:43:45.486	0.84154				2
2024.09.19	01:43:46.442	0.84155				2
2024.09.19	01:43:47.901	0.84154				2
2024.09.19	01:43:48.486		0.84157			4
2024.09.19	01:43:59.089	0.84153				2
2024.09.19	01:44:00.264	0.84154				2
2024.09.19	01:44:35.688	0.84155				2
2024.09.19	01:44:36.432	0.84154				2
2024.09.19	01:44:41.612	0.84155				2
2024.09.19	01:44:50.202		0.84157			4
2024.09.19	01:44:58.377	0.84153	0.84158			6
2024.09.19	01:44:59.181	0.84155	0.84159			6
2024.09.19	01:45:00.306	0.84153	0.84157			6
2024.09.19	01:45:00.608	0.84154	0.84158			6
2024.09.19	01:45:00.923	0.84153	0.84155			6
2024.09.19	01:45:01.227		0.84156			4
2024.09.19	01:45:03.012	0.84152				2
2024.09.19	01:45:03.398	0.84153				2
2024.09.19	01:45:03.852	0.84152				2
2024.09.19	01:45:04.379	0.84153				2
2024.09.19	01:45:04.738	0.84154				2
2024.09.19	01:45:05.049	0.84153				2
2024.09.19	01:45:05.395		0.84158			4
2024.09.19	01:45:06.119	0.84154				2
2024.09.19	01:45:06.633	0.84153				2
2024.09.19	01:45:11.207	0.84152				2
2024.09.19	01:45:11.533	0.84153				2
2024.09.19	01:45:11.837	0.84154				2
2024.09.19	01:45:14.203		0.84157			4
2024.09.19	01:45:20.546	0.84152	0.84154			6
2024.09.19	01:45:21.585	0.84154	0.84156			6
2024.09.19	01:45:21.888	0.84155				2
2024.09.19	01:45:23.635	0.84156	0.84159			6
2024.09.19	01:45:24.013	0.84155				2
2024.09.19	01:45:24.371	0.84156				2
2024.09.19	01:45:25.982	0.84157	0.84162			6
2024.09.19	01:45:26.304	0.84158	0.84163			6
2024.09.19	01:45:29.199	0.84156	0.84159			6
2024.09.19	01:45:29.504	0.84152	0.84156			6
2024.09.19	01:45:30.657	0.84153				2
2024.09.19	01:45:34.654	0.84152				2
2024.09.19	01:45:34.964		0.84157			4
2024.09.19	01:45:36.499		0.84156			4
2024.09.19	01:45:38.192	0.84153				2
2024.09.19	01:45:39.994	0.84152				2
2024.09.19	01:45:44.429		0.84155			4
2024.09.19	01:45:45.226		0.84154			4
2024.09.19	01:45:49.342	0.84149	0.84153			6
2024.09.19	01:45:51.992	0.84146	0.84151			6
2024.09.19	01:45:52.726	0.84147	0.84152			6
2024.09.19	01:45:53.203	0.84146	0.84151			6
2024.09.19	01:46:00.182	0.84146				2
2024.09.19	01:46:00.508		0.84150			4
2024.09.19	01:46:00.823		0.84149			4
2024.09.19	01:46:01.863	0.84145				2
2024.09.19	01:46:02.618		0.84148			4
2024.09.19	01:46:09.092	0.84146				2
2024.09.19	01:46:09.968	0.84145				2
2024.09.19	01:46:11.787	0.84146	0.84150			6
2024.09.19	01:46:20.696	0.84150	0.84155			6
2024.09.19	01:46:24.368	0.84151				2
2024.09.19	01:46:24.682		0.84156			4
2024.09.19	01:46:25.412	0.84156	0.84159			6
2024.09.19	01:46:25.724		0.84161			4
2024.09.19	01:46:27.023	0.84157				2
2024.09.19	01:46:27.807	0.84156				2
2024.09.19	01:46:28.247	0.84157				2
2024.09.19	01:46:28.601	0.84156				2
2024.09.19	01:46:30.681		0.84162			4
2024.09.19	01:46:31.385	0.84153	0.84157			6
2024.09.19	01:46:40.699		0.84159			4
2024.09.19	01:46:42.317		0.84158			4
2024.09.19	01:46:49.770	0.84154	0.84159			6
2024.09.19	01:46:50.680		0.84160			4
2024.09.19	01:46:52.494		0.84159			4
2024.09.19	01:46:55.580		0.84158			4
2024.09.19	01:46:57.402	0.84153				2
2024.09.19	01:46:57.830	0.84154				2
2024.09.19	01:47:00.381	0.84154				2
2024.09.19	01:47:00.682	0.84153				2
2024.09.19	01:47:03.391	0.84154	0.84159			6
2024.09.19	01:47:08.448	0.84155				2
2024.09.19	01:47:13.486	0.84154	0.84157			6
2024.09.19	01:47:13.849	0.84155				2
2024.09.19	01:47:14.168		0.84159			4
2024.09.19	01:47:17.193		0.84158			4
2024.09.19	01:47:18.585		0.84159			4
2024.09.19	01:47:19.107	0.84154				2
2024.09.19	01:47:24.023	0.84153				2
2024.09.19	01:47:24.384	0.84151	0.84157			6
2024.09.19	01:47:26.976	0.84152				2
2024.09.19	01:47:30.324	0.84154				2
2024.09.19	01:47:51.952	0.84158	0.84159			6
2024.09.19	01:47:54.965	0.84157	0.84158			6
2024.09.19	01:47:57.132	0.84158	0.84159			6
2024.09.19	01:48:00.705	0.84158				2
2024.09.19	01:48:08.070	0.84161	0.84162			6
2024.09.19	01:48:15.151		0.84163			4
2024.09.19	01:48:15.470		0.84162			4
2024.09.19	01:48:18.162	0.84160	0.84161			6
2024.09.19	01:48:29.688	0.84159				2
2024.09.19	01:48:32.466		0.84160			4
2024.09.19	01:48:32.789	0.84158				2
2024.09.19	01:48:35.617	0.84157				2
2024.09.19	01:48:36.424	0.84158				2
2024.09.19	01:48:51.161		0.84159			4
2024.09.19	01:48:51.464	0.84152	0.84155			6
2024.09.19	01:48:53.189	0.84153				2
2024.09.19	01:48:55.706	0.84154				2
2024.09.19	01:48:56.231		0.84156			4
2024.09.19	01:48:59.369		0.84155			4
2024.09.19	01:49:00.759	0.84154				2
2024.09.19	01:49:03.635	0.84155	0.84157			6
2024.09.19	01:49:15.421		0.84156			4
2024.09.19	01:49:17.107		0.84157			4
2024.09.19	01:49:29.434	0.84156	0.84158			6
2024.09.19	01:49:29.742	0.84157	0.84159			6
2024.09.19	01:49:30.708	0.84158	0.84160			6
2024.09.19	01:49:34.376		0.84161			4
2024.09.19	01:49:45.808		0.84160			4
2024.09.19	01:49:50.674	0.84156	0.84158			6
2024.09.19	01:49:51.454	0.84157				2
2024.09.19	01:49:52.705		0.84159			4
2024.09.19	01:49:54.852	0.84156	0.84158			6
2024.09.19	01:49:55.497	0.84155	0.84157			6
2024.09.19	01:49:56.649	0.84153				2
2024.09.19	01:49:57.456		0.84156			4
2024.09.19	01:49:57.965		0.84157			4
2024.09.19	01:49:58.381	0.84152	0.84156			6
2024.09.19	01:49:59.418	0.84153				2
2024.09.19	01:49:59.725	0.84155				2
2024.09.19	01:50:00.103	0.84154				2
2024.09.19	01:50:04.370	0.84155				2
2024.09.19	01:50:04.763	0.84149	0.84152			6
2024.09.19	01:50:05.089	0.84150	0.84153			6
2024.09.19	01:50:09.425	0.84149	0.84151			6
2024.09.19	01:50:10.686		0.84153			4
2024.09.19	01:50:14.216		0.84154			4
2024.09.19	01:50:15.636		0.84153			4
2024.09.19	01:50:16.539	0.84148	0.84152			6
2024.09.19	01:50:19.938		0.84151			4
2024.09.19	01:50:22.750		0.84153			4
2024.09.19	01:50:23.781		0.84151			4
2024.09.19	01:50:29.137		0.84153			4
2024.09.19	01:50:30.361	0.84147	0.84150			6
2024.09.19	01:50:32.552	0.84149				2
2024.09.19	01:50:46.943	0.84148				2
2024.09.19	01:50:48.579	0.84150	0.84152			6
2024.09.19	01:50:48.888	0.84149	0.84151			6
2024.09.19	01:50:49.248		0.84152			4
2024.09.19	01:50:50.317	0.84150				2
2024.09.19	01:50:51.015	0.84144	0.84145			6
2024.09.19	01:50:51.324	0.84143	0.84144			6
2024.09.19	01:50:51.634	0.84144	0.84145			6
2024.09.19	01:50:55.712		0.84146			4
2024.09.19	01:50:56.289	0.84145	0.84147			6
2024.09.19	01:50:56.599	0.84147	0.84148			6
2024.09.19	01:51:00.520	0.84148	0.84151			6
2024.09.19	01:51:00.828		0.84150			4
2024.09.19	01:51:12.615		0.84149			4
2024.09.19	01:51:22.341		0.84150			4
2024.09.19	01:51:34.651	0.84147	0.84149			6
2024.09.19	01:51:40.342		0.84150			4
2024.09.19	01:52:00.191	0.84145	0.84147			6
2024.09.19	01:52:00.504	0.84144	0.84146			6
2024.09.19	01:52:00.810	0.84143	0.84144			6
2024.09.19	01:52:01.274	0.84144	0.84146			6
2024.09.19	01:52:21.296	0.84145				2
2024.09.19	01:52:29.312	0.84144				2
2024.09.19	01:52:34.372		0.84145			4
2024.09.19	01:52:37.717		0.84146			4
2024.09.19	01:52:38.122		0.84145			4
2024.09.19	01:52:39.465	0.84143	0.84144			6
2024.09.19	01:52:40.692		0.84145			4
2024.09.19	01:52:43.441		0.84144			4
2024.09.19	01:52:44.785	0.84145	0.84146			6
2024.09.19	01:53:00.421	0.84145				2
2024.09.19	01:53:01.528	0.84146	0.84148			6
2024.09.19	01:53:03.006	0.84147				2
2024.09.19	01:53:05.688	0.84148	0.84149			6
2024.09.19	01:53:06.332	0.84146	0.84147			6
2024.09.19	01:53:10.679	0.84148	0.84149			6
2024.09.19	01:53:20.386	0.84144	0.84145			6
2024.09.19	01:53:20.705		0.84146			4
2024.09.19	01:53:21.212		0.84145			4
2024.09.19	01:53:36.390	0.84145	0.84146			6
2024.09.19	01:53:44.501	0.84144	0.84145			6
2024.09.19	01:54:00.383	0.84144				2
2024.09.19	01:54:08.450	0.84145	0.84146			6
2024.09.19	01:54:09.092	0.84144	0.84145			6
2024.09.19	01:54:09.847		0.84146			4
2024.09.19	01:54:10.349	0.84145				2
2024.09.19	01:54:10.700	0.84144	0.84145			6
2024.09.19	01:54:12.360	0.84145	0.84146			6
2024.09.19	01:54:13.012	0.84144	0.84145			6
2024.09.19	01:54:16.741	0.84146	0.84148			6
2024.09.19	01:54:21.811		0.84150			4
2024.09.19	01:54:22.130		0.84149			4
2024.09.19	01:54:23.375		0.84150			4
2024.09.19	01:54:29.110	0.84148				2
2024.09.19	01:54:29.421	0.84149				2
2024.09.19	01:54:30.744	0.84151	0.84152			6
2024.09.19	01:54:33.849	0.84152	0.84154			6
2024.09.19	01:54:37.758	0.84151	0.84152			6
2024.09.19	01:54:47.746	0.84153	0.84154			6
2024.09.19	01:54:48.977		0.84155			4
2024.09.19	01:54:52.833		0.84154			4
2024.09.19	01:54:53.596	0.84152	0.84153			6
2024.09.19	01:55:00.225	0.84152				2
2024.09.19	01:55:08.098		0.84154			4
2024.09.19	01:55:08.780		0.84153			4
2024.09.19	01:55:14.090		0.84154			4
2024.09.19	01:55:21.182		0.84153			4
2024.09.19	01:55:27.214	0.84151	0.84152			6
2024.09.19	01:55:31.042	0.84150	0.84151			6
2024.09.19	01:55:31.391	0.84151	0.84152			6
2024.09.19	01:55:34.372	0.84150	0.84151			6
2024.09.19	01:55:39.377	0.84151	0.84152			6
2024.09.19	01:55:49.460	0.84150	0.84151			6
2024.09.19	01:55:50.768	0.84152	0.84153			6
2024.09.19	01:55:59.936	0.84151	0.84152			6
2024.09.19	01:56:00.273	0.84151				2
2024.09.19	01:56:12.175	0.84150	0.84151			6
2024.09.19	01:56:15.415	0.84151	0.84152			6
2024.09.19	01:56:39.094	0.84150	0.84151			6
2024.09.19	01:56:57.335	0.84149	0.84150			6
2024.09.19	01:56:59.519	0.84148	0.84149			6
2024.09.19	01:57:00.427	0.84148				2
2024.09.19	01:57:15.641	0.84149	0.84150			6
2024.09.19	01:57:15.954	0.84148	0.84149			6
2024.09.19	01:57:16.263	0.84149	0.84150			6
2024.09.19	01:57:19.623	0.84148	0.84149			6
2024.09.19	01:57:21.066	0.84149	0.84150			6
2024.09.19	01:57:26.443	0.84148	0.84149			6
2024.09.19	01:57:30.381	0.84149	0.84150			6
2024.09.19	01:57:55.276	0.84151	0.84152			6
2024.09.19	01:57:55.584	0.84150	0.84151			6
2024.09.19	01:57:57.708	0.84151	0.84152			6
2024.09.19	01:58:00.207	0.84151				2
2024.09.19	01:58:41.331		0.84153			4
2024.09.19	01:58:41.648	0.84152				2
2024.09.19	01:58:41.952	0.84151	0.84152			6
2024.09.19	01:58:55.645	0.84152	0.84153			6
2024.09.19	01:59:02.206	0.84152				2
2024.09.19	01:59:55.814		0.84153			4
2024.09.19	01:59:58.354	0.84153	0.84154			6
2024.09.19	02:00:00.154	0.84152	0.84153			6
2024.09.19	02:00:01.541	0.84151	0.84152			6
2024.09.19	02:00:04.528	0.84152	0.84153			6
2024.09.19	02:00:06.160	0.84151	0.84152			6
2024.09.19	02:00:15.401	0.84150	0.84151			6
2024.09.19	02:00:16.384	0.84148	0.84152			6
2024.09.19	02:00:22.584	0.84149				2
2024.09.19	02:00:23.022	0.84148				2
2024.09.19	02:00:24.981	0.84149	0.84151			6
2024.09.19	02:00:33.382	0.84148	0.84152			6
2024.09.19	02:00:33.852	0.84149	0.84151			6
2024.09.19	02:00:38.854		0.84150			4
2024.09.19	02:00:46.887	0.84148				2
2024.09.19	02:00:48.032		0.84149			4
2024.09.19	02:00:52.874	0.84149	0.84150			6
2024.09.19	02:00:54.757	0.84148	0.84149			6
2024.09.19	02:01:00.194	0.84148				2
2024.09.19	02:01:04.644	0.84150	0.84151			6
2024.09.19	02:01:16.501	0.84151	0.84152			6
2024.09.19	02:01:57.829	0.84150	0.84155			6
2024.09.19	02:01:58.251	0.84151	0.84153			6
2024.09.19	02:01:58.579	0.84150				2
2024.09.19	02:02:00.324	0.84151				2
2024.09.19	02:02:00.804	0.84152				2
2024.09.19	02:02:04.509	0.84151				2
2024.09.19	02:02:09.114	0.84152				2
2024.09.19	02:02:16.367	0.84153	0.84154			6
2024.09.19	02:02:17.476	0.84152	0.84153			6
2024.09.19	02:02:18.758	0.84151	0.84154			6
2024.09.19	02:02:19.361		0.84155			4
2024.09.19	02:02:35.523		0.84156			4
2024.09.19	02:02:37.821		0.84154			4
2024.09.19	02:02:41.703		0.84156			4
2024.09.19	02:02:52.838	0.84152				2
2024.09.19	02:02:53.805		0.84155			4
2024.09.19	02:02:54.434	0.84153	0.84154			6
2024.09.19	02:02:55.463	0.84152				2
2024.09.19	02:02:55.766		0.84153			4
2024.09.19	02:02:58.595	0.84151	0.84156			6
2024.09.19	02:02:59.750	0.84152				2
2024.09.19	02:03:00.313	0.84152	0.84154			6
2024.09.19	02:03:02.942	0.84153				2
2024.09.19	02:03:03.538	0.84152	0.84153			6
2024.09.19	02:03:04.003	0.84153	0.84154			6
2024.09.19	02:03:05.243	0.84156	0.84157			6
2024.09.19	02:03:06.719	0.84157	0.84161			6
2024.09.19	02:03:07.035	0.84158				2
2024.09.19	02:03:07.346		0.84159			4
2024.09.19	02:03:10.882	0.84157	0.84158			6
2024.09.19	02:03:16.206	0.84159	0.84160			6
2024.09.19	02:03:22.264	0.84158	0.84159			6
2024.09.19	02:03:23.868	0.84157	0.84158			6
2024.09.19	02:03:27.728	0.84156				2
2024.09.19	02:03:28.845	0.84157				2
2024.09.19	02:03:30.397	0.84156				2
2024.09.19	02:03:30.936	0.84157				2
2024.09.19	02:03:35.005	0.84153	0.84154			6
2024.09.19	02:03:39.669		0.84155			4
2024.09.19	02:03:47.386		0.84154			4
2024.09.19	02:03:47.764	0.84152	0.84153			6
2024.09.19	02:03:49.544	0.84155	0.84156			6
2024.09.19	02:03:51.777	0.84154				2
2024.09.19	02:03:52.081	0.84153	0.84155			6
2024.09.19	02:04:00.985	0.84153				2
2024.09.19	02:04:02.151	0.84154				2
2024.09.19	02:04:14.086	0.84156	0.84157			6
2024.09.19	02:04:27.703	0.84155	0.84158			6
2024.09.19	02:04:29.521	0.84156	0.84157			6
2024.09.19	02:04:35.015	0.84151	0.84152			6
2024.09.19	02:04:35.324	0.84152	0.84153			6
2024.09.19	02:04:37.194	0.84153	0.84154			6
2024.09.19	02:04:37.505	0.84152	0.84153			6
2024.09.19	02:04:39.781	0.84153	0.84154			6
2024.09.19	02:04:40.319	0.84152	0.84153			6
2024.09.19	02:04:41.600	0.84153	0.84154			6
2024.09.19	02:04:47.807	0.84152	0.84153			6
2024.09.19	02:04:49.541	0.84153	0.84154			6
2024.09.19	02:04:50.255	0.84152	0.84153			6
2024.09.19	02:04:53.055	0.84153	0.84154			6
2024.09.19	02:04:59.192	0.84152	0.84153			6
2024.09.19	02:05:00.270	0.84152				2
2024.09.19	02:05:09.213	0.84149	0.84150			6
2024.09.19	02:05:11.414	0.84150	0.84151			6
2024.09.19	02:05:13.178	0.84148	0.84149			6
2024.09.19	02:05:13.529	0.84147	0.84148			6
2024.09.19	02:05:23.496	0.84148	0.84149			6
2024.09.19	02:05:23.864	0.84146	0.84148			6
2024.09.19	02:05:24.358	0.84147				2
2024.09.19	02:05:29.457	0.84148	0.84149			6
2024.09.19	02:05:30.919	0.84147	0.84148			6
2024.09.19	02:05:32.444	0.84148	0.84149			6
2024.09.19	02:05:39.856	0.84149	0.84150			6
2024.09.19	02:05:40.625	0.84150	0.84151			6
2024.09.19	02:05:44.519	0.84149	0.84150			6
2024.09.19	02:05:57.163	0.84148	0.84149			6
2024.09.19	02:06:00.323	0.84148				2
2024.09.19	02:06:05.169	0.84149	0.84150			6
2024.09.19	02:06:05.472	0.84148	0.84149			6
2024.09.19	02:06:07.176	0.84147	0.84148			6
2024.09.19	02:06:08.444		0.84149			4
2024.09.19	02:06:09.594	0.84148				2
2024.09.19	02:06:10.510	0.84147				2
2024.09.19	02:06:10.870	0.84149	0.84150			6
2024.09.19	02:06:16.255	0.84148				2
2024.09.19	02:06:17.186	0.84150	0.84151			6
2024.09.19	02:06:22.168	0.84151	0.84152			6
2024.09.19	02:06:23.501	0.84147	0.84150			6
2024.09.19	02:06:24.693	0.84148	0.84149			6
2024.09.19	02:06:25.589	0.84149	0.84150			6
2024.09.19	02:06:42.534	0.84148	0.84149			6
2024.09.19	02:06:43.321	0.84147	0.84150			6
2024.09.19	02:06:43.722	0.84146				2
2024.09.19	02:06:45.409	0.84147	0.84149			6
2024.09.19	02:06:53.045		0.84148			4
2024.09.19	02:07:00.493	0.84147	0.84149			6
2024.09.19	02:07:01.299		0.84148			4
2024.09.19	02:07:03.738	0.84148	0.84149			6
2024.09.19	02:07:08.561	0.84146	0.84147			6
2024.09.19	02:07:08.863	0.84147	0.84148			6
2024.09.19	02:07:09.943	0.84148	0.84149			6
2024.09.19	02:07:24.524	0.84147				2
2024.09.19	02:07:29.656	0.84148				2
2024.09.19	02:07:30.400	0.84147				2
2024.09.19	02:07:30.703	0.84148	0.84150			6
2024.09.19	02:07:31.720		0.84149			4
2024.09.19	02:07:40.715		0.84151			4
2024.09.19	02:07:41.054	0.84149	0.84150			6
2024.09.19	02:07:41.724		0.84151			4
2024.09.19	02:07:44.401	0.84150				2
2024.09.19	02:07:46.827		0.84152			4
2024.09.19	02:07:49.959	0.84149	0.84151			6
2024.09.19	02:07:57.010	0.84150				2
2024.09.19	02:08:00.268	0.84150				2
2024.09.19	02:08:15.925	0.84151	0.84152			6
2024.09.19	02:08:16.491	0.84150	0.84151			6
2024.09.19	02:08:16.854	0.84151	0.84152			6
2024.09.19	02:08:17.336	0.84150	0.84151			6
2024.09.19	02:08:19.535	0.84151	0.84152			6
2024.09.19	02:08:20.015	0.84150				2
2024.09.19	02:08:20.678	0.84151				2
2024.09.19	02:08:21.720	0.84152	0.84153			6
2024.09.19	02:08:22.385	0.84153	0.84154			6
2024.09.19	02:08:22.701	0.84152	0.84153			6
2024.09.19	02:08:24.283	0.84153	0.84154			6
2024.09.19	02:08:33.222	0.84152	0.84153			6
2024.09.19	02:08:36.127	0.84151				2
2024.09.19	02:08:40.539	0.84152	0.84154			6
2024.09.19	02:08:41.670	0.84153				2
2024.09.19	02:08:42.577	0.84154	0.84155			6
2024.09.19	02:08:46.742	0.84153	0.84154			6
2024.09.19	02:08:50.538	0.84154	0.84155			6
2024.09.19	02:08:51.522	0.84153	0.84154			6
2024.09.19	02:08:52.282	0.84154	0.84155			6
2024.09.19	02:08:52.809	0.84153	0.84154			6
2024.09.19	02:08:57.458	0.84155	0.84156			6
2024.09.19	02:09:00.188	0.84155				2
2024.09.19	02:09:05.176	0.84156	0.84157			6
2024.09.19	02:09:17.007	0.84152	0.84153			6
2024.09.19	02:09:18.541	0.84151	0.84152			6
2024.09.19	02:09:22.759	0.84149	0.84150			6
2024.09.19	02:09:23.771		0.84151			4
2024.09.19	02:09:31.409	0.84148	0.84150			6
2024.09.19	02:09:36.328	0.84147	0.84151			6
2024.09.19	02:09:37.311		0.84148			4
2024.09.19	02:09:37.681	0.84148	0.84149			6
2024.09.19	02:09:38.157	0.84149	0.84150			6
2024.09.19	02:09:46.307	0.84150	0.84151			6
2024.09.19	02:09:55.473	0.84151	0.84152			6
2024.09.19	02:09:56.389	0.84150	0.84151			6
2024.09.19	02:10:00.179	0.84150				2
2024.09.19	02:10:05.710	0.84151	0.84152			6
2024.09.19	02:10:29.876	0.84150	0.84151			6
2024.09.19	02:10:30.207	0.84149	0.84150			6
2024.09.19	02:10:35.789	0.84150	0.84151			6
2024.09.19	02:10:47.395	0.84151	0.84152			6
2024.09.19	02:11:00.791	0.84151				2
2024.09.19	02:11:05.601	0.84150	0.84151			6
2024.09.19	02:11:05.920	0.84149	0.84150			6
2024.09.19	02:11:26.873	0.84147	0.84148			6
2024.09.19	02:11:36.273	0.84148	0.84149			6
2024.09.19	02:11:45.300	0.84150	0.84151			6
2024.09.19	02:11:53.786	0.84148	0.84149			6
2024.09.19	02:11:55.188	0.84147	0.84148			6
2024.09.19	02:12:00.063	0.84147				2
2024.09.19	02:12:07.072	0.84148	0.84149			6
2024.09.19	02:12:16.606	0.84149	0.84150			6
2024.09.19	02:12:23.450	0.84148	0.84149			6
2024.09.19	02:12:39.478	0.84147	0.84148			6
2024.09.19	02:12:43.646	0.84148	0.84149			6
2024.09.19	02:12:48.561	0.84147	0.84148			6
2024.09.19	02:13:00.703	0.84147				2
2024.09.19	02:13:02.602	0.84148	0.84149			6
2024.09.19	02:13:02.924	0.84147	0.84148			6
2024.09.19	02:13:03.388		0.84149			4
2024.09.19	02:13:13.444		0.84148			4
2024.09.19	02:13:17.072	0.84148	0.84149			6
2024.09.19	02:13:20.677	0.84147	0.84148			6
2024.09.19	02:14:00.348	0.84147				2
2024.09.19	02:14:01.755		0.84149			4
2024.09.19	02:14:07.793		0.84148			4
2024.09.19	02:14:08.383		0.84149			4
2024.09.19	02:14:08.769		0.84148			4
2024.09.19	02:14:10.619	0.84148	0.84149			6
2024.09.19	02:14:12.485	0.84147	0.84148			6
2024.09.19	02:14:21.971	0.84148	0.84149			6
2024.09.19	02:14:29.841	0.84149	0.84150			6
2024.09.19	02:14:30.142	0.84150	0.84151			6
2024.09.19	02:14:38.849	0.84152	0.84153			6
2024.09.19	02:14:40.650	0.84153	0.84154			6
2024.09.19	02:14:40.967	0.84154	0.84155			6
2024.09.19	02:14:47.763	0.84153	0.84154			6
2024.09.19	02:14:48.294	0.84154	0.84155			6
2024.09.19	02:14:58.479	0.84153	0.84154			6
2024.09.19	02:15:00.071	0.84153				2
2024.09.19	02:15:34.374	0.84154	0.84155			6
2024.09.19	02:15:36.446	0.84153	0.84154			6
2024.09.19	02:15:50.837	0.84152	0.84153			6
2024.09.19	02:15:55.670	0.84153	0.84154			6
2024.09.19	02:15:59.414	0.84155	0.84156			6
2024.09.19	02:16:01.063	0.84155				2
2024.09.19	02:16:56.008	0.84154	0.84155			6
2024.09.19	02:16:56.329	0.84155	0.84156			6
2024.09.19	02:16:56.636	0.84154	0.84155			6
2024.09.19	02:16:58.065	0.84155	0.84156			6
2024.09.19	02:16:58.452	0.84154	0.84155			6
2024.09.19	02:17:00.321	0.84153	0.84154			6
2024.09.19	02:17:00.687	0.84154	0.84155			6
2024.09.19	02:17:01.139	0.84155	0.84156			6
2024.09.19	02:17:02.431	0.84156	0.84157			6
2024.09.19	02:17:03.043	0.84157	0.84158			6
2024.09.19	02:17:05.979	0.84159	0.84160			6
2024.09.19	02:17:06.345	0.84161	0.84162			6
2024.09.19	02:17:07.257	0.84160	0.84161			6
2024.09.19	02:17:11.546		0.84163			4
2024.09.19	02:17:13.283	0.84161	0.84162			6
2024.09.19	02:17:16.421	0.84160	0.84161			6
2024.09.19	02:17:27.469	0.84161	0.84162			6
2024.09.19	02:17:30.615	0.84160	0.84161			6
2024.09.19	02:17:34.710	0.84157	0.84158			6
2024.09.19	02:17:39.402	0.84158	0.84159			6
2024.09.19	02:17:40.729	0.84159	0.84160			6
2024.09.19	02:17:41.041	0.84158	0.84159			6
2024.09.19	02:17:42.019	0.84159	0.84160			6
2024.09.19	02:17:47.856	0.84160	0.84161			6
2024.09.19	02:17:50.491		0.84162			4
2024.09.19	02:17:51.010		0.84163			4
2024.09.19	02:17:58.774		0.84162			4
2024.09.19	02:17:59.802		0.84163			4
2024.09.19	02:18:00.261	0.84160				2
2024.09.19	02:18:00.594		0.84162			4
2024.09.19	02:18:01.590		0.84161			4
2024.09.19	02:18:02.515		0.84163			4
2024.09.19	02:18:03.901		0.84164			4
2024.09.19	02:18:07.487		0.84161			4
2024.09.19	02:18:11.189	0.84159	0.84160			6
2024.09.19	02:18:13.767	0.84160	0.84161			6
2024.09.19	02:18:14.163	0.84163	0.84164			6
2024.09.19	02:18:14.781	0.84162	0.84163			6
2024.09.19	02:18:17.744	0.84161	0.84162			6
2024.09.19	02:18:29.470	0.84162	0.84163			6
2024.09.19	02:18:33.647	0.84161	0.84162			6
2024.09.19	02:18:40.629	0.84164	0.84165			6
2024.09.19	02:18:42.892	0.84163	0.84164			6
2024.09.19	02:18:45.818	0.84164	0.84165			6
2024.09.19	02:18:46.122	0.84165	0.84166			6
2024.09.19	02:18:48.987	0.84166	0.84167			6
2024.09.19	02:18:49.339	0.84167	0.84168			6
2024.09.19	02:19:00.357	0.84167				2
2024.09.19	02:19:01.832	0.84166	0.84167			6
2024.09.19	02:19:03.150	0.84162	0.84163			6
2024.09.19	02:19:16.546	0.84161	0.84162			6
2024.09.19	02:19:17.963	0.84162	0.84163			6
2024.09.19	02:19:20.363	0.84161	0.84162			6
2024.09.19	02:19:22.264	0.84162	0.84163			6
2024.09.19	02:19:25.995	0.84164	0.84165			6
2024.09.19	02:19:26.332	0.84166	0.84167			6
2024.09.19	02:19:36.787	0.84174	0.84175			6
2024.09.19	02:19:51.804	0.84175	0.84176			6
2024.09.19	02:19:52.128	0.84174	0.84175			6
2024.09.19	02:19:58.526	0.84175	0.84176			6
2024.09.19	02:20:00.311	0.84175				2
2024.09.19	02:20:09.209	0.84176	0.84177			6
2024.09.19	02:20:11.676	0.84177	0.84178			6
2024.09.19	02:20:17.371	0.84176	0.84177			6
2024.09.19	02:20:19.211	0.84177	0.84178			6
2024.09.19	02:20:22.288	0.84172	0.84173			6
2024.09.19	02:20:22.885	0.84171	0.84172			6
2024.09.19	02:20:25.447	0.84172	0.84173			6
2024.09.19	02:20:29.590	0.84171	0.84172			6
2024.09.19	02:20:32.733	0.84175	0.84176			6
2024.09.19	02:20:35.086	0.84176	0.84177			6
2024.09.19	02:20:38.444	0.84178	0.84179			6
2024.09.19	02:20:38.747	0.84179	0.84180			6
2024.09.19	02:20:40.029	0.84180	0.84181			6
2024.09.19	02:20:54.601	0.84179	0.84180			6
2024.09.19	02:20:55.052	0.84177	0.84178			6
2024.09.19	02:21:00.022	0.84177				2
2024.09.19	02:21:05.390	0.84175	0.84176			6
2024.09.19	02:21:06.077	0.84176	0.84177			6
2024.09.19	02:21:09.226	0.84175	0.84176			6
2024.09.19	02:21:10.314	0.84176	0.84177			6
2024.09.19	02:21:14.034	0.84172	0.84173			6
2024.09.19	02:21:14.352	0.84173	0.84174			6
2024.09.19	02:21:15.402	0.84172	0.84173			6
2024.09.19	02:21:18.831	0.84171	0.84172			6
2024.09.19	02:21:26.735	0.84172	0.84173			6
2024.09.19	02:21:31.639	0.84171	0.84175			6
2024.09.19	02:21:31.944	0.84172	0.84173			6
2024.09.19	02:21:34.611	0.84173	0.84174			6
2024.09.19	02:21:34.970	0.84172	0.84173			6
2024.09.19	02:21:56.246		0.84176			4
2024.09.19	02:21:59.747		0.84173			4
2024.09.19	02:22:00.368	0.84173	0.84174			6
2024.09.19	02:22:04.876	0.84174	0.84175			6
2024.09.19	02:22:07.308	0.84175	0.84176			6
2024.09.19	02:22:20.618	0.84177	0.84178			6
2024.09.19	02:22:39.572	0.84176	0.84177			6
2024.09.19	02:22:42.264		0.84178			4
2024.09.19	02:22:43.013	0.84177				2
2024.09.19	02:22:44.005	0.84176	0.84177			6
2024.09.19	02:22:46.302		0.84179			4
2024.09.19	02:22:59.402	0.84175				2
2024.09.19	02:23:00.425	0.84176				2
2024.09.19	02:23:01.237	0.84177	0.84178			6
2024.09.19	02:23:01.543	0.84178	0.84179			6
2024.09.19	02:23:15.155	0.84177	0.84182			6
2024.09.19	02:23:20.586	0.84178				2
2024.09.19	02:23:21.870	0.84177				2
2024.09.19	02:23:22.816	0.84178				2
2024.09.19	02:23:24.920	0.84177				2
2024.09.19	02:23:25.964	0.84178				2
2024.09.19	02:23:27.277	0.84179	0.84180			6
2024.09.19	02:23:27.593	0.84180	0.84181			6
2024.09.19	02:23:35.547	0.84181	0.84186			6
2024.09.19	02:23:35.864		0.84185			4
2024.09.19	02:23:36.350	0.84182				2
2024.09.19	02:23:36.744	0.84181				2
2024.09.19	02:23:37.308	0.84183	0.84184			6
2024.09.19	02:23:39.313	0.84182	0.84183			6
2024.09.19	02:23:40.329	0.84183	0.84184			6
2024.09.19	02:23:40.712	0.84181	0.84182			6
2024.09.19	02:23:41.076	0.84182	0.84183			6
2024.09.19	02:23:51.085	0.84181	0.84182			6
2024.09.19	02:23:51.435	0.84180	0.84181			6
2024.09.19	02:23:53.935	0.84177	0.84178			6
2024.09.19	02:23:54.257	0.84178	0.84179			6
2024.09.19	02:23:54.649	0.84177	0.84178			6
2024.09.19	02:24:00.315	0.84177				2
2024.09.19	02:24:05.849	0.84176	0.84177			6
2024.09.19	02:24:07.647	0.84175	0.84178			6
2024.09.19	02:24:07.964		0.84176			4
2024.09.19	02:24:11.940	0.84176	0.84177			6
2024.09.19	02:24:18.261	0.84175	0.84178			6
2024.09.19	02:24:20.810	0.84176				2
2024.09.19	02:24:22.208		0.84177			4
2024.09.19	02:24:32.943	0.84177	0.84178			6
2024.09.19	02:24:37.348	0.84176				2
2024.09.19	02:24:37.664	0.84175				2
2024.09.19	02:24:45.046	0.84176				2
2024.09.19	02:24:45.806		0.84179			4
2024.09.19	02:24:46.157	0.84175				2
2024.09.19	02:24:46.963	0.84176	0.84178			6
2024.09.19	02:24:48.150		0.84180			4
2024.09.19	02:24:51.363	0.84177				2
2024.09.19	02:24:51.713	0.84176				2
2024.09.19	02:24:52.394		0.84181			4
2024.09.19	02:24:54.983	0.84178	0.84179			6
2024.09.19	02:24:57.167	0.84177	0.84178			6
2024.09.19	02:24:58.371	0.84180	0.84181			6
2024.09.19	02:24:59.418	0.84179	0.84180			6
2024.09.19	02:25:00.045	0.84179				2
2024.09.19	02:25:00.361	0.84180	0.84182			6
2024.09.19	02:25:00.664	0.84181				2
2024.09.19	02:25:12.547	0.84180	0.84181			6
2024.09.19	02:25:26.730	0.84178	0.84179			6
2024.09.19	02:25:27.259	0.84177	0.84178			6
2024.09.19	02:25:27.781		0.84179			4
2024.09.19	02:25:28.262	0.84178				2
2024.09.19	02:25:35.267	0.84177	0.84178			6
2024.09.19	02:25:39.508	0.84178	0.84179			6
2024.09.19	02:25:40.410	0.84177	0.84178			6
2024.09.19	02:25:41.049	0.84175				2
2024.09.19	02:25:41.861	0.84176				2
2024.09.19	02:25:48.823	0.84178	0.84179			6
2024.09.19	02:26:00.477	0.84178				2
2024.09.19	02:26:06.534	0.84177	0.84178			6
2024.09.19	02:26:07.442	0.84178	0.84179			6
2024.09.19	02:26:08.830	0.84179	0.84180			6
2024.09.19	02:26:09.149	0.84180	0.84181			6
2024.09.19	02:26:14.600	0.84185	0.84186			6
2024.09.19	02:26:15.949	0.84187	0.84188			6
2024.09.19	02:26:16.264	0.84188	0.84189			6
2024.09.19	02:26:21.927	0.84187	0.84190			6
2024.09.19	02:26:22.675	0.84188	0.84189			6
2024.09.19	02:26:29.392	0.84187	0.84188			6
2024.09.19	02:26:30.363	0.84188	0.84189			6
2024.09.19	02:26:31.429	0.84187	0.84188			6
2024.09.19	02:26:31.817	0.84189	0.84190			6
2024.09.19	02:26:34.864	0.84190	0.84191			6
2024.09.19	02:26:38.314	0.84188	0.84189			6
2024.09.19	02:26:42.379		0.84190			4
2024.09.19	02:26:43.650	0.84190	0.84191			6
2024.09.19	02:26:43.977	0.84189	0.84190			6
2024.09.19	02:26:46.409	0.84190	0.84191			6
2024.09.19	02:26:47.877	0.84191	0.84192			6
2024.09.19	02:26:54.798	0.84190	0.84191			6
2024.09.19	02:26:55.110	0.84188	0.84189			6
2024.09.19	02:26:56.796	0.84187	0.84188			6
2024.09.19	02:27:00.500	0.84187				2
2024.09.19	02:27:00.897	0.84186	0.84187			6
2024.09.19	02:27:04.041	0.84188	0.84189			6
2024.09.19	02:27:18.321	0.84189	0.84190			6
2024.09.19	02:27:25.320	0.84188	0.84189			6
2024.09.19	02:27:25.674	0.84192	0.84193			6
2024.09.19	02:27:26.426	0.84193	0.84194			6
2024.09.19	02:27:28.581	0.84192	0.84193			6
2024.09.19	02:27:36.267	0.84188	0.84189			6
2024.09.19	02:27:37.989	0.84192	0.84194			6
2024.09.19	02:27:38.304	0.84194	0.84195			6
2024.09.19	02:27:38.669	0.84195	0.84196			6
2024.09.19	02:27:39.417	0.84193	0.84194			6
2024.09.19	02:27:40.961	0.84191	0.84193			6
2024.09.19	02:27:41.263	0.84192				2
2024.09.19	02:27:42.394	0.84193	0.84194			6
2024.09.19	02:27:42.707	0.84191	0.84192			6
2024.09.19	02:27:48.105	0.84189	0.84190			6
2024.09.19	02:27:48.476	0.84188	0.84189			6
2024.09.19	02:27:52.372	0.84186	0.84190			6
2024.09.19	02:27:54.596	0.84185				2
2024.09.19	02:27:56.711		0.84187			4
2024.09.19	02:27:57.475	0.84186				2
2024.09.19	02:28:00.100	0.84185				2
2024.09.19	02:28:00.439	0.84186	0.84188			6
2024.09.19	02:28:02.266	0.84185				2
2024.09.19	02:28:03.091		0.84187			4
2024.09.19	02:28:05.024	0.84186				2
2024.09.19	02:28:15.753	0.84185				2
2024.09.19	02:28:16.073	0.84186				2
2024.09.19	02:28:20.458	0.84185				2
2024.09.19	02:28:21.133	0.84186				2
2024.09.19	02:28:21.588	0.84185				2
2024.09.19	02:28:25.519		0.84190			4
2024.09.19	02:28:25.845		0.84189			4
2024.09.19	02:28:26.345		0.84190			4
2024.09.19	02:28:30.497	0.84184	0.84189			6
2024.09.19	02:28:30.804		0.84190			4
2024.09.19	02:28:38.612	0.84185				2
2024.09.19	02:28:40.849	0.84187				2
2024.09.19	02:28:45.395	0.84188				2
2024.09.19	02:28:49.307	0.84189				2
2024.09.19	02:28:52.844	0.84190	0.84192			6
2024.09.19	02:28:56.438		0.84191			4
2024.09.19	02:29:01.710	0.84188	0.84189			6
2024.09.19	02:29:05.632	0.84189	0.84190			6
2024.09.19	02:29:12.460		0.84191			4
2024.09.19	02:29:12.764		0.84190			4
2024.09.19	02:29:18.635	0.84190	0.84191			6
2024.09.19	02:29:20.355	0.84189	0.84190			6
2024.09.19	02:29:22.057	0.84190	0.84191			6
2024.09.19	02:29:23.444	0.84192	0.84193			6
2024.09.19	02:29:23.748	0.84193	0.84194			6
2024.09.19	02:29:39.270	0.84195	0.84196			6
2024.09.19	02:29:41.344	0.84198	0.84199			6
2024.09.19	02:29:42.872	0.84197	0.84198			6
2024.09.19	02:29:52.457	0.84196	0.84197			6
2024.09.19	02:29:55.441	0.84197	0.84198			6
2024.09.19	02:29:56.610	0.84196	0.84197			6
2024.09.19	02:30:00.681	0.84196				2
2024.09.19	02:30:03.572	0.84195	0.84196			6
2024.09.19	02:30:11.506	0.84193	0.84194			6
2024.09.19	02:30:20.990	0.84192	0.84193			6
2024.09.19	02:30:23.852	0.84187	0.84188			6
2024.09.19	02:30:25.572	0.84189	0.84191			6
2024.09.19	02:30:25.883		0.84192			4
2024.09.19	02:30:26.646		0.84194			4
2024.09.19	02:30:27.092	0.84190	0.84195			6
2024.09.19	02:30:27.400	0.84189	0.84194			6
2024.09.19	02:30:28.311		0.84193			4
2024.09.19	02:30:29.214	0.84190	0.84194			6
2024.09.19	02:30:29.524		0.84192			4
2024.09.19	02:30:31.598	0.84189	0.84191			6
2024.09.19	02:30:35.960	0.84188	0.84190			6
2024.09.19	02:30:41.167	0.84189				2
2024.09.19	02:30:42.110	0.84188	0.84189			6
2024.09.19	02:30:43.643	0.84189	0.84190			6
2024.09.19	02:31:00.204	0.84189				2
2024.09.19	02:31:02.176	0.84188	0.84189			6
2024.09.19	02:31:06.170	0.84186	0.84187			6
2024.09.19	02:31:12.200	0.84187	0.84188			6
2024.09.19	02:31:36.389	0.84188	0.84189			6
2024.09.19	02:31:38.751	0.84187	0.84188			6
2024.09.19	02:31:39.450	0.84188	0.84189			6
2024.09.19	02:31:45.346	0.84187	0.84188			6
2024.09.19	02:31:47.634	0.84188	0.84189			6
2024.09.19	02:31:48.558	0.84187	0.84188			6
2024.09.19	02:31:48.875	0.84186	0.84187			6
2024.09.19	02:31:49.421	0.84187	0.84188			6
2024.09.19	02:31:55.821	0.84186	0.84187			6
2024.09.19	02:32:00.383	0.84186				2
2024.09.19	02:32:11.754	0.84188	0.84189			6
2024.09.19	02:32:18.545	0.84189	0.84190			6
2024.09.19	02:32:21.540	0.84187	0.84188			6
2024.09.19	02:32:22.854	0.84188	0.84189			6
2024.09.19	02:32:24.775	0.84186	0.84187			6
2024.09.19	02:32:27.598	0.84187	0.84188			6
2024.09.19	02:32:31.983	0.84184	0.84185			6
2024.09.19	02:32:37.107	0.84186	0.84187			6
2024.09.19	02:32:40.932	0.84187	0.84188			6
2024.09.19	02:32:43.864	0.84190	0.84191			6
2024.09.19	02:32:47.284	0.84191	0.84192			6
2024.09.19	02:32:51.191	0.84190				2
2024.09.19	02:32:51.796	0.84189	0.84191			6
2024.09.19	02:32:52.106	0.84190				2
2024.09.19	02:32:56.194	0.84191	0.84192			6
2024.09.19	02:32:59.196	0.84190	0.84191			6
2024.09.19	02:33:00.120	0.84190				2
2024.09.19	02:33:02.760		0.84192			4
2024.09.19	02:33:04.179		0.84191			4
2024.09.19	02:33:04.855	0.84189	0.84193			6
2024.09.19	02:33:05.683		0.84192			4
2024.09.19	02:33:06.052	0.84190	0.84191			6
2024.09.19	02:33:06.507	0.84189	0.84190			6
2024.09.19	02:33:07.152	0.84190	0.84191			6
2024.09.19	02:33:07.824		0.84192			4
2024.09.19	02:33:11.918	0.84191				2
2024.09.19	02:33:12.566	0.84190	0.84191			6
2024.09.19	02:33:14.447		0.84194			4
2024.09.19	02:33:14.823		0.84191			4
2024.09.19	02:33:16.663		0.84192			4
2024.09.19	02:33:17.187	0.84188	0.84189			6
2024.09.19	02:33:25.208	0.84187	0.84188			6
2024.09.19	02:33:27.398	0.84189	0.84190			6
2024.09.19	02:33:29.176	0.84190	0.84191			6
2024.09.19	02:33:30.717	0.84189	0.84190			6
2024.09.19	02:33:32.806	0.84190	0.84191			6
2024.09.19	02:33:35.247	0.84189				2
2024.09.19	02:33:35.686		0.84192			4
2024.09.19	02:33:36.492	0.84190	0.84193			6
2024.09.19	02:33:36.805	0.84189	0.84192			6
2024.09.19	02:33:37.719	0.84190				2
2024.09.19	02:33:38.374	0.84189				2
2024.09.19	02:33:38.875	0.84190				2
2024.09.19	02:33:39.184	0.84189	0.84190			6
2024.09.19	02:33:40.705	0.84190	0.84192			6
2024.09.19	02:33:43.194	0.84189				2
2024.09.19	02:33:43.710	0.84190	0.84194			6
2024.09.19	02:33:44.372		0.84195			4
2024.09.19	02:33:44.751		0.84192			4
2024.09.19	02:33:45.106		0.84194			4
2024.09.19	02:33:45.989		0.84192			4
2024.09.19	02:33:47.052	0.84189				2
2024.09.19	02:33:47.356	0.84192	0.84196			6
2024.09.19	02:33:47.666	0.84193	0.84195			6
2024.09.19	02:33:49.038	0.84194	0.84197			6
2024.09.19	02:33:49.343		0.84198			4
2024.09.19	02:33:49.887	0.84196	0.84197			6
2024.09.19	02:33:50.522	0.84197	0.84198			6
2024.09.19	02:33:51.416	0.84198	0.84199			6
2024.09.19	02:33:54.153	0.84197	0.84198			6
2024.09.19	02:33:55.433	0.84199	0.84200			6
2024.09.19	02:33:57.053		0.84202			4
2024.09.19	02:33:57.713		0.84200			4
2024.09.19	02:34:00.634	0.84199				2
2024.09.19	02:34:02.868	0.84197	0.84198			6
2024.09.19	02:34:05.479	0.84198	0.84199			6
2024.09.19	02:34:05.782	0.84197	0.84198			6
2024.09.19	02:34:06.825	0.84199	0.84201			6
2024.09.19	02:34:07.138		0.84202			4
2024.09.19	02:34:13.329		0.84201			4
2024.09.19	02:34:13.801	0.84198				2
2024.09.19	02:34:17.964		0.84200			4
2024.09.19	02:34:22.705	0.84196	0.84197			6
2024.09.19	02:34:31.249	0.84197	0.84198			6
2024.09.19	02:34:34.286	0.84196	0.84197			6
2024.09.19	02:34:41.543	0.84197	0.84198			6
2024.09.19	02:34:43.480	0.84196	0.84197			6
2024.09.19	02:34:44.386	0.84192	0.84193			6
2024.09.19	02:34:45.059	0.84191	0.84192			6
2024.09.19	02:34:45.363	0.84193	0.84194			6
2024.09.19	02:34:45.665	0.84192	0.84193			6
2024.09.19	02:34:55.823	0.84195	0.84196			6
2024.09.19	02:35:00.320	0.84195				2
2024.09.19	02:35:02.306	0.84194	0.84195			6
2024.09.19	02:35:11.620	0.84195	0.84196			6
2024.09.19	02:35:12.706	0.84197	0.84198			6
2024.09.19	02:35:13.973	0.84198	0.84199			6
2024.09.19	02:35:17.089	0.84197	0.84198			6
2024.09.19	02:35:19.039	0.84198	0.84199			6
2024.09.19	02:35:22.208	0.84197	0.84198			6
2024.09.19	02:35:44.665	0.84200	0.84202			6
2024.09.19	02:35:44.984		0.84203			4
2024.09.19	02:35:45.299		0.84201			4
2024.09.19	02:35:45.604	0.84199	0.84202			6
2024.09.19	02:35:46.205	0.84198	0.84199			6
2024.09.19	02:35:50.763	0.84199	0.84201			6
2024.09.19	02:35:52.841		0.84202			4
2024.09.19	02:35:55.430	0.84198				2
2024.09.19	02:35:56.614	0.84196	0.84197			6
2024.09.19	02:35:57.233	0.84195	0.84196			6
2024.09.19	02:35:57.542	0.84194	0.84195			6
2024.09.19	02:35:59.392	0.84195	0.84196			6
2024.09.19	02:35:59.783	0.84194	0.84195			6
2024.09.19	02:36:00.115	0.84194				2
2024.09.19	02:36:02.248	0.84195	0.84196			6
2024.09.19	02:36:03.921		0.84197			4
2024.09.19	02:36:04.546	0.84194	0.84196			6
2024.09.19	02:36:04.965		0.84195			4
2024.09.19	02:36:17.911		0.84196			4
2024.09.19	02:36:18.557		0.84197			4
2024.09.19	02:36:19.838	0.84193	0.84195			6
2024.09.19	02:36:27.526	0.84192	0.84193			6
2024.09.19	02:36:27.841	0.84193	0.84194			6
2024.09.19	02:36:29.396	0.84195	0.84198			6
2024.09.19	02:36:33.477	0.84194	0.84196			6
2024.09.19	02:36:34.164		0.84198			4
2024.09.19	02:36:34.480		0.84197			4
2024.09.19	02:36:37.010		0.84198			4
2024.09.19	02:36:40.147	0.84195				2
2024.09.19	02:36:47.592		0.84199			4
2024.09.19	02:36:50.346	0.84193	0.84197			6
2024.09.19	02:36:50.691		0.84196			4
2024.09.19	02:36:53.595		0.84194			4
2024.09.19	02:36:53.902	0.84192	0.84193			6
2024.09.19	02:36:54.545	0.84193	0.84194			6
2024.09.19	02:37:00.354	0.84194	0.84196			6
2024.09.19	02:37:00.741	0.84192	0.84193			6
2024.09.19	02:37:03.754	0.84195	0.84197			6
2024.09.19	02:37:04.083	0.84194				2
2024.09.19	02:37:10.487	0.84193	0.84196			6
2024.09.19	02:37:11.918	0.84194				2
2024.09.19	02:37:12.251	0.84195	0.84198			6
2024.09.19	02:37:12.868	0.84196				2
2024.09.19	02:37:17.281	0.84194				2
2024.09.19	02:37:17.812	0.84195				2
2024.09.19	02:37:23.537	0.84193	0.84195			6
2024.09.19	02:37:23.844	0.84194				2
2024.09.19	02:37:25.414	0.84193				2
2024.09.19	02:37:31.383		0.84196			4
2024.09.19	02:37:46.411		0.84194			4
2024.09.19	02:37:46.802		0.84195			4
2024.09.19	02:37:47.103		0.84194			4
2024.09.19	02:37:50.191	0.84192				2
2024.09.19	02:38:00.443	0.84193				2
2024.09.19	02:38:07.408	0.84192				2
2024.09.19	02:38:08.409	0.84193				2
2024.09.19	02:38:10.584	0.84192				2
2024.09.19	02:38:12.449	0.84193				2
2024.09.19	02:38:16.443	0.84192				2
2024.09.19	02:38:20.441	0.84193	0.84196			6
2024.09.19	02:38:20.756		0.84195			4
2024.09.19	02:38:22.546	0.84194				2
2024.09.19	02:38:22.864	0.84193	0.84197			6
2024.09.19	02:38:23.962		0.84194			4
2024.09.19	02:38:33.448		0.84195			4
2024.09.19	02:38:36.432		0.84194			4
2024.09.19	02:38:41.207	0.84194	0.84195			6
2024.09.19	02:38:41.596	0.84193	0.84194			6
2024.09.19	02:38:53.079		0.84195			4
2024.09.19	02:39:00.440	0.84193				2
2024.09.19	02:39:02.417	0.84194				2
2024.09.19	02:39:02.725	0.84195	0.84198			6
2024.09.19	02:39:03.083		0.84197			4
2024.09.19	02:39:03.393		0.84198			4
2024.09.19	02:39:10.391	0.84194	0.84195			6
2024.09.19	02:39:20.257	0.84196	0.84198			6
2024.09.19	02:39:20.564	0.84195				2
2024.09.19	02:39:20.881	0.84196	0.84197			6
2024.09.19	02:39:21.704	0.84195	0.84196			6
2024.09.19	02:39:22.027	0.84196	0.84197			6
2024.09.19	02:39:26.921	0.84195	0.84198			6
2024.09.19	02:39:27.229	0.84196				2
2024.09.19	02:39:27.648	0.84195	0.84197			6
2024.09.19	02:39:28.082	0.84196				2
2024.09.19	02:39:30.111	0.84195				2
2024.09.19	02:39:31.666	0.84196				2
2024.09.19	02:39:34.275	0.84195				2
2024.09.19	02:39:35.160	0.84196				2
2024.09.19	02:39:38.274	0.84195				2
2024.09.19	02:39:40.462	0.84196				2
2024.09.19	02:39:44.217	0.84195	0.84196			6
2024.09.19	02:39:44.565	0.84196	0.84197			6
2024.09.19	02:39:47.263	0.84195	0.84196			6
2024.09.19	02:39:50.400	0.84196	0.84197			6
2024.09.19	02:39:58.207	0.84195	0.84198			6
2024.09.19	02:39:58.518	0.84196				2
2024.09.19	02:39:59.246		0.84197			4
2024.09.19	02:40:00.482	0.84196	0.84198			6
2024.09.19	02:40:01.414	0.84195				2
2024.09.19	02:40:02.088	0.84196	0.84197			6
2024.09.19	02:40:02.682		0.84198			4
2024.09.19	02:40:03.004	0.84195				2
2024.09.19	02:40:04.344	0.84196				2
2024.09.19	02:40:07.054	0.84195				2
2024.09.19	02:40:07.790	0.84196				2
2024.09.19	02:40:10.660		0.84197			4
2024.09.19	02:40:13.234		0.84199			4
2024.09.19	02:40:14.285	0.84198				2
2024.09.19	02:40:14.603	0.84197	0.84198			6
2024.09.19	02:40:16.810	0.84196	0.84197			6
2024.09.19	02:40:20.806	0.84195	0.84196			6
2024.09.19	02:40:22.347	0.84194	0.84195			6
2024.09.19	02:40:23.856	0.84193	0.84194			6
2024.09.19	02:40:24.161	0.84194	0.84195			6
2024.09.19	02:40:27.500	0.84195	0.84196			6
2024.09.19	02:40:31.371	0.84196	0.84197			6
2024.09.19	02:40:34.136	0.84198	0.84199			6
2024.09.19	02:40:34.444	0.84197	0.84198			6
2024.09.19	02:40:36.266	0.84196	0.84197			6
2024.09.19	02:41:00.077	0.84196				2
2024.09.19	02:41:05.632	0.84195	0.84196			6
2024.09.19	02:41:13.589	0.84196	0.84197			6
2024.09.19	02:41:15.028	0.84195	0.84196			6
2024.09.19	02:41:16.024	0.84196	0.84197			6
2024.09.19	02:41:21.767	0.84193	0.84194			6
2024.09.19	02:41:22.495	0.84194	0.84195			6
2024.09.19	02:41:23.329	0.84193	0.84194			6
2024.09.19	02:41:27.284	0.84196	0.84197			6
2024.09.19	02:41:27.612	0.84195	0.84196			6
2024.09.19	02:41:29.839	0.84196	0.84197			6
2024.09.19	02:41:35.891	0.84197	0.84198			6
2024.09.19	02:41:38.426	0.84198	0.84199			6
2024.09.19	02:41:38.753	0.84197	0.84198			6
2024.09.19	02:41:40.606	0.84196	0.84197			6
2024.09.19	02:41:41.419	0.84197	0.84198			6
2024.09.19	02:41:52.228	0.84198	0.84199			6
2024.09.19	02:41:53.962	0.84197	0.84198			6
2024.09.19	02:42:00.201	0.84197				2
2024.09.19	02:42:05.180	0.84198	0.84199			6
2024.09.19	02:42:06.925	0.84197	0.84198			6
2024.09.19	02:42:07.381	0.84198	0.84199			6
2024.09.19	02:42:13.628	0.84197				2
2024.09.19	02:42:13.943		0.84198			4
2024.09.19	02:42:23.993	0.84195				2
2024.09.19	02:42:25.770	0.84196	0.84197			6
2024.09.19	02:42:32.343	0.84199	0.84200			6
2024.09.19	02:42:35.593	0.84197	0.84198			6
2024.09.19	02:42:41.978	0.84199	0.84200			6
2024.09.19	02:42:50.677	0.84197	0.84198			6
2024.09.19	02:42:59.105	0.84196	0.84197			6
2024.09.19	02:42:59.407	0.84197	0.84198			6
2024.09.19	02:42:59.756	0.84196	0.84197			6
2024.09.19	02:43:00.089	0.84197	0.84198			6
2024.09.19	02:43:16.187	0.84196	0.84197			6
2024.09.19	02:43:26.428	0.84197	0.84198			6
2024.09.19	02:43:26.742	0.84198	0.84199			6
2024.09.19	02:43:44.941	0.84197	0.84198			6
2024.09.19	02:43:45.997	0.84198	0.84199			6
2024.09.19	02:44:00.891	0.84198				2
2024.09.19	02:44:05.454	0.84197	0.84198			6
2024.09.19	02:44:08.002	0.84198	0.84199			6
2024.09.19	02:44:09.533	0.84197	0.84198			6
2024.09.19	02:44:13.378	0.84196	0.84197			6
2024.09.19	02:44:14.348	0.84197	0.84198			6
2024.09.19	02:44:14.729	0.84196	0.84197			6
2024.09.19	02:44:15.169	0.84197	0.84198			6
2024.09.19	02:44:20.924	0.84196	0.84197			6
2024.09.19	02:44:25.763	0.84197	0.84198			6
2024.09.19	02:44:26.645	0.84196	0.84197			6
2024.09.19	02:44:32.257	0.84197	0.84198			6
2024.09.19	02:44:33.081	0.84196	0.84197			6
2024.09.19	02:44:33.548	0.84197	0.84198			6
2024.09.19	02:44:35.725	0.84196	0.84197			6
2024.09.19	02:44:39.035	0.84197	0.84198			6
2024.09.19	02:44:39.620	0.84196	0.84197			6
2024.09.19	02:44:50.207	0.84197	0.84198			6
2024.09.19	02:44:50.523	0.84198	0.84199			6
2024.09.19	02:44:56.636	0.84197	0.84198			6
2024.09.19	02:44:58.289	0.84198	0.84199			6
2024.09.19	02:44:59.350	0.84197	0.84198			6
2024.09.19	02:45:00.349	0.84197				2
2024.09.19	02:45:07.181	0.84198	0.84199			6
2024.09.19	02:45:07.492	0.84197	0.84198			6
2024.09.19	02:45:13.760	0.84196	0.84197			6
2024.09.19	02:45:14.126	0.84197	0.84198			6
2024.09.19	02:45:18.869	0.84196	0.84197			6
2024.09.19	02:45:38.123	0.84195	0.84196			6
2024.09.19	02:45:44.111	0.84193	0.84194			6
2024.09.19	02:45:44.742	0.84194	0.84195			6
2024.09.19	02:45:45.095	0.84193	0.84194			6
2024.09.19	02:45:45.464	0.84194	0.84195			6
2024.09.19	02:45:46.307	0.84196	0.84197			6
2024.09.19	02:45:56.005	0.84198	0.84199			6
2024.09.19	02:45:56.321	0.84197	0.84198			6
2024.09.19	02:45:56.673	0.84198	0.84199			6
2024.09.19	02:45:58.827	0.84197	0.84198			6
2024.09.19	02:45:59.895	0.84198	0.84199			6
2024.09.19	02:46:00.416	0.84198				2
2024.09.19	02:46:00.942	0.84197	0.84198			6
2024.09.19	02:46:02.195		0.84199			4
