<DATE>	<TIME>	<BID>	<ASK>	<LAST>	<VOLUME>	<FLAGS>
2024.11.05	00:00:00.435	0.83887	0.84028			6
2024.11.05	00:00:00.921	0.83874	0.84054			6
2024.11.05	00:00:02.081	0.83870	0.84050			6
2024.11.05	00:00:30.781	0.83889	0.84060			6
2024.11.05	00:00:39.806	0.83890				2
2024.11.05	00:01:10.814	0.83890				2
2024.11.05	00:01:34.697		0.84060			4
2024.11.05	00:02:01.375	0.83890				2
2024.11.05	00:02:08.498	0.83871	0.84051			6
2024.11.05	00:02:09.514	0.83890	0.84060			6
2024.11.05	00:03:20.844	0.83890	0.84060			6
2024.11.05	00:04:02.480	0.83889				2
2024.11.05	00:04:21.961		0.84060			4
2024.11.05	00:04:23.688		0.84028			4
2024.11.05	00:04:24.189		0.84060			4
2024.11.05	00:04:35.974		0.84045			4
2024.11.05	00:05:00.637	0.83889	0.84022			6
2024.11.05	00:05:01.384	0.83912	0.84015			6
2024.11.05	00:05:43.593		0.83992			4
2024.11.05	00:05:44.160		0.83995			4
2024.11.05	00:05:48.356		0.83994			4
2024.11.05	00:05:50.327		0.83993			4
2024.11.05	00:05:54.365		0.83992			4
2024.11.05	00:05:56.341		0.83990			4
2024.11.05	00:06:00.831	0.83912	0.83992			6
2024.11.05	00:06:01.144		0.83993			4
2024.11.05	00:06:01.859	0.83927				2
2024.11.05	00:06:06.600		0.83991			4
2024.11.05	00:06:27.950		0.83990			4
2024.11.05	00:06:40.327		0.83989			4
2024.11.05	00:06:42.820		0.83991			4
2024.11.05	00:06:47.882		0.83989			4
2024.11.05	00:07:03.695	0.83927				2
2024.11.05	00:07:18.913		0.83990			4
2024.11.05	00:07:24.250		0.83989			4
2024.11.05	00:07:30.816		0.84000			4
2024.11.05	00:07:31.143		0.83983			4
2024.11.05	00:07:32.393		0.83989			4
2024.11.05	00:07:42.359		0.83984			4
2024.11.05	00:08:01.932	0.83930				2
2024.11.05	00:08:06.405		0.83983			4
2024.11.05	00:08:32.364		0.83986			4
2024.11.05	00:08:48.376		0.83984			4
2024.11.05	00:09:00.374	0.83930				2
2024.11.05	00:09:08.359		0.83983			4
2024.11.05	00:09:27.636		0.83998			4
2024.11.05	00:10:00.351	0.83937				2
2024.11.05	00:10:27.674		0.83998			4
2024.11.05	00:10:34.774	0.83938				2
2024.11.05	00:10:56.001		0.83966			4
2024.11.05	00:10:58.558		0.83997			4
2024.11.05	00:11:01.469	0.83938				2
2024.11.05	00:11:23.665	0.83937				2
2024.11.05	00:11:37.758	0.83936				2
2024.11.05	00:11:49.750	0.83937				2
2024.11.05	00:11:51.754	0.83936				2
2024.11.05	00:11:52.393	0.83931				2
2024.11.05	00:11:53.647	0.83932				2
2024.11.05	00:11:59.704		0.83997			4
2024.11.05	00:12:00.468	0.83932				2
2024.11.05	00:12:49.419		0.83996			4
2024.11.05	00:12:50.363		0.83997			4
2024.11.05	00:13:00.384	0.83932				2
2024.11.05	00:13:02.132		0.83996			4
2024.11.05	00:13:12.335		0.83995			4
2024.11.05	00:13:13.593	0.83936	0.83997			6
2024.11.05	00:13:16.753	0.83937				2
2024.11.05	00:13:17.760	0.83938				2
2024.11.05	00:14:02.376	0.83938				2
2024.11.05	00:14:15.930		0.83997			4
2024.11.05	00:15:00.412	0.83938				2
2024.11.05	00:15:17.038		0.83997			4
2024.11.05	00:15:35.769	0.83937				2
2024.11.05	00:15:36.763	0.83938				2
2024.11.05	00:15:50.053	0.83944				2
2024.11.05	00:15:55.461	0.83945				2
2024.11.05	00:15:59.543	0.83947				2
2024.11.05	00:16:01.366	0.83947				2
2024.11.05	00:16:01.801	0.83946				2
2024.11.05	00:16:03.701	0.83947				2
2024.11.05	00:16:05.751	0.83946				2
2024.11.05	00:16:08.844	0.83947				2
2024.11.05	00:16:09.164	0.83948				2
2024.11.05	00:16:10.083	0.83949				2
2024.11.05	00:16:10.692	0.83950				2
2024.11.05	00:16:11.302	0.83948				2
2024.11.05	00:16:11.603	0.83949				2
2024.11.05	00:16:11.905	0.83948				2
2024.11.05	00:16:12.222	0.83950				2
2024.11.05	00:16:13.763	0.83948				2
2024.11.05	00:16:14.073	0.83949				2
2024.11.05	00:16:14.382	0.83950				2
2024.11.05	00:16:14.687	0.83949				2
2024.11.05	00:16:15.307	0.83950				2
2024.11.05	00:16:15.623	0.83949				2
2024.11.05	00:16:15.943	0.83948				2
2024.11.05	00:16:16.548	0.83950				2
2024.11.05	00:16:16.863	0.83951				2
2024.11.05	00:16:17.175	0.83949	0.83997			6
2024.11.05	00:16:17.803	0.83948				2
2024.11.05	00:16:18.123	0.83949				2
2024.11.05	00:16:18.443	0.83948				2
2024.11.05	00:16:18.746	0.83951				2
2024.11.05	00:16:19.053	0.83950				2
2024.11.05	00:16:20.003	0.83949				2
2024.11.05	00:16:20.313	0.83950				2
2024.11.05	00:16:20.614	0.83949				2
2024.11.05	00:16:20.923	0.83950				2
2024.11.05	00:16:21.244	0.83951				2
2024.11.05	00:16:21.563	0.83947				2
2024.11.05	00:16:22.203	0.83946				2
2024.11.05	00:16:23.122	0.83945				2
2024.11.05	00:16:23.423	0.83946				2
2024.11.05	00:16:23.728	0.83944				2
2024.11.05	00:16:24.043	0.83945				2
2024.11.05	00:16:24.346	0.83946				2
2024.11.05	00:16:24.983	0.83947				2
2024.11.05	00:16:25.283	0.83945				2
2024.11.05	00:16:25.587	0.83946				2
2024.11.05	00:16:25.902	0.83945				2
2024.11.05	00:16:26.204	0.83946				2
2024.11.05	00:16:26.823	0.83945				2
2024.11.05	00:16:27.445	0.83947				2
2024.11.05	00:16:27.762	0.83946				2
2024.11.05	00:16:29.303	0.83945				2
2024.11.05	00:16:29.922	0.83946				2
2024.11.05	00:16:30.543	0.83944				2
2024.11.05	00:16:30.848	0.83946				2
2024.11.05	00:16:31.463	0.83947				2
2024.11.05	00:16:32.083	0.83944				2
2024.11.05	00:16:32.396	0.83946				2
2024.11.05	00:16:33.004	0.83947				2
2024.11.05	00:16:33.624	0.83946				2
2024.11.05	00:16:34.242	0.83944				2
2024.11.05	00:16:34.550	0.83947				2
2024.11.05	00:16:35.930	0.83946				2
2024.11.05	00:16:36.256	0.83947				2
2024.11.05	00:16:42.579	0.83946				2
2024.11.05	00:17:00.477	0.83948	0.84026			6
2024.11.05	00:17:05.961		0.84025			4
2024.11.05	00:17:06.263		0.84020			4
2024.11.05	00:17:08.319	0.83947	0.84021			6
2024.11.05	00:17:10.367		0.84023			4
2024.11.05	00:17:11.390		0.84021			4
2024.11.05	00:17:15.379	0.83945	0.84023			6
2024.11.05	00:17:15.695	0.83947				2
2024.11.05	00:17:16.356		0.84022			4
2024.11.05	00:17:16.750		0.84023			4
2024.11.05	00:17:19.775		0.84021			4
2024.11.05	00:17:20.358		0.84020			4
2024.11.05	00:17:21.676	0.83946	0.84019			6
2024.11.05	00:17:25.761		0.84017			4
2024.11.05	00:17:26.358		0.84016			4
2024.11.05	00:17:27.031		0.84021			4
2024.11.05	00:17:35.248	0.83945	0.84022			6
2024.11.05	00:17:37.771		0.84021			4
2024.11.05	00:17:40.358	0.83946	0.84018			6
2024.11.05	00:17:40.761		0.84017			4
2024.11.05	00:17:44.790	0.83947	0.84018			6
2024.11.05	00:17:47.467		0.84020			4
2024.11.05	00:17:50.960		0.84019			4
2024.11.05	00:17:52.400	0.83948	0.84021			6
2024.11.05	00:17:57.576	0.83942	0.83979			6
2024.11.05	00:17:59.535	0.83945	0.84020			6
2024.11.05	00:18:00.155	0.83945				2
2024.11.05	00:18:01.230	0.83946	0.84019			6
2024.11.05	00:18:01.542		0.84018			4
2024.11.05	00:18:01.921	0.83944				2
2024.11.05	00:18:06.991		0.84019			4
2024.11.05	00:18:07.887		0.84027			4
2024.11.05	00:18:09.787		0.84022			4
2024.11.05	00:18:11.634		0.84020			4
2024.11.05	00:18:12.732		0.84017			4
2024.11.05	00:18:18.078		0.84026			4
2024.11.05	00:18:20.735		0.84030			4
2024.11.05	00:18:34.764		0.84020			4
2024.11.05	00:18:36.039	0.83945				2
2024.11.05	00:18:36.756		0.84018			4
2024.11.05	00:18:38.517		0.84019			4
2024.11.05	00:18:40.159	0.83944				2
2024.11.05	00:18:40.734		0.84020			4
2024.11.05	00:18:43.698		0.84025			4
2024.11.05	00:18:45.784		0.84026			4
2024.11.05	00:18:46.470		0.84021			4
2024.11.05	00:18:48.528		0.84023			4
2024.11.05	00:18:52.562		0.84022			4
2024.11.05	00:18:58.548		0.84023			4
2024.11.05	00:19:01.981	0.83944	0.84028			6
2024.11.05	00:19:02.391		0.84023			4
2024.11.05	00:19:08.741		0.84028			4
2024.11.05	00:19:16.765		0.84024			4
2024.11.05	00:19:19.557		0.84025			4
2024.11.05	00:19:20.355		0.84024			4
2024.11.05	00:19:40.363		0.84025			4
2024.11.05	00:19:57.060		0.84026			4
2024.11.05	00:19:59.777	0.83945				2
2024.11.05	00:20:01.743	0.83945				2
2024.11.05	00:20:02.663	0.83944				2
2024.11.05	00:20:13.302		0.84025			4
2024.11.05	00:20:13.740	0.83945	0.84030			6
2024.11.05	00:20:15.381	0.83941				2
2024.11.05	00:20:19.994	0.83945				2
2024.11.05	00:20:23.367	0.83946				2
2024.11.05	00:20:23.704	0.83945				2
2024.11.05	00:20:27.703	0.83946				2
2024.11.05	00:20:37.461	0.83945				2
2024.11.05	00:20:45.380	0.83941				2
2024.11.05	00:20:50.994		0.84023			4
2024.11.05	00:20:51.307		0.84030			4
2024.11.05	00:20:55.759		0.84028			4
2024.11.05	00:20:56.370		0.84029			4
2024.11.05	00:21:01.386	0.83942	0.84023			6
2024.11.05	00:21:04.573		0.84030			4
2024.11.05	00:21:06.375		0.84029			4
2024.11.05	00:21:20.813	0.83941				2
2024.11.05	00:21:23.254	0.83942				2
2024.11.05	00:21:30.362		0.84028			4
2024.11.05	00:21:36.278	0.83941				2
2024.11.05	00:21:44.191		0.84030			4
2024.11.05	00:21:45.109	0.83942				2
2024.11.05	00:21:45.423	0.83941				2
2024.11.05	00:21:46.045	0.83942				2
2024.11.05	00:21:46.363	0.83941				2
2024.11.05	00:21:47.002	0.83942				2
2024.11.05	00:21:47.315	0.83941				2
2024.11.05	00:21:52.716		0.84029			4
2024.11.05	00:21:55.809		0.84027			4
2024.11.05	00:21:56.367		0.84029			4
2024.11.05	00:22:01.735	0.83941				2
2024.11.05	00:22:06.355		0.84027			4
2024.11.05	00:22:21.902		0.84028			4
2024.11.05	00:22:22.355		0.84029			4
2024.11.05	00:22:23.987	0.83942	0.84030			6
2024.11.05	00:22:32.115		0.84028			4
2024.11.05	00:22:35.788		0.84027			4
2024.11.05	00:22:45.223	0.83943				2
2024.11.05	00:22:59.464		0.84028			4
2024.11.05	00:23:09.049	0.83943	0.84027			6
2024.11.05	00:23:10.725		0.84028			4
2024.11.05	00:23:12.357		0.84029			4
2024.11.05	00:23:13.874		0.84030			4
2024.11.05	00:23:22.355		0.84028			4
2024.11.05	00:23:23.892		0.84029			4
2024.11.05	00:23:24.660		0.84030			4
2024.11.05	00:23:29.335		0.84029			4
2024.11.05	00:23:31.744	0.83942				2
2024.11.05	00:23:34.602		0.84027			4
2024.11.05	00:23:39.550		0.84028			4
2024.11.05	00:23:44.326		0.84023			4
2024.11.05	00:23:44.825		0.84022			4
2024.11.05	00:23:46.165	0.83943				2
2024.11.05	00:23:51.373		0.84023			4
2024.11.05	00:23:54.772		0.84024			4
2024.11.05	00:23:56.918		0.84025			4
2024.11.05	00:23:57.315		0.84024			4
2024.11.05	00:23:58.614	0.83944	0.84028			6
2024.11.05	00:23:59.531		0.84027			4
2024.11.05	00:24:01.596	0.83944	0.84023			6
2024.11.05	00:24:02.454		0.84028			4
2024.11.05	00:24:07.706	0.83943				2
2024.11.05	00:24:36.360		0.84029			4
2024.11.05	00:24:50.366		0.84030			4
2024.11.05	00:25:00.319	0.83943				2
2024.11.05	00:25:50.809		0.84030			4
2024.11.05	00:26:00.327	0.83943				2
2024.11.05	00:26:52.932		0.84030			4
2024.11.05	00:26:58.986	0.83942				2
2024.11.05	00:27:00.543	0.83942	0.84037			6
2024.11.05	00:27:12.579		0.84038			4
2024.11.05	00:27:19.333	0.83940	0.84039			6
2024.11.05	00:27:23.594	0.83942	0.84038			6
2024.11.05	00:27:36.829	0.83946	0.84027			6
2024.11.05	00:27:40.199		0.84005			4
2024.11.05	00:27:44.364		0.84029			4
2024.11.05	00:27:50.740		0.84028			4
2024.11.05	00:27:51.329		0.84027			4
2024.11.05	00:27:54.773		0.84026			4
2024.11.05	00:27:56.353		0.84025			4
2024.11.05	00:28:00.957	0.83946				2
2024.11.05	00:28:02.822		0.84026			4
2024.11.05	00:28:10.641		0.84025			4
2024.11.05	00:28:13.600		0.84022			4
2024.11.05	00:28:28.879		0.84010			4
2024.11.05	00:28:50.626	0.83948	0.84008			6
2024.11.05	00:28:54.224	0.83949	0.84007			6
2024.11.05	00:28:59.531	0.83948	0.84008			6
2024.11.05	00:29:00.376	0.83948				2
2024.11.05	00:29:07.382		0.84013			4
2024.11.05	00:29:21.933	0.83947				2
2024.11.05	00:29:29.798		0.83997			4
2024.11.05	00:29:39.758		0.83999			4
2024.11.05	00:30:00.395	0.83945	0.84001			6
2024.11.05	00:30:07.776		0.84002			4
2024.11.05	00:30:14.016	0.83946	0.84001			6
2024.11.05	00:30:14.341	0.83948	0.83998			6
2024.11.05	00:30:26.729		0.83999			4
2024.11.05	00:30:31.283		0.83996			4
2024.11.05	00:30:33.377		0.84012			4
2024.11.05	00:30:33.956		0.84013			4
2024.11.05	00:30:36.591	0.83949				2
2024.11.05	00:30:41.340		0.84011			4
2024.11.05	00:30:42.541		0.84013			4
2024.11.05	00:30:43.163		0.84003			4
2024.11.05	00:31:00.251	0.83949				2
2024.11.05	00:31:21.707	0.83950	0.84002			6
2024.11.05	00:31:24.396		0.83996			4
2024.11.05	00:31:40.175	0.83951				2
2024.11.05	00:31:53.393	0.83950	0.83997			6
2024.11.05	00:32:00.814	0.83950				2
2024.11.05	00:32:05.974		0.83996			4
2024.11.05	00:32:09.408		0.84003			4
2024.11.05	00:32:12.590	0.83949				2
2024.11.05	00:32:18.027	0.83948				2
2024.11.05	00:32:30.515	0.83947				2
2024.11.05	00:32:37.766	0.83948				2
2024.11.05	00:33:01.189	0.83949				2
2024.11.05	00:33:02.134	0.83947				2
2024.11.05	00:33:14.869		0.84003			4
2024.11.05	00:33:44.126	0.83948				2
2024.11.05	00:34:00.383	0.83948				2
2024.11.05	00:34:15.166		0.84003			4
2024.11.05	00:34:26.975	0.83949				2
2024.11.05	00:34:38.718	0.83950				2
2024.11.05	00:34:44.183	0.83949				2
2024.11.05	00:34:51.677	0.83948				2
2024.11.05	00:35:00.960	0.83948				2
2024.11.05	00:35:01.268		0.84001			4
2024.11.05	00:35:07.159	0.83949				2
2024.11.05	00:35:08.068		0.84002			4
2024.11.05	00:35:13.656	0.83950	0.84003			6
2024.11.05	00:35:14.179		0.84002			4
2024.11.05	00:35:17.589		0.84001			4
2024.11.05	00:35:21.112		0.84000			4
2024.11.05	00:35:23.188		0.84001			4
2024.11.05	00:35:25.729		0.84003			4
2024.11.05	00:35:27.119		0.83987			4
2024.11.05	00:35:28.260		0.83986			4
2024.11.05	00:35:35.308		0.83984			4
2024.11.05	00:35:35.778		0.83986			4
2024.11.05	00:35:36.113		0.83987			4
2024.11.05	00:35:40.586		0.83989			4
2024.11.05	00:35:41.819		0.83988			4
2024.11.05	00:35:44.180	0.83951	0.83987			6
2024.11.05	00:35:45.754		0.83986			4
2024.11.05	00:35:46.834		0.83987			4
2024.11.05	00:35:55.759		0.83990			4
2024.11.05	00:35:58.160	0.83952				2
2024.11.05	00:36:00.819	0.83952	0.83989			6
2024.11.05	00:36:02.211		0.83990			4
2024.11.05	00:36:02.681	0.83951	0.83988			6
2024.11.05	00:36:08.463		0.83989			4
2024.11.05	00:36:10.678		0.83988			4
2024.11.05	00:36:14.661		0.83987			4
2024.11.05	00:36:21.400	0.83950	0.83989			6
2024.11.05	00:36:22.764	0.83948				2
2024.11.05	00:36:24.359		0.83988			4
2024.11.05	00:36:26.070		0.83985			4
2024.11.05	00:36:27.137	0.83947	0.83997			6
2024.11.05	00:36:27.655		0.83996			4
2024.11.05	00:36:50.362	0.83948				2
2024.11.05	00:36:53.432	0.83947	0.83995			6
2024.11.05	00:36:55.473	0.83949				2
2024.11.05	00:37:03.380	0.83949	0.83996			6
2024.11.05	00:37:03.713		0.83995			4
2024.11.05	00:37:04.827		0.83997			4
2024.11.05	00:37:05.732	0.83947	0.84000			6
2024.11.05	00:37:11.724		0.83993			4
2024.11.05	00:37:21.549	0.83945				2
2024.11.05	00:37:22.338	0.83949				2
2024.11.05	00:37:27.242	0.83950				2
2024.11.05	00:37:53.764		0.83983			4
2024.11.05	00:37:58.221		0.83993			4
2024.11.05	00:38:02.580	0.83949				2
2024.11.05	00:38:06.861	0.83950				2
2024.11.05	00:38:24.207		0.83992			4
2024.11.05	00:38:34.358	0.83952				2
2024.11.05	00:38:44.174	0.83950				2
2024.11.05	00:38:48.363		0.83978			4
2024.11.05	00:38:50.960		0.83992			4
2024.11.05	00:39:00.330	0.83950				2
2024.11.05	00:39:01.279	0.83949				2
2024.11.05	00:39:44.180	0.83950				2
2024.11.05	00:39:46.161	0.83949				2
2024.11.05	00:39:50.789	0.83948				2
2024.11.05	00:39:53.052		0.83992			4
2024.11.05	00:39:58.521	0.83947				2
2024.11.05	00:40:01.773	0.83947				2
2024.11.05	00:40:17.963	0.83946				2
2024.11.05	00:40:20.543	0.83947				2
2024.11.05	00:40:43.201	0.83948				2
2024.11.05	00:40:44.180	0.83946				2
2024.11.05	00:40:50.956		0.83988			4
2024.11.05	00:41:00.899	0.83946	0.83990			6
2024.11.05	00:41:01.494		0.83988			4
2024.11.05	00:41:06.261		0.83992			4
2024.11.05	00:41:09.184	0.83945				2
2024.11.05	00:41:19.063	0.83946	0.83990			6
2024.11.05	00:41:27.341		0.84010			4
2024.11.05	00:41:32.098		0.84009			4
2024.11.05	00:41:37.552		0.83990			4
2024.11.05	00:41:43.771		0.83991			4
2024.11.05	00:41:52.972		0.83989			4
2024.11.05	00:41:56.725		0.83990			4
2024.11.05	00:41:57.090		0.83991			4
2024.11.05	00:42:02.619	0.83946				2
2024.11.05	00:42:03.550		0.83992			4
2024.11.05	00:42:19.458	0.83945	0.83991			6
2024.11.05	00:42:19.884		0.83992			4
2024.11.05	00:42:21.951	0.83946	0.83991			6
2024.11.05	00:42:29.725		0.83992			4
2024.11.05	00:42:30.820		0.83989			4
2024.11.05	00:42:31.862		0.83988			4
2024.11.05	00:42:35.543		0.83990			4
2024.11.05	00:42:41.379		0.84007			4
2024.11.05	00:42:49.853		0.83989			4
2024.11.05	00:43:03.574	0.83946	0.84007			6
2024.11.05	00:43:09.526		0.83989			4
2024.11.05	00:43:12.770		0.83991			4
2024.11.05	00:43:16.761		0.83994			4
2024.11.05	00:43:22.492		0.83993			4
2024.11.05	00:43:23.690	0.83945				2
2024.11.05	00:43:24.249		0.84010			4
2024.11.05	00:43:34.460	0.83946				2
2024.11.05	00:43:39.128		0.83993			4
2024.11.05	00:43:39.591		0.83992			4
2024.11.05	00:43:56.335		0.83991			4
2024.11.05	00:44:01.368	0.83946				2
2024.11.05	00:44:21.374	0.83945				2
2024.11.05	00:44:32.660	0.83946				2
2024.11.05	00:44:38.268		0.83990			4
2024.11.05	00:44:39.949		0.84006			4
2024.11.05	00:44:46.578		0.84007			4
2024.11.05	00:44:59.451		0.84006			4
2024.11.05	00:45:02.125	0.83942	0.83966			6
2024.11.05	00:45:04.096	0.83946	0.84006			6
2024.11.05	00:45:07.996		0.83991			4
2024.11.05	00:45:10.406		0.84006			4
2024.11.05	00:45:14.219		0.84005			4
2024.11.05	00:45:19.676		0.84006			4
2024.11.05	00:45:33.637		0.84007			4
2024.11.05	00:45:38.247		0.84006			4
2024.11.05	00:45:42.419		0.83991			4
2024.11.05	00:45:42.924	0.83947	0.83992			6
2024.11.05	00:45:43.247	0.83946				2
2024.11.05	00:45:43.800		0.83991			4
2024.11.05	00:45:47.267		0.83990			4
2024.11.05	00:45:48.394		0.83989			4
2024.11.05	00:45:49.558	0.83945				2
2024.11.05	00:45:51.078		0.83988			4
2024.11.05	00:45:52.461		0.83987			4
2024.11.05	00:45:58.320		0.83988			4
2024.11.05	00:46:03.259	0.83945	0.83987			6
2024.11.05	00:46:06.640		0.83988			4
2024.11.05	00:46:26.674		0.83989			4
2024.11.05	00:46:28.360		0.83988			4
2024.11.05	00:46:29.415		0.83987			4
2024.11.05	00:46:34.769		0.83986			4
2024.11.05	00:46:48.669		0.83987			4
2024.11.05	00:46:50.160		0.83986			4
2024.11.05	00:47:00.027	0.83945	0.83988			6
2024.11.05	00:47:02.127	0.83941	0.83965			6
2024.11.05	00:47:04.084	0.83945	0.83988			6
2024.11.05	00:47:18.053		0.83993			4
2024.11.05	00:47:20.581	0.83946				2
2024.11.05	00:47:25.165	0.83945				2
2024.11.05	00:47:35.425	0.83946				2
2024.11.05	00:47:42.861	0.83945				2
2024.11.05	00:47:48.887	0.83944				2
2024.11.05	00:47:56.579	0.83946				2
2024.11.05	00:48:01.463	0.83946				2
2024.11.05	00:48:07.763	0.83947				2
2024.11.05	00:48:20.368		0.83993			4
2024.11.05	00:48:59.333	0.83946				2
2024.11.05	00:49:00.577	0.83947				2
2024.11.05	00:49:16.768	0.83946				2
2024.11.05	00:49:20.808		0.83993			4
2024.11.05	00:49:23.407	0.83945				2
2024.11.05	00:49:24.217	0.83946				2
2024.11.05	00:49:24.655	0.83945				2
2024.11.05	00:49:25.680	0.83946				2
2024.11.05	00:49:29.368	0.83947				2
2024.11.05	00:49:30.626	0.83945				2
2024.11.05	00:49:31.182	0.83946				2
2024.11.05	00:49:41.791	0.83945				2
2024.11.05	00:49:42.249	0.83947				2
2024.11.05	00:49:42.614	0.83946				2
2024.11.05	00:49:47.321	0.83947				2
2024.11.05	00:49:59.179		0.83997			4
2024.11.05	00:50:02.559	0.83946				2
2024.11.05	00:50:08.422		0.83996			4
2024.11.05	00:50:20.355		0.83997			4
2024.11.05	00:50:22.713		0.83996			4
2024.11.05	00:50:28.147		0.83997			4
2024.11.05	00:50:43.340		0.83996			4
2024.11.05	00:50:44.207		0.83995			4
2024.11.05	00:50:46.774	0.83945				2
2024.11.05	00:50:48.575		0.83996			4
2024.11.05	00:50:53.188	0.83948	0.83997			6
2024.11.05	00:50:54.190		0.83998			4
2024.11.05	00:50:59.258		0.83997			4
2024.11.05	00:50:59.788		0.83998			4
2024.11.05	00:51:00.333	0.83948				2
2024.11.05	00:51:04.362		0.83996			4
2024.11.05	00:51:07.280	0.83949	0.83995			6
2024.11.05	00:51:07.626	0.83947	0.83994			6
2024.11.05	00:51:08.841		0.83995			4
2024.11.05	00:51:09.881	0.83948				2
2024.11.05	00:51:12.605		0.83993			4
2024.11.05	00:51:14.269		0.83994			4
2024.11.05	00:51:17.607		0.83996			4
2024.11.05	00:51:20.810		0.83995			4
2024.11.05	00:51:22.366		0.83994			4
2024.11.05	00:51:24.300		0.83995			4
2024.11.05	00:51:25.390	0.83949				2
2024.11.05	00:51:26.302	0.83950	0.83996			6
2024.11.05	00:51:30.070		0.83994			4
2024.11.05	00:51:30.653	0.83949	0.83993			6
2024.11.05	00:51:31.759	0.83950				2
2024.11.05	00:51:32.649	0.83957	0.83990			6
2024.11.05	00:51:32.983		0.83991			4
2024.11.05	00:51:33.299	0.83956	0.83994			6
2024.11.05	00:51:33.636		0.83995			4
2024.11.05	00:51:34.054		0.83997			4
2024.11.05	00:51:34.364		0.83998			4
2024.11.05	00:51:35.963	0.83957				2
2024.11.05	00:51:36.266	0.83955				2
2024.11.05	00:51:41.083	0.83952				2
2024.11.05	00:51:41.385	0.83958				2
2024.11.05	00:51:44.435	0.83959				2
2024.11.05	00:51:44.738		0.84000			4
2024.11.05	00:51:45.380		0.83998			4
2024.11.05	00:51:45.757	0.83962				2
2024.11.05	00:51:46.062	0.83960				2
2024.11.05	00:51:46.875	0.83959	0.83999			6
2024.11.05	00:51:47.231		0.83998			4
2024.11.05	00:51:47.889		0.83997			4
2024.11.05	00:51:48.623		0.83996			4
2024.11.05	00:51:50.288	0.83960	0.84005			6
2024.11.05	00:51:51.772	0.83959	0.83996			6
2024.11.05	00:51:52.164		0.83995			4
2024.11.05	00:51:52.563	0.83957	0.83993			6
2024.11.05	00:51:52.949	0.83959	0.83992			6
2024.11.05	00:51:53.267		0.83994			4
2024.11.05	00:51:53.668		0.83993			4
2024.11.05	00:51:55.639		0.83994			4
2024.11.05	00:51:56.770		0.83995			4
2024.11.05	00:51:57.151		0.83994			4
2024.11.05	00:51:57.492		0.83995			4
2024.11.05	00:51:58.927	0.83960				2
2024.11.05	00:51:59.625		0.83996			4
2024.11.05	00:52:00.732	0.83959				2
2024.11.05	00:52:01.977		0.83997			4
2024.11.05	00:52:02.369		0.83995			4
2024.11.05	00:52:07.233	0.83958				2
2024.11.05	00:52:09.191		0.83996			4
2024.11.05	00:52:09.559	0.83957				2
2024.11.05	00:52:14.980		0.83994			4
2024.11.05	00:52:20.485		0.83992			4
2024.11.05	00:52:21.224		0.83991			4
2024.11.05	00:52:25.107		0.83992			4
2024.11.05	00:52:29.160		0.83994			4
2024.11.05	00:52:31.373		0.83992			4
2024.11.05	00:52:33.335		0.83994			4
2024.11.05	00:52:34.308		0.83992			4
2024.11.05	00:52:35.302		0.83993			4
2024.11.05	00:52:36.022		0.83992			4
2024.11.05	00:52:36.557		0.83993			4
2024.11.05	00:52:36.891		0.83994			4
2024.11.05	00:52:39.294		0.83993			4
2024.11.05	00:52:42.875		0.83994			4
2024.11.05	00:52:48.905	0.83956				2
2024.11.05	00:52:49.889		0.83993			4
2024.11.05	00:52:52.362		0.83994			4
2024.11.05	00:52:52.905		0.83992			4
2024.11.05	00:52:54.909	0.83957	0.83995			6
2024.11.05	00:52:55.908		0.83994			4
2024.11.05	00:52:57.140		0.83995			4
2024.11.05	00:52:57.613		0.83996			4
2024.11.05	00:52:59.263		0.83995			4
2024.11.05	00:53:00.079	0.83957	0.83993			6
2024.11.05	00:53:01.481		0.83995			4
2024.11.05	00:53:04.535		0.83994			4
2024.11.05	00:53:04.916		0.83995			4
2024.11.05	00:53:07.226	0.83958				2
2024.11.05	00:53:08.359		0.83993			4
2024.11.05	00:53:09.928		0.83991			4
2024.11.05	00:53:10.492		0.83992			4
2024.11.05	00:53:12.562	0.83959				2
2024.11.05	00:53:13.108	0.83958				2
2024.11.05	00:53:14.525		0.83993			4
2024.11.05	00:53:14.957	0.83957	0.83994			6
2024.11.05	00:53:15.327		0.83993			4
2024.11.05	00:53:15.637	0.83958				2
2024.11.05	00:53:16.356	0.83959	0.83995			6
2024.11.05	00:53:16.664		0.83997			4
2024.11.05	00:53:18.356		0.83998			4
2024.11.05	00:53:19.442		0.83999			4
2024.11.05	00:53:55.728	0.83958	0.83992			6
2024.11.05	00:53:56.374		0.83991			4
2024.11.05	00:53:56.946		0.83992			4
2024.11.05	00:53:57.849		0.83990			4
2024.11.05	00:53:58.423		0.83991			4
2024.11.05	00:54:00.312	0.83958				2
2024.11.05	00:54:08.580		0.83992			4
2024.11.05	00:54:10.329		0.83991			4
2024.11.05	00:54:13.476	0.83959				2
2024.11.05	00:54:18.584		0.83989			4
2024.11.05	00:54:22.856		0.83997			4
2024.11.05	00:54:23.515		0.83999			4
2024.11.05	00:54:28.594		0.83998			4
2024.11.05	00:54:30.861		0.83999			4
2024.11.05	00:54:31.601		0.83995			4
2024.11.05	00:54:36.752		0.83993			4
2024.11.05	00:54:38.729		0.83991			4
2024.11.05	00:54:39.216	0.83960	0.83990			6
2024.11.05	00:54:44.180	0.83961	0.83992			6
2024.11.05	00:54:44.534		0.83991			4
2024.11.05	00:54:45.010	0.83959	0.83995			6
2024.11.05	00:54:47.961		0.83991			4
2024.11.05	00:54:48.461		0.83992			4
2024.11.05	00:54:51.769	0.83960				2
2024.11.05	00:54:52.512		0.83993			4
2024.11.05	00:54:52.865		0.83995			4
2024.11.05	00:54:53.784	0.83961				2
2024.11.05	00:54:54.665		0.83994			4
2024.11.05	00:54:55.332		0.83992			4
2024.11.05	00:54:55.639		0.83995			4
2024.11.05	00:54:57.604	0.83960				2
2024.11.05	00:54:58.733		0.83993			4
2024.11.05	00:54:59.496	0.83959	0.83994			6
2024.11.05	00:55:00.491	0.83959	0.83995			6
2024.11.05	00:55:01.746		0.83994			4
2024.11.05	00:55:02.156		0.83993			4
2024.11.05	00:55:04.265	0.83960	0.83992			6
2024.11.05	00:55:19.025		0.83991			4
2024.11.05	00:55:30.804		0.83992			4
2024.11.05	00:55:31.110		0.83993			4
2024.11.05	00:55:33.004		0.83991			4
2024.11.05	00:55:33.514	0.83961				2
2024.11.05	00:55:33.822	0.83960	0.83995			6
2024.11.05	00:55:34.441	0.83961				2
2024.11.05	00:55:34.756	0.83960				2
2024.11.05	00:55:35.062	0.83961				2
2024.11.05	00:55:35.383	0.83960				2
2024.11.05	00:55:35.701	0.83961				2
2024.11.05	00:55:36.025		0.83993			4
2024.11.05	00:55:36.677		0.83995			4
2024.11.05	00:55:38.319	0.83960				2
2024.11.05	00:55:38.944	0.83961				2
2024.11.05	00:55:39.271	0.83959				2
2024.11.05	00:55:40.259		0.83994			4
2024.11.05	00:55:40.587	0.83960	0.83995			6
2024.11.05	00:55:49.281	0.83961				2
2024.11.05	00:55:51.012	0.83960				2
2024.11.05	00:55:53.013	0.83961				2
2024.11.05	00:55:54.985	0.83960				2
2024.11.05	00:56:01.362	0.83960				2
2024.11.05	00:56:10.461	0.83959				2
2024.11.05	00:56:20.993	0.83961				2
2024.11.05	00:56:21.371	0.83959	0.83992			6
2024.11.05	00:56:22.712		0.83995			4
2024.11.05	00:56:30.808		0.83994			4
2024.11.05	00:56:31.129		0.83995			4
2024.11.05	00:56:31.531	0.83958	0.83994			6
2024.11.05	00:56:32.469		0.83993			4
2024.11.05	00:56:33.535	0.83960	0.83991			6
2024.11.05	00:56:34.035		0.83992			4
2024.11.05	00:56:34.528	0.83959	0.83993			6
2024.11.05	00:56:34.963		0.83990			4
2024.11.05	00:56:35.310		0.83993			4
2024.11.05	00:56:37.027		0.84001			4
2024.11.05	00:56:39.699		0.84005			4
2024.11.05	00:56:40.049	0.83960	0.84006			6
2024.11.05	00:56:40.413		0.84005			4
2024.11.05	00:56:43.809		0.84004			4
2024.11.05	00:56:48.489		0.84005			4
2024.11.05	00:56:58.435		0.84002			4
2024.11.05	00:57:00.822	0.83960	0.84003			6
2024.11.05	00:57:01.167	0.83959				2
2024.11.05	00:57:03.694		0.84005			4
2024.11.05	00:57:09.975		0.84004			4
2024.11.05	00:57:12.908		0.84003			4
2024.11.05	00:57:14.758	0.83960	0.84002			6
2024.11.05	00:57:15.877	0.83962				2
2024.11.05	00:57:18.002		0.84003			4
2024.11.05	00:57:20.007	0.83961				2
2024.11.05	00:57:22.244		0.84004			4
2024.11.05	00:57:22.781		0.84006			4
2024.11.05	00:57:23.914	0.83962	0.83996			6
2024.11.05	00:57:24.880	0.83961	0.83995			6
2024.11.05	00:57:41.503		0.83996			4
2024.11.05	00:57:42.401	0.83960				2
2024.11.05	00:57:42.703	0.83961	0.83997			6
2024.11.05	00:57:43.306		0.83980			4
2024.11.05	00:57:43.622		0.83978			4
2024.11.05	00:57:43.946	0.83957	0.83981			6
2024.11.05	00:57:49.063	0.83959	0.83979			6
2024.11.05	00:57:49.467		0.83977			4
2024.11.05	00:57:50.661		0.83978			4
2024.11.05	00:58:00.262	0.83959				2
2024.11.05	00:58:04.275	0.83961	0.83976			6
2024.11.05	00:58:07.649	0.83960	0.83977			6
2024.11.05	00:58:08.029	0.83963	0.83984			6
2024.11.05	00:58:08.381	0.83959	0.83987			6
2024.11.05	00:58:08.771	0.83967				2
2024.11.05	00:58:09.115	0.83945	0.83976			6
2024.11.05	00:58:09.681	0.83939	0.83986			6
2024.11.05	00:58:09.987	0.83941	0.83988			6
2024.11.05	00:58:10.302	0.83940				2
2024.11.05	00:58:10.623	0.83936	0.83993			6
2024.11.05	00:58:11.064		0.83995			4
2024.11.05	00:58:11.463	0.83935				2
2024.11.05	00:58:12.264	0.83947	0.84004			6
2024.11.05	00:58:13.286		0.84003			4
2024.11.05	00:58:13.770	0.83949	0.84004			6
2024.11.05	00:58:14.906	0.83950	0.84002			6
2024.11.05	00:58:15.214		0.84004			4
2024.11.05	00:58:15.867	0.83951	0.84005			6
2024.11.05	00:58:16.912	0.83950	0.84010			6
2024.11.05	00:58:17.512		0.84014			4
2024.11.05	00:58:17.817	0.83951	0.84010			6
2024.11.05	00:58:19.009	0.83954	0.84008			6
2024.11.05	00:58:20.102	0.83953	0.84011			6
2024.11.05	00:58:20.418	0.83956	0.84009			6
2024.11.05	00:58:20.735	0.83952	0.84013			6
2024.11.05	00:58:21.644	0.83958	0.84011			6
2024.11.05	00:58:22.168		0.84014			4
2024.11.05	00:58:22.700	0.83957	0.84018			6
2024.11.05	00:58:23.009	0.83956				2
2024.11.05	00:58:23.931	0.83954				2
2024.11.05	00:58:24.914		0.84022			4
2024.11.05	00:58:25.617	0.83958	0.84018			6
2024.11.05	00:58:25.980	0.83957	0.84016			6
2024.11.05	00:58:28.162	0.83949	0.84020			6
2024.11.05	00:58:28.462	0.83950	0.84022			6
2024.11.05	00:58:29.257	0.83949				2
2024.11.05	00:58:29.631	0.83934	0.84013			6
2024.11.05	00:58:29.946	0.83935	0.84018			6
2024.11.05	00:58:30.802	0.83933	0.84020			6
2024.11.05	00:58:31.813	0.83935				2
2024.11.05	00:58:32.959	0.83934				2
2024.11.05	00:58:33.909	0.83933	0.84019			6
2024.11.05	00:58:34.690	0.83935				2
2024.11.05	00:58:35.325	0.83934				2
2024.11.05	00:58:36.287	0.83930	0.84022			6
2024.11.05	00:58:36.603	0.83929				2
2024.11.05	00:58:36.907	0.83931				2
2024.11.05	00:58:37.832	0.83934				2
2024.11.05	00:58:39.254	0.83933				2
2024.11.05	00:58:40.345	0.83932	0.84018			6
2024.11.05	00:58:40.771		0.84020			4
2024.11.05	00:58:41.668	0.83930	0.84022			6
2024.11.05	00:58:42.950	0.83931	0.84020			6
2024.11.05	00:58:43.335	0.83930	0.84022			6
2024.11.05	00:58:46.900	0.83929				2
2024.11.05	00:58:50.769		0.84020			4
2024.11.05	00:58:53.756	0.83930				2
2024.11.05	00:58:54.243		0.84022			4
2024.11.05	00:58:56.072	0.83931				2
2024.11.05	00:58:59.146	0.83932				2
2024.11.05	00:58:59.926	0.83935				2
2024.11.05	00:59:00.370	0.83935	0.84020			6
2024.11.05	00:59:00.730		0.84015			4
2024.11.05	00:59:02.809	0.83936	0.84013			6
2024.11.05	00:59:03.734	0.83934	0.84005			6
2024.11.05	00:59:04.035		0.84002			4
2024.11.05	00:59:04.431		0.84004			4
2024.11.05	00:59:04.736	0.83930	0.84003			6
2024.11.05	00:59:05.041		0.84004			4
2024.11.05	00:59:05.921	0.83927	0.84007			6
2024.11.05	00:59:06.261		0.84008			4
2024.11.05	00:59:06.963	0.83928	0.84007			6
2024.11.05	00:59:07.733		0.84006			4
2024.11.05	00:59:10.005		0.84007			4
2024.11.05	00:59:12.391		0.84006			4
2024.11.05	00:59:15.076		0.84007			4
2024.11.05	00:59:15.602		0.84006			4
2024.11.05	00:59:16.470	0.83927	0.84005			6
2024.11.05	00:59:18.981	0.83928				2
2024.11.05	00:59:21.861	0.83929	0.84004			6
2024.11.05	00:59:22.920	0.83928				2
2024.11.05	00:59:24.506		0.84005			4
2024.11.05	00:59:25.622	0.83929				2
2024.11.05	00:59:25.965		0.84004			4
2024.11.05	00:59:26.862	0.83923				2
2024.11.05	00:59:30.124		0.84003			4
2024.11.05	00:59:31.349		0.84004			4
2024.11.05	00:59:32.991	0.83924				2
2024.11.05	00:59:33.928		0.84005			4
2024.11.05	00:59:34.923	0.83925				2
2024.11.05	00:59:35.764		0.84006			4
2024.11.05	00:59:36.265	0.83926	0.84005			6
2024.11.05	00:59:36.628	0.83928				2
2024.11.05	00:59:38.638	0.83929	0.84004			6
2024.11.05	00:59:39.303		0.84005			4
2024.11.05	00:59:40.160		0.84004			4
2024.11.05	00:59:41.660	0.83930	0.84003			6
2024.11.05	00:59:43.461	0.83935	0.83998			6
2024.11.05	00:59:45.079	0.83938				2
2024.11.05	00:59:46.310	0.83937				2
2024.11.05	00:59:50.812	0.83935	0.84000			6
2024.11.05	00:59:52.921	0.83936	0.83999			6
2024.11.05	00:59:55.162		0.84000			4
2024.11.05	00:59:57.628	0.83938	0.83994			6
2024.11.05	01:00:00.314	0.83939	0.84005			6
2024.11.05	01:00:00.628	0.83937	0.83993			6
2024.11.05	01:00:00.980	0.83932	0.83987			6
2024.11.05	01:00:01.285		0.83997			4
2024.11.05	01:00:01.590	0.83930	0.83982			6
2024.11.05	01:00:02.362	0.83929	0.83966			6
2024.11.05	01:00:02.789	0.83939	0.83968			6
2024.11.05	01:00:03.324		0.83966			4
2024.11.05	01:00:03.727		0.83962			4
2024.11.05	01:00:04.171		0.83961			4
2024.11.05	01:00:04.499	0.83936	0.83965			6
2024.11.05	01:00:05.144	0.83932	0.83960			6
2024.11.05	01:00:05.462		0.83965			4
2024.11.05	01:00:05.809	0.83933	0.83960			6
2024.11.05	01:00:07.571	0.83932				2
2024.11.05	01:00:07.871	0.83936	0.83963			6
2024.11.05	01:00:08.182		0.83962			4
2024.11.05	01:00:10.324		0.83959			4
2024.11.05	01:00:11.062	0.83943	0.83961			6
2024.11.05	01:00:11.426		0.83960			4
2024.11.05	01:00:12.122	0.83939	0.83951			6
2024.11.05	01:00:12.448		0.83949			4
2024.11.05	01:00:13.907		0.83948			4
2024.11.05	01:00:14.395		0.83949			4
2024.11.05	01:00:14.722		0.83948			4
2024.11.05	01:00:15.327		0.83949			4
2024.11.05	01:00:16.862		0.83948			4
2024.11.05	01:00:17.572		0.83949			4
2024.11.05	01:00:20.419		0.83948			4
2024.11.05	01:00:21.150		0.83949			4
2024.11.05	01:00:22.916		0.83948			4
2024.11.05	01:00:25.995		0.83950			4
2024.11.05	01:00:26.623		0.83949			4
2024.11.05	01:00:28.395		0.83951			4
2024.11.05	01:00:28.707		0.83950			4
2024.11.05	01:00:29.948		0.83951			4
2024.11.05	01:00:30.659		0.83952			4
2024.11.05	01:00:31.684		0.83951			4
2024.11.05	01:00:33.078		0.83952			4
2024.11.05	01:00:33.819		0.83951			4
2024.11.05	01:00:43.852		0.83950			4
2024.11.05	01:00:44.681		0.83949			4
2024.11.05	01:00:46.831		0.83950			4
2024.11.05	01:00:48.090	0.83943	0.83949			6
2024.11.05	01:00:49.170	0.83939	0.83950			6
2024.11.05	01:00:52.307		0.83949			4
2024.11.05	01:00:54.613	0.83937				2
2024.11.05	01:01:00.258	0.83937				2
2024.11.05	01:01:03.568	0.83940	0.83951			6
2024.11.05	01:01:03.876		0.83953			4
2024.11.05	01:01:12.676		0.83954			4
2024.11.05	01:01:16.477		0.83953			4
2024.11.05	01:01:16.865		0.83954			4
2024.11.05	01:01:18.014		0.83953			4
2024.11.05	01:01:45.771		0.83954			4
2024.11.05	01:01:47.766		0.83953			4
2024.11.05	01:01:54.116	0.83941				2
2024.11.05	01:02:02.361	0.83941				2
2024.11.05	01:02:02.994	0.83943				2
2024.11.05	01:02:07.999	0.83941				2
2024.11.05	01:02:09.522		0.83954			4
2024.11.05	01:02:11.391		0.83953			4
2024.11.05	01:02:14.322		0.83954			4
2024.11.05	01:02:24.264		0.83955			4
2024.11.05	01:02:25.391		0.83954			4
2024.11.05	01:02:35.185	0.83940				2
2024.11.05	01:02:36.545	0.83941				2
2024.11.05	01:02:51.389		0.83953			4
2024.11.05	01:02:53.444		0.83954			4
2024.11.05	01:02:57.377		0.83953			4
2024.11.05	01:03:00.522	0.83941				2
2024.11.05	01:03:03.859		0.83954			4
2024.11.05	01:03:08.915		0.83953			4
2024.11.05	01:03:26.662		0.83950			4
2024.11.05	01:04:00.249	0.83941				2
2024.11.05	01:04:08.742	0.83940	0.83948			6
2024.11.05	01:04:35.435	0.83939				2
2024.11.05	01:04:55.777	0.83944	0.83950			6
2024.11.05	01:04:57.818	0.83939	0.83948			6
2024.11.05	01:05:00.110	0.83939				2
2024.11.05	01:05:07.467	0.83940				2
2024.11.05	01:05:57.861		0.83948			4
2024.11.05	01:05:58.782		0.83947			4
2024.11.05	01:05:59.117	0.83941				2
2024.11.05	01:05:59.765	0.83940				2
2024.11.05	01:06:00.076	0.83940				2
2024.11.05	01:06:01.747	0.83942	0.83948			6
2024.11.05	01:06:02.049	0.83943				2
2024.11.05	01:06:04.390	0.83942				2
2024.11.05	01:06:05.286	0.83941				2
2024.11.05	01:06:06.973	0.83943	0.83950			6
2024.11.05	01:06:07.335	0.83942	0.83948			6
2024.11.05	01:06:16.148	0.83943				2
2024.11.05	01:06:16.850	0.83944				2
2024.11.05	01:06:17.373	0.83943				2
2024.11.05	01:06:19.391	0.83944				2
2024.11.05	01:06:26.465	0.83943				2
2024.11.05	01:06:27.561	0.83942				2
2024.11.05	01:06:41.142		0.83945			4
2024.11.05	01:06:41.668	0.83941				2
2024.11.05	01:06:53.577		0.83949			4
2024.11.05	01:06:55.609	0.83940	0.83945			6
2024.11.05	01:07:00.389	0.83940				2
2024.11.05	01:07:10.475	0.83941				2
2024.11.05	01:07:23.037	0.83940				2
2024.11.05	01:07:39.560	0.83941				2
2024.11.05	01:07:56.975		0.83945			4
2024.11.05	01:08:00.264	0.83941				2
2024.11.05	01:08:12.375		0.83947			4
2024.11.05	01:08:12.689		0.83945			4
2024.11.05	01:08:18.389		0.83947			4
2024.11.05	01:08:19.374	0.83942	0.83950			6
2024.11.05	01:08:20.348	0.83943				2
2024.11.05	01:08:20.792	0.83942				2
2024.11.05	01:08:21.406	0.83943				2
2024.11.05	01:08:25.375	0.83942				2
2024.11.05	01:08:51.263	0.83943				2
2024.11.05	01:09:00.173	0.83943				2
2024.11.05	01:09:13.163	0.83942				2
2024.11.05	01:09:13.608	0.83943				2
2024.11.05	01:09:17.664	0.83944				2
2024.11.05	01:09:19.920		0.83950			4
2024.11.05	01:09:21.381	0.83945				2
2024.11.05	01:10:00.937	0.83945				2
2024.11.05	01:10:14.151	0.83944				2
2024.11.05	01:10:19.737		0.83951			4
2024.11.05	01:10:40.687	0.83945	0.83952			6
2024.11.05	01:11:07.232	0.83945				2
2024.11.05	01:11:11.362	0.83946				2
2024.11.05	01:11:36.857	0.83944	0.83949			6
2024.11.05	01:11:37.199	0.83943				2
2024.11.05	01:11:39.643		0.83950			4
2024.11.05	01:11:42.059		0.83949			4
2024.11.05	01:11:42.380		0.83950			4
2024.11.05	01:11:43.238		0.83949			4
2024.11.05	01:11:43.554		0.83948			4
2024.11.05	01:11:44.057		0.83949			4
2024.11.05	01:11:44.861		0.83950			4
2024.11.05	01:11:45.162	0.83946	0.83952			6
2024.11.05	01:11:58.344	0.83945				2
2024.11.05	01:12:00.275	0.83945				2
2024.11.05	01:12:02.672	0.83943	0.83951			6
2024.11.05	01:12:05.243	0.83944				2
2024.11.05	01:12:10.398	0.83945				2
2024.11.05	01:12:25.770		0.83950			4
2024.11.05	01:12:29.800	0.83944	0.83951			6
2024.11.05	01:12:41.264	0.83948				2
2024.11.05	01:12:43.713	0.83944				2
2024.11.05	01:13:07.161	0.83944				2
2024.11.05	01:13:30.808		0.83951			4
2024.11.05	01:13:45.969	0.83945				2
2024.11.05	01:13:51.572	0.83946				2
2024.11.05	01:13:53.852	0.83944				2
2024.11.05	01:14:00.410	0.83944				2
2024.11.05	01:14:01.473	0.83943				2
2024.11.05	01:14:02.225	0.83944				2
2024.11.05	01:14:07.827	0.83943				2
2024.11.05	01:14:10.679	0.83944				2
2024.11.05	01:14:23.088		0.83949			4
2024.11.05	01:14:23.411	0.83945				2
2024.11.05	01:14:25.244	0.83946	0.83951			6
2024.11.05	01:14:29.593	0.83944	0.83947			6
2024.11.05	01:14:30.315	0.83943				2
2024.11.05	01:14:30.807	0.83944				2
2024.11.05	01:14:35.941	0.83943				2
2024.11.05	01:14:47.660	0.83944				2
2024.11.05	01:14:52.161	0.83943				2
2024.11.05	01:14:52.815	0.83944				2
2024.11.05	01:14:56.779	0.83943				2
2024.11.05	01:15:00.175	0.83944	0.83949			6
2024.11.05	01:15:06.390	0.83943	0.83950			6
2024.11.05	01:15:07.817	0.83945	0.83952			6
2024.11.05	01:15:12.523	0.83946				2
2024.11.05	01:15:17.660	0.83945				2
2024.11.05	01:15:27.663	0.83946				2
2024.11.05	01:15:31.911	0.83945				2
2024.11.05	01:15:32.563	0.83948				2
2024.11.05	01:15:37.015	0.83949				2
2024.11.05	01:15:43.209	0.83948				2
2024.11.05	01:15:46.761	0.83949				2
2024.11.05	01:16:00.168	0.83949				2
2024.11.05	01:16:01.161	0.83948				2
2024.11.05	01:16:04.313	0.83949	0.83955			6
2024.11.05	01:16:12.979	0.83948				2
2024.11.05	01:16:15.260	0.83949				2
2024.11.05	01:16:50.628	0.83947	0.83952			6
2024.11.05	01:16:55.464	0.83946	0.83951			6
2024.11.05	01:17:00.451	0.83946				2
2024.11.05	01:17:13.002	0.83945				2
2024.11.05	01:17:22.406	0.83946				2
2024.11.05	01:17:22.707	0.83947				2
2024.11.05	01:17:56.922		0.83951			4
2024.11.05	01:18:00.589	0.83947				2
2024.11.05	01:18:05.679	0.83945	0.83947			6
2024.11.05	01:18:06.089	0.83946	0.83948			6
2024.11.05	01:18:06.676		0.83951			4
2024.11.05	01:18:21.089	0.83947	0.83952			6
2024.11.05	01:18:36.069		0.83953			4
2024.11.05	01:18:48.266		0.83952			4
2024.11.05	01:19:00.392	0.83947				2
2024.11.05	01:19:12.238	0.83950				2
2024.11.05	01:19:14.788	0.83947				2
2024.11.05	01:19:21.861	0.83948				2
2024.11.05	01:19:28.166	0.83947				2
2024.11.05	01:19:33.559	0.83948				2
2024.11.05	01:19:43.461	0.83947				2
2024.11.05	01:19:52.162		0.83952			4
2024.11.05	01:20:03.277	0.83947				2
2024.11.05	01:20:11.118		0.83953			4
2024.11.05	01:20:11.435		0.83952			4
2024.11.05	01:20:15.562		0.83951			4
2024.11.05	01:20:53.664		0.83952			4
2024.11.05	01:21:01.021	0.83947				2
2024.11.05	01:21:17.660	0.83948				2
2024.11.05	01:21:18.410	0.83947				2
2024.11.05	01:21:21.757	0.83948				2
2024.11.05	01:21:38.961	0.83947	0.83951			6
2024.11.05	01:21:46.463		0.83952			4
2024.11.05	01:21:52.123	0.83948				2
2024.11.05	01:21:55.779	0.83947				2
2024.11.05	01:22:00.327	0.83947				2
2024.11.05	01:22:47.298		0.83952			4
2024.11.05	01:22:48.382	0.83948				2
2024.11.05	01:23:01.163	0.83948				2
2024.11.05	01:23:20.661		0.83953			4
2024.11.05	01:23:21.245		0.83952			4
2024.11.05	01:23:25.341	0.83949	0.83953			6
2024.11.05	01:23:30.559	0.83950				2
2024.11.05	01:23:32.391	0.83948	0.83952			6
2024.11.05	01:23:34.593	0.83949	0.83953			6
2024.11.05	01:23:54.537	0.83950				2
2024.11.05	01:23:59.788		0.83952			4
2024.11.05	01:24:00.322	0.83950				2
2024.11.05	01:24:00.920		0.83954			4
2024.11.05	01:24:01.822		0.83953			4
2024.11.05	01:24:12.657		0.83952			4
2024.11.05	01:24:12.971		0.83953			4
2024.11.05	01:24:19.030		0.83952			4
2024.11.05	01:24:19.363		0.83953			4
2024.11.05	01:24:42.079		0.83952			4
2024.11.05	01:24:49.166		0.83953			4
2024.11.05	01:24:51.872		0.83952			4
2024.11.05	01:24:56.808		0.83953			4
2024.11.05	01:24:57.468	0.83952	0.83955			6
2024.11.05	01:24:57.784	0.83951				2
2024.11.05	01:24:58.673		0.83956			4
2024.11.05	01:25:00.023	0.83951				2
2024.11.05	01:25:19.876	0.83950	0.83954			6
2024.11.05	01:25:20.348		0.83953			4
2024.11.05	01:25:29.976		0.83954			4
2024.11.05	01:25:47.888		0.83955			4
2024.11.05	01:26:00.334	0.83950				2
2024.11.05	01:26:50.483		0.83953			4
2024.11.05	01:26:55.468	0.83949				2
2024.11.05	01:27:00.325	0.83949				2
2024.11.05	01:27:40.759		0.83954			4
2024.11.05	01:27:44.116	0.83950	0.83955			6
2024.11.05	01:27:50.270		0.83954			4
2024.11.05	01:28:00.196	0.83950				2
2024.11.05	01:28:02.616	0.83951	0.83955			6
2024.11.05	01:28:46.258		0.83956			4
2024.11.05	01:28:58.128	0.83950	0.83955			6
2024.11.05	01:28:58.662		0.83954			4
2024.11.05	01:29:00.806	0.83950				2
2024.11.05	01:29:04.473		0.83953			4
2024.11.05	01:29:22.000	0.83949	0.83952			6
2024.11.05	01:29:32.143	0.83950	0.83953			6
2024.11.05	01:29:44.872	0.83949	0.83952			6
2024.11.05	01:29:45.426	0.83948				2
2024.11.05	01:30:00.312	0.83948				2
2024.11.05	01:30:00.902	0.83949				2
2024.11.05	01:30:01.253	0.83948				2
2024.11.05	01:30:02.192	0.83949	0.83955			6
2024.11.05	01:30:04.240	0.83948	0.83952			6
2024.11.05	01:30:04.981		0.83951			4
2024.11.05	01:30:08.511	0.83949	0.83952			6
2024.11.05	01:30:10.575		0.83951			4
2024.11.05	01:30:16.374		0.83952			4
2024.11.05	01:30:20.271	0.83950				2
2024.11.05	01:30:22.877	0.83948				2
2024.11.05	01:30:44.373	0.83953	0.83956			6
2024.11.05	01:30:49.620	0.83952				2
2024.11.05	01:30:50.889	0.83953				2
2024.11.05	01:31:00.183	0.83953				2
2024.11.05	01:31:16.682	0.83951	0.83955			6
2024.11.05	01:31:40.618	0.83952	0.83956			6
2024.11.05	01:31:41.196	0.83953				2
2024.11.05	01:31:41.654		0.83957			4
2024.11.05	01:32:00.742	0.83953				2
2024.11.05	01:32:32.674	0.83954	0.83958			6
2024.11.05	01:32:57.250	0.83953	0.83954			6
2024.11.05	01:33:00.544	0.83952				2
2024.11.05	01:33:04.862	0.83951				2
2024.11.05	01:33:11.982	0.83950				2
2024.11.05	01:33:14.841		0.83951			4
2024.11.05	01:33:23.981		0.83953			4
2024.11.05	01:33:25.039	0.83949				2
2024.11.05	01:33:58.436		0.83952			4
2024.11.05	01:34:01.551	0.83949				2
2024.11.05	01:34:26.421		0.83953			4
2024.11.05	01:34:54.101		0.83952			4
2024.11.05	01:34:56.921		0.83951			4
2024.11.05	01:34:58.821		0.83953			4
2024.11.05	01:34:59.718		0.83952			4
2024.11.05	01:35:04.163	0.83949				2
2024.11.05	01:35:06.318		0.83953			4
2024.11.05	01:35:14.694		0.83952			4
2024.11.05	01:35:19.728		0.83954			4
2024.11.05	01:35:29.300		0.83953			4
2024.11.05	01:35:34.099		0.83954			4
2024.11.05	01:35:44.360		0.83953			4
2024.11.05	01:35:58.906	0.83950	0.83954			6
2024.11.05	01:36:02.671	0.83950				2
2024.11.05	01:36:40.378	0.83949	0.83953			6
2024.11.05	01:36:49.461		0.83954			4
2024.11.05	01:36:49.846		0.83953			4
2024.11.05	01:37:01.656	0.83949				2
2024.11.05	01:37:26.432		0.83952			4
2024.11.05	01:37:37.687		0.83953			4
2024.11.05	01:37:42.488		0.83952			4
2024.11.05	01:37:56.501		0.83953			4
2024.11.05	01:37:57.590		0.83952			4
2024.11.05	01:38:02.734	0.83949				2
2024.11.05	01:38:11.062	0.83948	0.83953			6
2024.11.05	01:38:12.696		0.83952			4
2024.11.05	01:38:14.386		0.83953			4
2024.11.05	01:38:16.840		0.83952			4
2024.11.05	01:38:43.182		0.83953			4
2024.11.05	01:38:49.737		0.83952			4
2024.11.05	01:39:00.182	0.83948				2
2024.11.05	01:39:07.947		0.83953			4
2024.11.05	01:39:10.661		0.83952			4
2024.11.05	01:39:29.379		0.83951			4
2024.11.05	01:39:30.392	0.83949	0.83950			6
2024.11.05	01:39:38.143		0.83952			4
2024.11.05	01:39:43.644		0.83953			4
2024.11.05	01:39:45.465		0.83951			4
2024.11.05	01:40:00.214	0.83949				2
2024.11.05	01:40:17.833	0.83951	0.83955			6
2024.11.05	01:40:24.883	0.83950	0.83954			6
2024.11.05	01:40:30.066		0.83955			4
2024.11.05	01:40:31.460	0.83949	0.83953			6
2024.11.05	01:40:33.691		0.83954			4
2024.11.05	01:40:43.530		0.83953			4
2024.11.05	01:40:53.375		0.83954			4
2024.11.05	01:41:00.470	0.83949				2
2024.11.05	01:41:05.745		0.83953			4
2024.11.05	01:41:06.346		0.83952			4
2024.11.05	01:41:06.885		0.83953			4
2024.11.05	01:41:17.004		0.83951			4
2024.11.05	01:41:19.933		0.83953			4
2024.11.05	01:41:21.188		0.83952			4
2024.11.05	01:41:28.352		0.83953			4
2024.11.05	01:41:29.885		0.83954			4
2024.11.05	01:41:35.193	0.83950				2
2024.11.05	01:42:00.326	0.83950				2
2024.11.05	01:42:01.589		0.83953			4
2024.11.05	01:42:08.221		0.83954			4
2024.11.05	01:42:16.796	0.83949				2
2024.11.05	01:42:20.264		0.83953			4
2024.11.05	01:43:00.150	0.83949				2
2024.11.05	01:43:15.482		0.83954			4
2024.11.05	01:43:29.861		0.83952			4
2024.11.05	01:43:36.101		0.83953			4
2024.11.05	01:43:40.270		0.83952			4
2024.11.05	01:44:00.456	0.83949				2
2024.11.05	01:44:01.042		0.83951			4
2024.11.05	01:44:02.455	0.83948	0.83952			6
2024.11.05	01:44:02.762		0.83953			4
2024.11.05	01:44:07.116		0.83952			4
2024.11.05	01:44:08.029		0.83953			4
2024.11.05	01:44:09.115		0.83952			4
2024.11.05	01:44:33.316		0.83953			4
2024.11.05	01:44:37.166		0.83952			4
2024.11.05	01:44:45.601	0.83947	0.83951			6
2024.11.05	01:44:46.029		0.83952			4
2024.11.05	01:44:49.928	0.83948				2
2024.11.05	01:44:55.609		0.83951			4
2024.11.05	01:45:00.320	0.83948				2
2024.11.05	01:45:00.884		0.83952			4
2024.11.05	01:45:01.366	0.83949				2
2024.11.05	01:45:02.070		0.83953			4
2024.11.05	01:45:20.198		0.83952			4
2024.11.05	01:45:30.368	0.83950	0.83953			6
2024.11.05	01:45:47.535		0.83952			4
2024.11.05	01:46:00.449	0.83950				2
2024.11.05	01:46:12.827		0.83953			4
2024.11.05	01:46:19.601	0.83949	0.83952			6
2024.11.05	01:46:41.063		0.83951			4
2024.11.05	01:46:41.414		0.83952			4
2024.11.05	01:46:41.811		0.83951			4
2024.11.05	01:46:42.562	0.83950	0.83952			6
2024.11.05	01:46:44.349	0.83949				2
2024.11.05	01:47:00.370	0.83949				2
2024.11.05	01:47:01.771		0.83953			4
2024.11.05	01:47:04.619		0.83952			4
2024.11.05	01:48:00.067	0.83949				2
2024.11.05	01:48:00.961		0.83951			4
2024.11.05	01:48:52.355	0.83948	0.83950			6
2024.11.05	01:48:52.743		0.83951			4
2024.11.05	01:48:55.214		0.83950			4
2024.11.05	01:49:00.946	0.83948				2
2024.11.05	01:49:01.634		0.83951			4
2024.11.05	01:49:05.063	0.83949	0.83950			6
2024.11.05	01:49:12.356	0.83948	0.83949			6
2024.11.05	01:49:16.871	0.83947				2
2024.11.05	01:49:17.192	0.83948				2
2024.11.05	01:49:19.432		0.83950			4
2024.11.05	01:49:34.070	0.83945	0.83948			6
2024.11.05	01:49:41.208		0.83947			4
2024.11.05	01:49:41.525		0.83946			4
2024.11.05	01:49:48.053		0.83947			4
2024.11.05	01:49:48.585		0.83946			4
2024.11.05	01:49:53.952		0.83947			4
2024.11.05	01:49:54.471	0.83944	0.83946			6
2024.11.05	01:50:00.611	0.83944				2
2024.11.05	01:50:25.415		0.83945			4
2024.11.05	01:50:32.818	0.83943				2
2024.11.05	01:50:37.931		0.83946			4
2024.11.05	01:51:00.954	0.83943				2
2024.11.05	01:51:09.129	0.83946	0.83949			6
2024.11.05	01:51:09.481		0.83948			4
2024.11.05	01:51:10.139	0.83945	0.83946			6
2024.11.05	01:51:11.417	0.83944				2
2024.11.05	01:51:21.354	0.83943	0.83945			6
2024.11.05	01:51:25.463		0.83946			4
2024.11.05	01:51:32.024		0.83945			4
2024.11.05	01:51:33.099		0.83946			4
2024.11.05	01:51:54.913		0.83945			4
2024.11.05	01:51:55.315		0.83946			4
2024.11.05	01:52:00.082	0.83943				2
2024.11.05	01:52:06.867		0.83945			4
2024.11.05	01:52:08.572		0.83946			4
2024.11.05	01:52:08.990		0.83945			4
2024.11.05	01:52:18.730		0.83946			4
2024.11.05	01:52:19.175		0.83945			4
2024.11.05	01:52:26.349	0.83942	0.83944			6
2024.11.05	01:52:34.859	0.83941	0.83943			6
2024.11.05	01:52:37.390		0.83944			4
2024.11.05	01:52:38.048		0.83943			4
2024.11.05	01:52:41.085		0.83942			4
2024.11.05	01:53:00.418	0.83941				2
2024.11.05	01:53:45.841		0.83942			4
2024.11.05	01:54:03.948	0.83941				2
2024.11.05	01:54:09.107	0.83942	0.83943			6
2024.11.05	01:54:33.020	0.83941	0.83942			6
2024.11.05	01:54:36.811	0.83940	0.83941			6
2024.11.05	01:54:37.597	0.83939	0.83940			6
2024.11.05	01:55:00.320	0.83939				2
2024.11.05	01:55:39.501		0.83940			4
2024.11.05	01:56:00.324	0.83939				2
2024.11.05	01:56:37.079	0.83938	0.83939			6
2024.11.05	01:57:00.414	0.83938				2
2024.11.05	01:57:16.361	0.83939	0.83940			6
2024.11.05	01:57:21.648	0.83938	0.83939			6
2024.11.05	01:57:40.807	0.83940	0.83941			6
2024.11.05	01:57:41.675	0.83941	0.83942			6
2024.11.05	01:58:00.260	0.83942	0.83943			6
2024.11.05	01:58:01.382	0.83941	0.83942			6
2024.11.05	01:58:10.575	0.83942	0.83943			6
2024.11.05	01:58:21.106	0.83941	0.83942			6
2024.11.05	01:58:27.755	0.83939	0.83940			6
2024.11.05	01:58:28.910	0.83940	0.83941			6
2024.11.05	01:58:33.142	0.83939	0.83940			6
2024.11.05	01:58:41.953	0.83940	0.83941			6
2024.11.05	01:58:42.320	0.83939	0.83940			6
2024.11.05	01:58:43.484	0.83940	0.83941			6
2024.11.05	01:58:43.805	0.83939	0.83940			6
2024.11.05	01:59:00.473	0.83939				2
2024.11.05	01:59:19.542	0.83940	0.83941			6
2024.11.05	01:59:20.681	0.83939	0.83940			6
2024.11.05	01:59:23.544	0.83940	0.83941			6
2024.11.05	01:59:24.707	0.83939	0.83940			6
2024.11.05	01:59:28.708	0.83937	0.83938			6
2024.11.05	01:59:30.354	0.83936	0.83937			6
2024.11.05	01:59:42.315	0.83937	0.83938			6
2024.11.05	01:59:49.653	0.83938	0.83939			6
2024.11.05	02:00:00.361	0.83938				2
2024.11.05	02:00:00.663	0.83939	0.83940			6
2024.11.05	02:00:05.020	0.83940	0.83941			6
2024.11.05	02:00:10.774	0.83942	0.83943			6
2024.11.05	02:00:18.324	0.83941	0.83942			6
2024.11.05	02:00:38.008	0.83942	0.83943			6
2024.11.05	02:00:39.200	0.83941	0.83942			6
2024.11.05	02:00:39.504	0.83942	0.83943			6
2024.11.05	02:00:42.432	0.83943	0.83944			6
2024.11.05	02:00:42.775	0.83942	0.83943			6
2024.11.05	02:00:43.577	0.83943	0.83944			6
2024.11.05	02:00:43.884	0.83946	0.83947			6
2024.11.05	02:00:44.188	0.83949	0.83950			6
2024.11.05	02:00:47.670	0.83950	0.83951			6
2024.11.05	02:00:53.054	0.83951	0.83952			6
2024.11.05	02:00:54.967	0.83950	0.83951			6
2024.11.05	02:00:59.972	0.83949	0.83950			6
2024.11.05	02:01:00.277	0.83948				2
2024.11.05	02:01:01.638	0.83947	0.83949			6
2024.11.05	02:01:02.189	0.83948				2
2024.11.05	02:01:03.146	0.83947				2
2024.11.05	02:01:03.459	0.83950	0.83951			6
2024.11.05	02:01:05.026	0.83951	0.83952			6
2024.11.05	02:01:10.606	0.83949	0.83950			6
2024.11.05	02:01:11.220	0.83950	0.83951			6
2024.11.05	02:01:30.935	0.83951	0.83952			6
2024.11.05	02:01:32.405	0.83952	0.83953			6
2024.11.05	02:01:32.739	0.83953	0.83954			6
2024.11.05	02:01:36.408	0.83954	0.83955			6
2024.11.05	02:01:37.514	0.83953	0.83954			6
2024.11.05	02:01:38.654	0.83955	0.83956			6
2024.11.05	02:01:43.338	0.83953	0.83955			6
2024.11.05	02:01:43.738	0.83954				2
2024.11.05	02:02:00.324	0.83954				2
2024.11.05	02:02:00.633	0.83955	0.83956			6
2024.11.05	02:02:08.781	0.83960	0.83961			6
2024.11.05	02:02:09.332	0.83959	0.83960			6
2024.11.05	02:02:20.476	0.83958	0.83959			6
2024.11.05	02:02:20.912	0.83957	0.83958			6
2024.11.05	02:02:45.287	0.83958	0.83959			6
2024.11.05	02:02:53.138	0.83957	0.83958			6
2024.11.05	02:02:56.596	0.83958	0.83959			6
2024.11.05	02:02:59.972	0.83957	0.83958			6
2024.11.05	02:03:00.461	0.83957				2
2024.11.05	02:03:09.359	0.83958	0.83959			6
2024.11.05	02:03:11.380	0.83957	0.83958			6
2024.11.05	02:03:46.675	0.83955	0.83956			6
2024.11.05	02:03:48.493	0.83956	0.83957			6
2024.11.05	02:03:50.586	0.83955	0.83956			6
2024.11.05	02:04:00.363	0.83958	0.83959			6
2024.11.05	02:04:00.664	0.83961	0.83962			6
2024.11.05	02:04:07.902	0.83960	0.83961			6
2024.11.05	02:04:26.815	0.83962	0.83964			6
2024.11.05	02:04:27.510	0.83961				2
2024.11.05	02:04:28.019		0.83963			4
2024.11.05	02:04:29.021	0.83960	0.83961			6
2024.11.05	02:04:32.515	0.83961	0.83962			6
2024.11.05	02:04:40.069	0.83960	0.83961			6
2024.11.05	02:05:00.002	0.83960				2
2024.11.05	02:05:36.550	0.83961	0.83962			6
2024.11.05	02:06:00.305	0.83961				2
2024.11.05	02:06:25.996	0.83960	0.83961			6
2024.11.05	02:06:50.881	0.83961	0.83962			6
2024.11.05	02:06:52.526	0.83960	0.83961			6
2024.11.05	02:07:01.171	0.83960				2
2024.11.05	02:07:24.026	0.83959	0.83960			6
2024.11.05	02:07:24.355	0.83960	0.83961			6
2024.11.05	02:07:39.132	0.83959	0.83960			6
2024.11.05	02:07:39.517	0.83958	0.83959			6
2024.11.05	02:08:00.095	0.83958				2
2024.11.05	02:08:12.568	0.83957	0.83958			6
2024.11.05	02:08:37.428	0.83956	0.83957			6
2024.11.05	02:08:39.955	0.83957	0.83958			6
2024.11.05	02:08:53.296	0.83956	0.83957			6
2024.11.05	02:09:00.875	0.83956				2
2024.11.05	02:09:34.383	0.83957	0.83958			6
2024.11.05	02:09:34.706	0.83956	0.83957			6
2024.11.05	02:10:01.377	0.83956				2
2024.11.05	02:10:05.951	0.83957	0.83958			6
2024.11.05	02:10:19.019	0.83956	0.83957			6
2024.11.05	02:10:45.021	0.83955	0.83956			6
2024.11.05	02:10:45.336	0.83954	0.83955			6
2024.11.05	02:10:46.329	0.83955	0.83956			6
2024.11.05	02:10:48.871	0.83954	0.83955			6
2024.11.05	02:10:51.071	0.83955	0.83956			6
2024.11.05	02:10:51.495	0.83954	0.83955			6
2024.11.05	02:10:52.176	0.83955	0.83956			6
2024.11.05	02:10:54.961	0.83954	0.83955			6
2024.11.05	02:10:56.275	0.83955	0.83956			6
2024.11.05	02:11:00.361	0.83955				2
2024.11.05	02:11:04.334	0.83956	0.83957			6
2024.11.05	02:11:17.601	0.83955	0.83956			6
2024.11.05	02:11:32.976	0.83956	0.83957			6
2024.11.05	02:11:35.466	0.83955	0.83956			6
2024.11.05	02:11:58.076	0.83954	0.83955			6
2024.11.05	02:11:58.379	0.83955	0.83956			6
2024.11.05	02:11:59.634	0.83954	0.83955			6
2024.11.05	02:11:59.962	0.83955	0.83956			6
2024.11.05	02:12:00.321	0.83955				2
2024.11.05	02:12:08.072	0.83954	0.83955			6
2024.11.05	02:12:08.434	0.83955	0.83956			6
2024.11.05	02:12:14.381	0.83954	0.83955			6
2024.11.05	02:12:20.057	0.83955	0.83956			6
2024.11.05	02:12:24.684	0.83954	0.83955			6
2024.11.05	02:12:37.942	0.83955	0.83956			6
2024.11.05	02:12:38.533	0.83954	0.83955			6
2024.11.05	02:12:46.117	0.83955	0.83956			6
2024.11.05	02:12:49.412	0.83954	0.83955			6
2024.11.05	02:12:49.749	0.83955	0.83956			6
2024.11.05	02:12:50.322	0.83954	0.83955			6
2024.11.05	02:12:52.344	0.83955	0.83956			6
2024.11.05	02:12:59.636	0.83954	0.83955			6
2024.11.05	02:13:00.441	0.83953	0.83954			6
2024.11.05	02:13:01.180	0.83951	0.83952			6
2024.11.05	02:13:12.146	0.83952	0.83953			6
2024.11.05	02:13:12.469	0.83953	0.83954			6
2024.11.05	02:13:23.006	0.83952	0.83953			6
2024.11.05	02:14:00.639	0.83952				2
2024.11.05	02:14:23.279		0.83953			4
2024.11.05	02:14:52.862	0.83954	0.83955			6
2024.11.05	02:15:00.317	0.83954				2
2024.11.05	02:15:16.870	0.83955	0.83956			6
2024.11.05	02:15:41.490	0.83957	0.83958			6
2024.11.05	02:15:45.192	0.83958	0.83959			6
2024.11.05	02:15:49.224	0.83957	0.83958			6
2024.11.05	02:15:51.602	0.83956	0.83957			6
2024.11.05	02:16:00.332	0.83956				2
2024.11.05	02:16:03.658	0.83955	0.83956			6
2024.11.05	02:16:03.962	0.83954	0.83955			6
2024.11.05	02:16:12.360	0.83953	0.83954			6
2024.11.05	02:16:12.673	0.83951	0.83952			6
2024.11.05	02:16:13.236	0.83950	0.83951			6
2024.11.05	02:17:00.524	0.83950				2
2024.11.05	02:17:13.783		0.83951			4
2024.11.05	02:17:21.629	0.83949	0.83950			6
2024.11.05	02:17:22.081	0.83950	0.83951			6
2024.11.05	02:17:24.431	0.83949	0.83950			6
2024.11.05	02:17:30.092	0.83950	0.83951			6
2024.11.05	02:17:30.414	0.83949	0.83950			6
2024.11.05	02:17:46.163	0.83950	0.83951			6
2024.11.05	02:17:47.763	0.83949	0.83950			6
2024.11.05	02:17:49.270	0.83951	0.83952			6
2024.11.05	02:18:00.436	0.83951				2
2024.11.05	02:18:31.124	0.83952	0.83953			6
2024.11.05	02:18:31.438	0.83951	0.83952			6
2024.11.05	02:18:43.120	0.83952	0.83953			6
2024.11.05	02:18:59.067	0.83954	0.83955			6
2024.11.05	02:19:00.174	0.83954				2
2024.11.05	02:19:48.025	0.83952	0.83953			6
2024.11.05	02:20:00.029	0.83952				2
2024.11.05	02:20:33.638	0.83953	0.83954			6
2024.11.05	02:20:36.719	0.83954	0.83955			6
2024.11.05	02:20:37.563	0.83953	0.83954			6
2024.11.05	02:20:38.954	0.83954	0.83955			6
2024.11.05	02:20:39.319	0.83953	0.83954			6
2024.11.05	02:21:02.351	0.83953				2
2024.11.05	02:21:27.799	0.83952	0.83953			6
2024.11.05	02:21:45.213	0.83953	0.83954			6
2024.11.05	02:21:48.875	0.83952	0.83953			6
2024.11.05	02:21:52.242	0.83953	0.83954			6
2024.11.05	02:21:53.308	0.83954	0.83955			6
2024.11.05	02:21:59.084	0.83953	0.83954			6
2024.11.05	02:21:59.787	0.83952				2
2024.11.05	02:22:01.112	0.83955	0.83956			6
2024.11.05	02:22:19.374	0.83956	0.83957			6
2024.11.05	02:22:22.559	0.83955	0.83956			6
2024.11.05	02:23:00.573	0.83955				2
2024.11.05	02:23:28.518		0.83956			4
2024.11.05	02:24:01.956	0.83955				2
2024.11.05	02:24:02.336	0.83953	0.83954			6
2024.11.05	02:25:07.327	0.83953	0.83954			6
2024.11.05	02:25:37.943	0.83955	0.83956			6
2024.11.05	02:25:40.703	0.83956	0.83957			6
2024.11.05	02:25:50.199	0.83957	0.83958			6
2024.11.05	02:25:51.341	0.83956	0.83957			6
2024.11.05	02:25:57.866	0.83955	0.83956			6
2024.11.05	02:26:00.475	0.83956	0.83957			6
2024.11.05	02:26:12.568	0.83955	0.83956			6
2024.11.05	02:26:36.679	0.83956	0.83957			6
2024.11.05	02:27:00.132	0.83956				2
2024.11.05	02:27:17.551	0.83958	0.83959			6
2024.11.05	02:27:18.452	0.83957	0.83958			6
2024.11.05	02:27:18.787	0.83956	0.83957			6
2024.11.05	02:28:01.388	0.83956				2
2024.11.05	02:28:22.323		0.83957			4
2024.11.05	02:28:23.290	0.83957	0.83958			6
2024.11.05	02:28:42.828	0.83956	0.83957			6
2024.11.05	02:28:45.379	0.83957	0.83958			6
2024.11.05	02:28:46.676	0.83956	0.83957			6
2024.11.05	02:28:54.373	0.83957	0.83958			6
2024.11.05	02:28:56.165	0.83956	0.83957			6
2024.11.05	02:29:01.069	0.83957	0.83958			6
2024.11.05	02:29:18.876	0.83955	0.83956			6
2024.11.05	02:29:19.482	0.83956	0.83957			6
2024.11.05	02:29:20.674	0.83957	0.83958			6
2024.11.05	02:29:51.068	0.83956	0.83957			6
2024.11.05	02:29:53.777	0.83957	0.83958			6
2024.11.05	02:29:56.472	0.83958	0.83959			6
2024.11.05	02:29:57.390	0.83957	0.83958			6
2024.11.05	02:30:00.397	0.83956	0.83957			6
2024.11.05	02:30:18.139	0.83955	0.83956			6
2024.11.05	02:30:18.988	0.83956	0.83957			6
2024.11.05	02:30:20.751	0.83955	0.83956			6
2024.11.05	02:30:21.540	0.83956	0.83957			6
2024.11.05	02:30:25.562	0.83955	0.83956			6
2024.11.05	02:30:32.322	0.83956	0.83957			6
2024.11.05	02:30:36.687	0.83955	0.83956			6
2024.11.05	02:31:00.814	0.83955				2
2024.11.05	02:31:01.980	0.83956	0.83957			6
2024.11.05	02:31:42.108	0.83957	0.83958			6
2024.11.05	02:31:43.915	0.83956	0.83957			6
2024.11.05	02:32:01.126	0.83956				2
2024.11.05	02:32:06.996	0.83957	0.83958			6
2024.11.05	02:32:12.884	0.83956	0.83957			6
2024.11.05	02:33:00.552	0.83956				2
2024.11.05	02:33:13.596		0.83957			4
2024.11.05	02:33:22.496	0.83957	0.83958			6
2024.11.05	02:33:24.521	0.83956	0.83957			6
2024.11.05	02:33:39.781	0.83955	0.83956			6
2024.11.05	02:33:48.612	0.83956	0.83957			6
2024.11.05	02:34:00.809	0.83956				2
2024.11.05	02:34:01.860	0.83955	0.83956			6
2024.11.05	02:34:03.264	0.83957	0.83958			6
2024.11.05	02:34:05.491	0.83958	0.83959			6
2024.11.05	02:34:06.782	0.83957	0.83958			6
2024.11.05	02:34:08.767	0.83958	0.83959			6
2024.11.05	02:34:12.344	0.83959	0.83960			6
2024.11.05	02:34:13.322	0.83958	0.83959			6
2024.11.05	02:34:33.198	0.83957	0.83958			6
2024.11.05	02:34:38.461	0.83958	0.83959			6
2024.11.05	02:34:46.902	0.83957	0.83958			6
2024.11.05	02:34:48.995	0.83958	0.83959			6
2024.11.05	02:34:49.479	0.83957	0.83958			6
2024.11.05	02:34:58.972	0.83958	0.83959			6
2024.11.05	02:35:00.807	0.83958				2
2024.11.05	02:35:05.457	0.83957	0.83958			6
2024.11.05	02:35:06.197	0.83958	0.83959			6
2024.11.05	02:35:22.126	0.83957	0.83958			6
2024.11.05	02:35:28.723	0.83961	0.83964			6
2024.11.05	02:35:29.031		0.83965			4
2024.11.05	02:35:29.382	0.83962				2
2024.11.05	02:35:30.364	0.83961				2
2024.11.05	02:35:33.853		0.83962			4
2024.11.05	02:35:35.425	0.83960				2
2024.11.05	02:35:38.351	0.83961				2
2024.11.05	02:35:39.436		0.83963			4
2024.11.05	02:35:41.141	0.83962				2
2024.11.05	02:35:51.567	0.83963	0.83964			6
2024.11.05	02:36:00.437	0.83964	0.83965			6
2024.11.05	02:36:00.741	0.83963	0.83964			6
2024.11.05	02:36:01.610	0.83962	0.83963			6
2024.11.05	02:36:08.526	0.83963	0.83964			6
2024.11.05	02:36:09.586	0.83962	0.83963			6
2024.11.05	02:36:11.304	0.83963	0.83964			6
2024.11.05	02:36:16.510	0.83961				2
2024.11.05	02:36:17.691	0.83962				2
2024.11.05	02:36:18.354	0.83961				2
2024.11.05	02:36:21.553	0.83962				2
2024.11.05	02:36:22.449	0.83961	0.83963			6
2024.11.05	02:36:24.344	0.83962				2
2024.11.05	02:36:30.763	0.83963	0.83964			6
2024.11.05	02:36:32.720	0.83962				2
2024.11.05	02:36:33.203	0.83963				2
2024.11.05	02:36:33.601	0.83961	0.83963			6
2024.11.05	02:36:33.971		0.83964			4
2024.11.05	02:36:36.402	0.83960	0.83963			6
2024.11.05	02:36:37.761	0.83961	0.83964			6
2024.11.05	02:36:40.081		0.83963			4
2024.11.05	02:36:40.650	0.83962	0.83964			6
2024.11.05	02:36:42.438	0.83961				2
2024.11.05	02:36:45.362	0.83962				2
2024.11.05	02:36:47.690	0.83961				2
2024.11.05	02:36:48.002	0.83962				2
2024.11.05	02:36:48.316	0.83961				2
2024.11.05	02:36:48.812	0.83963				2
2024.11.05	02:36:49.198		0.83965			4
2024.11.05	02:36:49.576	0.83964				2
2024.11.05	02:36:50.866		0.83967			4
2024.11.05	02:36:51.189		0.83965			4
2024.11.05	02:36:51.558	0.83965	0.83966			6
2024.11.05	02:36:51.916	0.83966	0.83967			6
2024.11.05	02:36:52.485		0.83968			4
2024.11.05	02:36:55.727	0.83964	0.83967			6
2024.11.05	02:36:56.125	0.83965	0.83966			6
2024.11.05	02:36:58.181	0.83964				2
2024.11.05	02:37:01.062	0.83964				2
2024.11.05	02:37:05.151	0.83965				2
2024.11.05	02:37:05.954	0.83964				2
2024.11.05	02:37:13.756	0.83965				2
2024.11.05	02:37:18.348		0.83967			4
2024.11.05	02:37:19.466	0.83966				2
2024.11.05	02:37:20.900	0.83965				2
2024.11.05	02:37:22.678	0.83966				2
2024.11.05	02:37:22.987	0.83965				2
2024.11.05	02:37:28.460	0.83966				2
2024.11.05	02:37:28.807	0.83965				2
2024.11.05	02:37:29.257	0.83966				2
2024.11.05	02:37:29.602	0.83965				2
2024.11.05	02:37:30.102	0.83966				2
2024.11.05	02:37:31.301	0.83965				2
2024.11.05	02:37:31.609	0.83964	0.83966			6
2024.11.05	02:37:32.620	0.83965				2
2024.11.05	02:37:47.605		0.83967			4
2024.11.05	02:37:51.563		0.83966			4
2024.11.05	02:37:53.228	0.83964				2
2024.11.05	02:37:57.417	0.83965				2
2024.11.05	02:38:00.223	0.83965				2
2024.11.05	02:38:15.904	0.83966	0.83967			6
2024.11.05	02:38:17.605	0.83967	0.83968			6
2024.11.05	02:38:17.905	0.83966	0.83967			6
2024.11.05	02:38:18.763	0.83965	0.83966			6
2024.11.05	02:38:20.518	0.83964				2
2024.11.05	02:38:22.250	0.83965				2
2024.11.05	02:38:38.739	0.83966	0.83967			6
2024.11.05	02:38:40.252	0.83967	0.83968			6
2024.11.05	02:38:40.937	0.83966	0.83967			6
2024.11.05	02:38:43.124	0.83967	0.83968			6
2024.11.05	02:38:44.128	0.83966	0.83967			6
2024.11.05	02:38:47.817	0.83965	0.83966			6
2024.11.05	02:38:56.348	0.83966	0.83967			6
2024.11.05	02:38:59.132	0.83965	0.83966			6
2024.11.05	02:39:04.033	0.83965				2
2024.11.05	02:39:08.917	0.83966	0.83967			6
2024.11.05	02:39:13.650	0.83965	0.83966			6
2024.11.05	02:39:24.438	0.83966	0.83967			6
2024.11.05	02:39:26.346	0.83965				2
2024.11.05	02:39:27.135	0.83966				2
2024.11.05	02:39:35.108		0.83968			4
2024.11.05	02:39:35.768	0.83967				2
2024.11.05	02:39:36.170	0.83966	0.83967			6
2024.11.05	02:39:38.584	0.83967	0.83968			6
2024.11.05	02:39:39.187	0.83966	0.83967			6
2024.11.05	02:39:55.199	0.83967	0.83969			6
2024.11.05	02:40:00.804	0.83967				2
2024.11.05	02:40:04.609	0.83968	0.83970			6
2024.11.05	02:40:12.298	0.83967				2
2024.11.05	02:40:13.694	0.83968				2
2024.11.05	02:40:16.823	0.83969				2
2024.11.05	02:40:18.696	0.83968				2
2024.11.05	02:40:19.382	0.83969				2
2024.11.05	02:40:21.549	0.83968				2
2024.11.05	02:40:22.048	0.83969				2
2024.11.05	02:40:22.549	0.83968				2
2024.11.05	02:40:22.855	0.83969				2
2024.11.05	02:40:23.413	0.83970	0.83971			6
2024.11.05	02:40:29.179	0.83973	0.83974			6
2024.11.05	02:40:35.523	0.83972	0.83973			6
2024.11.05	02:40:42.781	0.83973	0.83975			6
2024.11.05	02:40:43.090	0.83972				2
2024.11.05	02:40:45.191		0.83974			4
2024.11.05	02:40:53.037	0.83971				2
2024.11.05	02:40:55.029	0.83972				2
2024.11.05	02:41:00.239	0.83972				2
2024.11.05	02:41:01.264	0.83971				2
2024.11.05	02:41:02.825	0.83972				2
2024.11.05	02:41:05.209	0.83973				2
2024.11.05	02:41:05.526	0.83972				2
2024.11.05	02:41:06.661	0.83973				2
2024.11.05	02:41:07.593	0.83972				2
2024.11.05	02:41:07.928	0.83973				2
2024.11.05	02:41:09.869	0.83972				2
2024.11.05	02:41:11.678		0.83975			4
2024.11.05	02:41:16.444	0.83974				2
2024.11.05	02:41:28.295	0.83975	0.83976			6
2024.11.05	02:41:28.642	0.83974	0.83975			6
2024.11.05	02:41:30.607	0.83976	0.83977			6
2024.11.05	02:41:33.751	0.83975	0.83976			6
2024.11.05	02:41:41.965	0.83974	0.83975			6
2024.11.05	02:41:42.344	0.83975	0.83976			6
2024.11.05	02:41:44.344	0.83974	0.83975			6
2024.11.05	02:41:49.265		0.83977			4
2024.11.05	02:41:49.984	0.83975				2
2024.11.05	02:41:50.835	0.83976				2
2024.11.05	02:41:51.540	0.83975				2
2024.11.05	02:41:52.028	0.83976				2
2024.11.05	02:41:52.679	0.83975				2
2024.11.05	02:41:57.101	0.83976				2
2024.11.05	02:41:57.779		0.83978			4
2024.11.05	02:41:58.262		0.83977			4
2024.11.05	02:42:00.162	0.83976				2
2024.11.05	02:42:01.389	0.83975	0.83976			6
2024.11.05	02:42:05.174	0.83976	0.83977			6
2024.11.05	02:42:06.064	0.83974	0.83976			6
2024.11.05	02:42:06.448	0.83975				2
2024.11.05	02:42:06.911	0.83974	0.83975			6
2024.11.05	02:42:11.588	0.83973	0.83974			6
2024.11.05	02:42:11.902	0.83974	0.83975			6
2024.11.05	02:42:12.241	0.83975	0.83976			6
2024.11.05	02:42:17.343	0.83976	0.83977			6
2024.11.05	02:42:18.749	0.83975	0.83976			6
2024.11.05	02:42:22.681	0.83976	0.83977			6
2024.11.05	02:42:37.629	0.83975	0.83976			6
2024.11.05	02:42:38.571	0.83976	0.83977			6
2024.11.05	02:42:40.084	0.83975	0.83976			6
2024.11.05	02:42:49.522	0.83977	0.83978			6
2024.11.05	02:42:50.145	0.83976	0.83977			6
2024.11.05	02:42:52.244	0.83977	0.83978			6
2024.11.05	02:42:52.738	0.83976	0.83977			6
2024.11.05	02:42:53.415	0.83977	0.83978			6
2024.11.05	02:42:54.375	0.83976	0.83977			6
2024.11.05	02:42:55.753	0.83975				2
2024.11.05	02:42:57.089	0.83976				2
2024.11.05	02:43:00.463	0.83977	0.83978			6
2024.11.05	02:43:00.807	0.83976	0.83977			6
2024.11.05	02:43:01.546	0.83977	0.83978			6
2024.11.05	02:43:03.563	0.83976	0.83977			6
2024.11.05	02:43:05.789	0.83977	0.83978			6
2024.11.05	02:43:07.406	0.83976	0.83977			6
2024.11.05	02:43:13.663	0.83975	0.83976			6
2024.11.05	02:43:14.213	0.83976	0.83977			6
2024.11.05	02:43:14.608	0.83975	0.83976			6
2024.11.05	02:43:26.082	0.83974	0.83975			6
2024.11.05	02:43:26.714	0.83975	0.83976			6
2024.11.05	02:43:33.806	0.83974	0.83975			6
2024.11.05	02:43:43.388	0.83973	0.83974			6
2024.11.05	02:43:56.480	0.83974	0.83975			6
2024.11.05	02:43:57.143	0.83973	0.83974			6
2024.11.05	02:44:00.372	0.83973				2
2024.11.05	02:44:11.592	0.83974	0.83975			6
2024.11.05	02:44:14.172	0.83973	0.83974			6
2024.11.05	02:44:15.026	0.83975	0.83976			6
2024.11.05	02:44:23.433	0.83976	0.83977			6
2024.11.05	02:44:27.851	0.83977	0.83978			6
2024.11.05	02:44:28.625	0.83975	0.83976			6
2024.11.05	02:44:29.156	0.83976	0.83977			6
2024.11.05	02:44:29.540	0.83975	0.83976			6
2024.11.05	02:44:30.164	0.83976	0.83977			6
2024.11.05	02:44:30.621	0.83975	0.83976			6
2024.11.05	02:44:32.190	0.83976	0.83977			6
2024.11.05	02:44:32.592	0.83975	0.83976			6
2024.11.05	02:44:33.195	0.83976	0.83977			6
2024.11.05	02:44:56.766	0.83975	0.83976			6
2024.11.05	02:45:01.398	0.83975				2
2024.11.05	02:45:02.635	0.83977	0.83978			6
2024.11.05	02:45:04.603	0.83976				2
2024.11.05	02:45:06.021		0.83977			4
2024.11.05	02:45:06.982	0.83977	0.83978			6
2024.11.05	02:45:40.818	0.83976	0.83977			6
2024.11.05	02:45:49.430	0.83978	0.83979			6
2024.11.05	02:45:50.865	0.83977	0.83978			6
2024.11.05	02:45:51.393	0.83978	0.83979			6
2024.11.05	02:45:59.078	0.83977	0.83978			6
2024.11.05	02:46:01.366	0.83977				2
2024.11.05	02:46:07.620		0.83979			4
2024.11.05	02:46:10.879	0.83978				2
2024.11.05	02:46:11.780	0.83977				2
2024.11.05	02:46:16.803	0.83976	0.83978			6
2024.11.05	02:46:19.887		0.83977			4
2024.11.05	02:46:21.509	0.83977	0.83978			6
2024.11.05	02:46:29.604	0.83976	0.83977			6
2024.11.05	02:46:29.941	0.83977	0.83978			6
2024.11.05	02:46:31.292	0.83976	0.83977			6
2024.11.05	02:46:34.723	0.83977	0.83978			6
2024.11.05	02:46:40.711	0.83976	0.83977			6
2024.11.05	02:46:51.399	0.83975	0.83976			6
2024.11.05	02:46:52.559	0.83976	0.83977			6
2024.11.05	02:46:52.920	0.83975	0.83976			6
2024.11.05	02:46:55.437		0.83977			4
2024.11.05	02:46:56.036	0.83976				2
2024.11.05	02:46:58.101	0.83975	0.83976			6
2024.11.05	02:47:00.072	0.83975				2
2024.11.05	02:47:11.801	0.83974	0.83975			6
2024.11.05	02:47:14.244	0.83975	0.83976			6
2024.11.05	02:47:15.056	0.83974	0.83975			6
2024.11.05	02:47:16.548	0.83975	0.83976			6
2024.11.05	02:47:16.924	0.83974	0.83975			6
2024.11.05	02:47:17.341	0.83975	0.83976			6
2024.11.05	02:47:24.818	0.83974	0.83975			6
2024.11.05	02:47:35.848	0.83973	0.83974			6
2024.11.05	02:47:38.432	0.83972	0.83973			6
2024.11.05	02:47:39.923	0.83971	0.83972			6
2024.11.05	02:47:47.198	0.83970	0.83971			6
2024.11.05	02:48:00.573	0.83970				2
2024.11.05	02:48:01.144	0.83969	0.83970			6
2024.11.05	02:48:01.501	0.83968	0.83969			6
2024.11.05	02:48:07.604	0.83966				2
2024.11.05	02:48:18.985	0.83968				2
2024.11.05	02:48:28.890	0.83967	0.83968			6
2024.11.05	02:48:29.517	0.83970	0.83971			6
2024.11.05	02:48:56.586	0.83969	0.83970			6
2024.11.05	02:48:58.077	0.83967	0.83968			6
2024.11.05	02:48:58.992	0.83966	0.83967			6
2024.11.05	02:49:00.364	0.83966				2
2024.11.05	02:49:02.339	0.83965	0.83966			6
2024.11.05	02:49:03.462	0.83966	0.83967			6
2024.11.05	02:49:05.706	0.83965	0.83966			6
2024.11.05	02:49:06.033		0.83967			4
2024.11.05	02:49:06.389	0.83966				2
2024.11.05	02:49:25.616	0.83967	0.83968			6
2024.11.05	02:49:33.211	0.83966	0.83967			6
2024.11.05	02:49:33.798	0.83965	0.83966			6
2024.11.05	02:49:34.221	0.83966	0.83967			6
2024.11.05	02:49:35.291	0.83965	0.83966			6
2024.11.05	02:49:36.795	0.83966	0.83967			6
2024.11.05	02:49:40.189	0.83967	0.83968			6
2024.11.05	02:49:40.786	0.83966	0.83967			6
2024.11.05	02:49:44.287	0.83967	0.83968			6
2024.11.05	02:49:45.305	0.83966	0.83967			6
2024.11.05	02:49:59.895	0.83965	0.83966			6
2024.11.05	02:50:00.203	0.83965				2
2024.11.05	02:50:04.788	0.83964				2
2024.11.05	02:50:12.449	0.83965				2
2024.11.05	02:50:12.936	0.83964				2
2024.11.05	02:50:19.046	0.83965				2
2024.11.05	02:50:19.346	0.83964	0.83965			6
2024.11.05	02:50:23.829	0.83963				2
2024.11.05	02:50:24.936	0.83964				2
2024.11.05	02:50:26.438	0.83963	0.83964			6
2024.11.05	02:50:28.135	0.83964	0.83965			6
2024.11.05	02:50:30.557	0.83963	0.83964			6
2024.11.05	02:50:31.009	0.83962	0.83963			6
2024.11.05	02:50:31.316	0.83961				2
2024.11.05	02:50:45.495	0.83960	0.83962			6
2024.11.05	02:50:45.939		0.83961			4
2024.11.05	02:50:47.199	0.83959				2
2024.11.05	02:50:48.235	0.83960				2
2024.11.05	02:50:48.801	0.83959				2
2024.11.05	02:50:49.406	0.83960				2
2024.11.05	02:50:50.195	0.83959				2
2024.11.05	02:50:50.496	0.83960				2
2024.11.05	02:50:51.023	0.83959				2
2024.11.05	02:50:51.753		0.83962			4
2024.11.05	02:50:53.090	0.83960				2
2024.11.05	02:50:56.067	0.83959				2
2024.11.05	02:50:56.439	0.83960				2
2024.11.05	02:50:57.582		0.83961			4
2024.11.05	02:51:00.897	0.83960				2
2024.11.05	02:51:01.688		0.83962			4
2024.11.05	02:51:02.433	0.83959				2
2024.11.05	02:51:05.750	0.83958				2
2024.11.05	02:51:08.164		0.83961			4
2024.11.05	02:51:08.632		0.83962			4
2024.11.05	02:51:08.953		0.83961			4
2024.11.05	02:51:11.520		0.83962			4
2024.11.05	02:51:12.894		0.83961			4
2024.11.05	02:51:14.610		0.83962			4
2024.11.05	02:51:20.068	0.83959				2
2024.11.05	02:51:20.516	0.83958				2
2024.11.05	02:51:21.204	0.83959				2
2024.11.05	02:51:25.301	0.83958				2
2024.11.05	02:51:26.019	0.83959				2
2024.11.05	02:51:26.613	0.83960				2
2024.11.05	02:51:27.002	0.83959				2
2024.11.05	02:51:27.438	0.83960				2
2024.11.05	02:51:28.406	0.83959				2
2024.11.05	02:51:30.315	0.83960				2
2024.11.05	02:51:31.305	0.83961				2
2024.11.05	02:51:34.044	0.83960				2
2024.11.05	02:51:35.900	0.83959				2
2024.11.05	02:51:39.488	0.83960				2
2024.11.05	02:51:40.252	0.83959				2
2024.11.05	02:51:45.363	0.83960				2
2024.11.05	02:51:48.259	0.83961	0.83963			6
2024.11.05	02:51:48.571	0.83960				2
2024.11.05	02:51:53.571	0.83961				2
2024.11.05	02:51:55.761		0.83962			4
2024.11.05	02:51:57.706	0.83960				2
2024.11.05	02:52:01.380	0.83960	0.83963			6
2024.11.05	02:52:01.910		0.83962			4
2024.11.05	02:52:02.974	0.83961	0.83963			6
2024.11.05	02:52:03.327	0.83960				2
2024.11.05	02:52:04.619	0.83961				2
2024.11.05	02:52:07.627	0.83960				2
2024.11.05	02:52:07.950	0.83962				2
2024.11.05	02:52:08.701	0.83960				2
2024.11.05	02:52:09.224	0.83961				2
2024.11.05	02:52:09.677		0.83964			4
2024.11.05	02:52:11.240	0.83960				2
2024.11.05	02:52:12.286		0.83963			4
2024.11.05	02:52:15.689		0.83962			4
2024.11.05	02:52:17.671	0.83961				2
2024.11.05	02:52:18.403	0.83960				2
2024.11.05	02:52:19.502	0.83961				2
2024.11.05	02:52:19.895	0.83960				2
2024.11.05	02:52:36.032	0.83959				2
2024.11.05	02:52:40.090		0.83963			4
2024.11.05	02:52:45.461	0.83960	0.83962			6
2024.11.05	02:52:56.607		0.83964			4
2024.11.05	02:52:57.040	0.83961	0.83962			6
2024.11.05	02:52:57.581	0.83960				2
2024.11.05	02:52:58.522	0.83959	0.83961			6
2024.11.05	02:53:00.325	0.83959				2
2024.11.05	02:53:04.601	0.83960				2
2024.11.05	02:53:04.906	0.83959				2
2024.11.05	02:53:06.593	0.83958	0.83959			6
2024.11.05	02:53:10.077	0.83959	0.83960			6
2024.11.05	02:53:17.806	0.83958	0.83959			6
2024.11.05	02:53:19.550	0.83959	0.83960			6
2024.11.05	02:53:28.931	0.83958	0.83959			6
2024.11.05	02:53:34.068	0.83957	0.83958			6
2024.11.05	02:53:36.117	0.83958	0.83959			6
2024.11.05	02:53:36.694	0.83960	0.83961			6
2024.11.05	02:53:45.974	0.83962	0.83963			6
2024.11.05	02:53:49.316	0.83961	0.83962			6
2024.11.05	02:53:51.049	0.83960	0.83961			6
2024.11.05	02:53:54.504	0.83961	0.83962			6
2024.11.05	02:53:57.313	0.83958	0.83959			6
2024.11.05	02:54:00.024	0.83958				2
2024.11.05	02:54:05.465	0.83959	0.83960			6
2024.11.05	02:54:05.793	0.83958	0.83959			6
2024.11.05	02:54:07.936		0.83960			4
2024.11.05	02:54:08.673		0.83959			4
2024.11.05	02:54:09.303	0.83959	0.83960			6
2024.11.05	02:54:09.942	0.83960	0.83961			6
2024.11.05	02:54:17.725	0.83961	0.83962			6
2024.11.05	02:54:19.087	0.83960	0.83961			6
2024.11.05	02:54:23.522	0.83958	0.83959			6
2024.11.05	02:54:26.990	0.83957	0.83958			6
2024.11.05	02:54:33.302	0.83955	0.83956			6
2024.11.05	02:54:44.866	0.83953	0.83954			6
2024.11.05	02:54:46.137	0.83954	0.83955			6
2024.11.05	02:54:46.510	0.83952	0.83953			6
2024.11.05	02:54:46.863	0.83951	0.83952			6
2024.11.05	02:54:47.164	0.83952	0.83953			6
2024.11.05	02:54:50.775	0.83950	0.83951			6
2024.11.05	02:54:53.201	0.83951	0.83952			6
2024.11.05	02:54:53.782	0.83950	0.83951			6
2024.11.05	02:54:55.508	0.83948	0.83949			6
2024.11.05	02:54:56.115	0.83947	0.83948			6
2024.11.05	02:54:57.047	0.83948	0.83949			6
2024.11.05	02:54:57.741	0.83945	0.83946			6
2024.11.05	02:54:59.512	0.83948	0.83949			6
2024.11.05	02:54:59.824	0.83947	0.83948			6
2024.11.05	02:55:00.128	0.83947				2
2024.11.05	02:55:00.432	0.83945	0.83946			6
2024.11.05	02:55:00.745		0.83947			4
2024.11.05	02:55:05.626	0.83946				2
2024.11.05	02:55:07.742	0.83947	0.83948			6
2024.11.05	02:55:09.515	0.83946	0.83947			6
2024.11.05	02:55:11.974	0.83947	0.83948			6
2024.11.05	02:55:13.568	0.83949	0.83950			6
2024.11.05	02:55:13.944	0.83950	0.83951			6
2024.11.05	02:55:18.052	0.83948	0.83949			6
2024.11.05	02:55:19.595	0.83949	0.83950			6
2024.11.05	02:55:19.903	0.83947	0.83948			6
2024.11.05	02:55:26.488	0.83946	0.83947			6
2024.11.05	02:55:28.229	0.83947	0.83948			6
2024.11.05	02:55:36.953	0.83948	0.83949			6
2024.11.05	02:55:39.233	0.83946	0.83947			6
2024.11.05	02:55:45.536	0.83947	0.83949			6
2024.11.05	02:55:46.345		0.83948			4
2024.11.05	02:55:46.658	0.83946	0.83947			6
2024.11.05	02:55:52.375	0.83947	0.83948			6
2024.11.05	02:55:53.415	0.83946				2
2024.11.05	02:55:53.955		0.83947			4
2024.11.05	02:56:00.088	0.83946				2
2024.11.05	02:56:00.624	0.83948	0.83949			6
2024.11.05	02:56:01.181	0.83947				2
2024.11.05	02:56:02.089		0.83948			4
2024.11.05	02:56:02.626		0.83949			4
2024.11.05	02:56:02.984		0.83948			4
2024.11.05	02:56:03.660		0.83949			4
2024.11.05	02:56:04.082		0.83948			4
2024.11.05	02:56:06.241		0.83949			4
2024.11.05	02:56:06.611		0.83948			4
2024.11.05	02:56:07.277		0.83949			4
2024.11.05	02:56:07.793	0.83946	0.83948			6
2024.11.05	02:56:08.120		0.83947			4
2024.11.05	02:56:08.768		0.83949			4
2024.11.05	02:56:10.816	0.83947				2
2024.11.05	02:56:11.166	0.83946				2
2024.11.05	02:56:14.420		0.83950			4
2024.11.05	02:56:21.362		0.83949			4
2024.11.05	02:56:22.493		0.83950			4
2024.11.05	02:56:27.959		0.83949			4
2024.11.05	02:56:34.973	0.83947				2
2024.11.05	02:56:35.387	0.83946				2
2024.11.05	02:56:37.716	0.83947				2
2024.11.05	02:56:38.872	0.83946	0.83948			6
2024.11.05	02:56:39.182	0.83947	0.83949			6
2024.11.05	02:56:39.974	0.83946	0.83948			6
2024.11.05	02:56:47.589	0.83947				2
2024.11.05	02:56:48.183	0.83948	0.83949			6
2024.11.05	02:56:48.682	0.83950	0.83951			6
2024.11.05	02:56:49.878	0.83951	0.83952			6
2024.11.05	02:57:00.482	0.83951				2
2024.11.05	02:57:08.171	0.83952	0.83953			6
2024.11.05	02:57:09.383	0.83951	0.83952			6
2024.11.05	02:57:42.621	0.83952	0.83953			6
2024.11.05	02:57:54.894	0.83951				2
2024.11.05	02:58:01.451	0.83951				2
2024.11.05	02:58:06.321		0.83952			4
2024.11.05	02:58:13.330	0.83950	0.83951			6
2024.11.05	02:59:00.442	0.83947	0.83948			6
2024.11.05	02:59:07.248	0.83949	0.83950			6
2024.11.05	02:59:15.192	0.83948	0.83949			6
2024.11.05	02:59:20.196	0.83947	0.83948			6
2024.11.05	02:59:21.010	0.83948	0.83949			6
2024.11.05	02:59:21.395	0.83949	0.83950			6
2024.11.05	02:59:25.601	0.83950	0.83951			6
2024.11.05	02:59:38.346	0.83949	0.83950			6
2024.11.05	02:59:41.403		0.83952			4
2024.11.05	02:59:42.395		0.83951			4
2024.11.05	02:59:43.015	0.83950	0.83952			6
2024.11.05	02:59:46.462		0.83951			4
2024.11.05	02:59:48.505		0.83952			4
2024.11.05	02:59:49.539		0.83951			4
2024.11.05	02:59:50.610		0.83952			4
2024.11.05	02:59:52.492		0.83951			4
2024.11.05	02:59:53.210		0.83952			4
2024.11.05	03:00:00.339	0.83950				2
2024.11.05	03:00:00.643	0.83954	0.83955			6
2024.11.05	03:00:00.991	0.83953	0.83954			6
2024.11.05	03:00:01.388	0.83954	0.83955			6
2024.11.05	03:00:01.780	0.83953	0.83954			6
2024.11.05	03:00:04.049	0.83954	0.83955			6
2024.11.05	03:00:04.416	0.83953	0.83954			6
2024.11.05	03:00:04.867	0.83954	0.83955			6
2024.11.05	03:00:06.062	0.83953	0.83954			6
2024.11.05	03:00:07.402	0.83955	0.83956			6
2024.11.05	03:00:10.407	0.83956	0.83957			6
2024.11.05	03:00:10.795	0.83955	0.83956			6
2024.11.05	03:00:11.205	0.83954	0.83955			6
2024.11.05	03:00:12.078	0.83955	0.83956			6
2024.11.05	03:00:23.453	0.83958	0.83959			6
2024.11.05	03:00:24.589	0.83959	0.83960			6
2024.11.05	03:00:25.655	0.83957	0.83959			6
2024.11.05	03:00:29.176	0.83956	0.83958			6
2024.11.05	03:00:29.547	0.83957				2
2024.11.05	03:00:31.600	0.83958	0.83959			6
2024.11.05	03:00:32.274	0.83960	0.83961			6
2024.11.05	03:00:38.060	0.83961	0.83962			6
2024.11.05	03:00:45.132	0.83960	0.83961			6
2024.11.05	03:00:52.810	0.83958	0.83959			6
2024.11.05	03:00:53.124	0.83957	0.83958			6
2024.11.05	03:00:54.047	0.83958	0.83959			6
2024.11.05	03:00:54.358	0.83957	0.83958			6
2024.11.05	03:00:56.934	0.83958	0.83959			6
2024.11.05	03:00:58.866	0.83957	0.83958			6
2024.11.05	03:01:01.121	0.83957				2
2024.11.05	03:01:04.896	0.83956	0.83957			6
2024.11.05	03:01:05.218	0.83957	0.83958			6
2024.11.05	03:01:06.973	0.83956	0.83957			6
2024.11.05	03:01:08.359	0.83957	0.83958			6
2024.11.05	03:01:10.751	0.83958	0.83959			6
2024.11.05	03:01:11.443	0.83957	0.83958			6
2024.11.05	03:01:18.743	0.83959	0.83960			6
2024.11.05	03:01:20.447	0.83958	0.83959			6
2024.11.05	03:01:20.765	0.83957				2
2024.11.05	03:01:21.418	0.83958				2
2024.11.05	03:01:21.750	0.83959	0.83960			6
2024.11.05	03:01:26.014	0.83958	0.83959			6
2024.11.05	03:01:27.369	0.83959	0.83960			6
2024.11.05	03:01:31.398	0.83958	0.83959			6
2024.11.05	03:01:32.255	0.83959	0.83960			6
2024.11.05	03:01:43.983	0.83960	0.83961			6
2024.11.05	03:01:44.286	0.83961	0.83962			6
2024.11.05	03:01:44.767	0.83962	0.83963			6
2024.11.05	03:01:45.083	0.83963	0.83964			6
2024.11.05	03:01:46.174	0.83962	0.83963			6
2024.11.05	03:01:46.509	0.83961				2
2024.11.05	03:01:46.822	0.83962				2
2024.11.05	03:01:48.331	0.83961				2
2024.11.05	03:01:48.786	0.83962				2
2024.11.05	03:01:49.171	0.83961				2
2024.11.05	03:01:49.875	0.83962				2
2024.11.05	03:01:50.318	0.83961				2
2024.11.05	03:01:50.648	0.83963	0.83964			6
2024.11.05	03:01:53.063	0.83965	0.83966			6
2024.11.05	03:01:53.705	0.83964	0.83965			6
2024.11.05	03:01:54.025	0.83965	0.83966			6
2024.11.05	03:01:54.342	0.83964	0.83965			6
2024.11.05	03:02:00.076	0.83963	0.83964			6
2024.11.05	03:02:00.599	0.83964	0.83965			6
2024.11.05	03:02:01.233	0.83963	0.83964			6
2024.11.05	03:02:03.556	0.83964	0.83965			6
2024.11.05	03:02:11.052	0.83963	0.83964			6
2024.11.05	03:02:11.391	0.83964	0.83965			6
2024.11.05	03:02:11.822	0.83963	0.83964			6
2024.11.05	03:02:12.404	0.83964	0.83965			6
2024.11.05	03:02:12.882	0.83963	0.83964			6
2024.11.05	03:02:13.374	0.83964	0.83965			6
2024.11.05	03:02:14.054	0.83963				2
2024.11.05	03:02:14.675	0.83964				2
2024.11.05	03:02:15.026	0.83963				2
2024.11.05	03:02:15.343	0.83965	0.83966			6
2024.11.05	03:02:15.672	0.83964	0.83965			6
2024.11.05	03:02:16.036	0.83963	0.83964			6
2024.11.05	03:02:16.794	0.83964	0.83965			6
2024.11.05	03:02:18.535	0.83966	0.83967			6
2024.11.05	03:02:18.845	0.83965	0.83966			6
2024.11.05	03:02:19.178	0.83966	0.83967			6
2024.11.05	03:02:19.589	0.83965	0.83966			6
2024.11.05	03:02:20.071	0.83966	0.83967			6
2024.11.05	03:02:20.412	0.83965	0.83966			6
2024.11.05	03:02:21.423	0.83966	0.83967			6
2024.11.05	03:02:22.734	0.83967	0.83968			6
2024.11.05	03:02:28.051	0.83969	0.83970			6
2024.11.05	03:02:28.387	0.83971	0.83972			6
2024.11.05	03:02:28.706	0.83973	0.83974			6
2024.11.05	03:02:29.009	0.83972	0.83975			6
2024.11.05	03:02:29.401	0.83971				2
2024.11.05	03:02:30.555		0.83973			4
2024.11.05	03:02:30.865		0.83972			4
2024.11.05	03:02:36.655	0.83972	0.83973			6
2024.11.05	03:02:37.703	0.83971	0.83972			6
2024.11.05	03:02:38.354	0.83972	0.83973			6
2024.11.05	03:02:42.814	0.83971	0.83972			6
2024.11.05	03:02:43.134	0.83970	0.83971			6
2024.11.05	03:02:43.454	0.83969	0.83970			6
2024.11.05	03:02:43.762	0.83970	0.83971			6
2024.11.05	03:02:47.064	0.83969	0.83970			6
2024.11.05	03:02:48.772	0.83966	0.83967			6
2024.11.05	03:02:49.106	0.83964	0.83965			6
2024.11.05	03:02:49.916	0.83965	0.83966			6
2024.11.05	03:02:50.358	0.83964	0.83965			6
2024.11.05	03:02:56.352	0.83963	0.83964			6
2024.11.05	03:02:58.735	0.83964	0.83965			6
2024.11.05	03:03:00.466	0.83964				2
2024.11.05	03:03:00.908	0.83963	0.83964			6
2024.11.05	03:03:03.292	0.83964	0.83965			6
2024.11.05	03:03:03.962	0.83965	0.83966			6
2024.11.05	03:03:04.950	0.83964	0.83965			6
2024.11.05	03:03:10.546	0.83963	0.83964			6
2024.11.05	03:03:10.860	0.83962	0.83963			6
2024.11.05	03:03:17.270	0.83963	0.83964			6
2024.11.05	03:03:19.448	0.83962	0.83963			6
2024.11.05	03:03:29.351	0.83963	0.83964			6
2024.11.05	03:03:29.995	0.83964	0.83965			6
2024.11.05	03:03:30.352	0.83962	0.83963			6
2024.11.05	03:03:31.325	0.83963	0.83964			6
2024.11.05	03:03:35.690	0.83965	0.83966			6
2024.11.05	03:03:39.926	0.83964	0.83965			6
2024.11.05	03:03:40.385	0.83965	0.83966			6
2024.11.05	03:03:40.981	0.83963	0.83964			6
2024.11.05	03:03:41.316	0.83962	0.83963			6
2024.11.05	03:03:41.769	0.83963	0.83964			6
2024.11.05	03:03:42.460	0.83962	0.83963			6
2024.11.05	03:03:47.468	0.83963	0.83964			6
2024.11.05	03:03:47.813		0.83965			4
2024.11.05	03:03:48.355	0.83962				2
2024.11.05	03:03:49.063	0.83963				2
2024.11.05	03:03:50.936	0.83964	0.83966			6
2024.11.05	03:03:53.200	0.83965				2
2024.11.05	03:03:53.861	0.83964				2
2024.11.05	03:03:55.241	0.83965				2
2024.11.05	03:03:56.279	0.83964				2
2024.11.05	03:03:56.893	0.83965				2
2024.11.05	03:03:57.258	0.83964				2
2024.11.05	03:03:57.576	0.83965				2
2024.11.05	03:03:59.477	0.83964				2
2024.11.05	03:04:00.319	0.83965				2
2024.11.05	03:04:00.735	0.83964				2
2024.11.05	03:04:01.049	0.83963	0.83964			6
2024.11.05	03:04:01.363	0.83962	0.83963			6
2024.11.05	03:04:02.208	0.83963	0.83964			6
2024.11.05	03:04:02.715	0.83962	0.83963			6
2024.11.05	03:04:07.461	0.83961	0.83962			6
2024.11.05	03:04:08.448	0.83962	0.83963			6
2024.11.05	03:04:09.577	0.83961	0.83962			6
2024.11.05	03:04:10.129	0.83962	0.83963			6
2024.11.05	03:04:10.515	0.83961	0.83962			6
2024.11.05	03:04:11.039	0.83962	0.83963			6
2024.11.05	03:04:11.345	0.83961	0.83962			6
2024.11.05	03:04:14.200	0.83960	0.83961			6
2024.11.05	03:04:15.443	0.83959	0.83960			6
2024.11.05	03:04:20.382	0.83960	0.83961			6
2024.11.05	03:04:25.385	0.83961	0.83962			6
2024.11.05	03:04:30.753	0.83962	0.83965			6
2024.11.05	03:04:32.343		0.83964			4
2024.11.05	03:04:34.338	0.83963	0.83965			6
2024.11.05	03:04:37.448		0.83964			4
2024.11.05	03:04:47.327	0.83965	0.83966			6
2024.11.05	03:04:47.784	0.83966	0.83967			6
2024.11.05	03:05:00.474	0.83966				2
2024.11.05	03:05:00.806	0.83967	0.83968			6
2024.11.05	03:05:01.974	0.83965	0.83966			6
2024.11.05	03:05:02.867	0.83966	0.83967			6
2024.11.05	03:05:11.421		0.83968			4
2024.11.05	03:05:11.946	0.83967				2
2024.11.05	03:05:14.399	0.83966				2
2024.11.05	03:05:15.714	0.83967				2
2024.11.05	03:05:17.237	0.83966	0.83967			6
2024.11.05	03:05:19.291	0.83968	0.83969			6
2024.11.05	03:05:25.457	0.83969	0.83970			6
2024.11.05	03:05:25.778	0.83968	0.83969			6
2024.11.05	03:05:26.655	0.83969	0.83970			6
2024.11.05	03:05:28.315	0.83968	0.83969			6
2024.11.05	03:05:29.047	0.83969	0.83970			6
2024.11.05	03:05:29.506	0.83968	0.83969			6
2024.11.05	03:05:29.813	0.83969	0.83970			6
2024.11.05	03:05:35.702	0.83970	0.83971			6
2024.11.05	03:05:36.072	0.83969	0.83970			6
2024.11.05	03:05:36.703	0.83970	0.83971			6
2024.11.05	03:05:37.814	0.83969	0.83970			6
2024.11.05	03:05:38.200	0.83970	0.83971			6
2024.11.05	03:05:39.591	0.83971	0.83972			6
2024.11.05	03:05:40.459	0.83970	0.83971			6
2024.11.05	03:05:40.840	0.83971	0.83972			6
2024.11.05	03:05:42.325	0.83970	0.83971			6
2024.11.05	03:05:47.518	0.83973	0.83974			6
2024.11.05	03:05:47.823	0.83974	0.83975			6
2024.11.05	03:05:48.296	0.83973	0.83976			6
2024.11.05	03:05:48.606	0.83974	0.83975			6
2024.11.05	03:05:56.348	0.83975	0.83976			6
2024.11.05	03:05:56.742	0.83974	0.83975			6
2024.11.05	03:05:59.981	0.83975	0.83976			6
2024.11.05	03:06:00.322	0.83975				2
2024.11.05	03:06:06.713	0.83974	0.83975			6
2024.11.05	03:06:07.531	0.83975	0.83976			6
2024.11.05	03:06:09.690	0.83974	0.83975			6
2024.11.05	03:06:10.005	0.83975	0.83976			6
2024.11.05	03:06:14.603	0.83973	0.83974			6
2024.11.05	03:06:15.284	0.83972	0.83973			6
2024.11.05	03:06:18.174	0.83971	0.83972			6
2024.11.05	03:06:24.958	0.83972	0.83973			6
2024.11.05	03:06:26.476	0.83974	0.83975			6
2024.11.05	03:06:28.703	0.83971	0.83972			6
2024.11.05	03:06:34.894	0.83970	0.83971			6
2024.11.05	03:06:42.997	0.83971	0.83972			6
2024.11.05	03:06:43.330	0.83970	0.83971			6
2024.11.05	03:06:50.922	0.83971	0.83972			6
2024.11.05	03:06:52.062	0.83970	0.83971			6
2024.11.05	03:06:53.582	0.83968	0.83969			6
2024.11.05	03:07:00.201	0.83968				2
2024.11.05	03:07:04.332	0.83967	0.83968			6
2024.11.05	03:07:04.642	0.83966	0.83967			6
2024.11.05	03:07:11.292	0.83967	0.83968			6
2024.11.05	03:07:13.846	0.83966	0.83967			6
2024.11.05	03:07:14.164	0.83967	0.83968			6
2024.11.05	03:07:14.465	0.83969	0.83970			6
2024.11.05	03:07:14.901	0.83968	0.83969			6
2024.11.05	03:07:17.729	0.83967	0.83968			6
2024.11.05	03:07:19.124	0.83968	0.83969			6
2024.11.05	03:07:19.486	0.83967	0.83968			6
2024.11.05	03:07:27.240	0.83968	0.83969			6
2024.11.05	03:07:27.618	0.83970	0.83971			6
2024.11.05	03:07:29.342	0.83969	0.83970			6
2024.11.05	03:07:31.970	0.83970	0.83971			6
2024.11.05	03:07:36.597	0.83967	0.83968			6
2024.11.05	03:07:37.307	0.83968	0.83969			6
2024.11.05	03:07:41.046	0.83969	0.83970			6
2024.11.05	03:07:44.181	0.83971	0.83972			6
2024.11.05	03:07:44.484	0.83970	0.83971			6
2024.11.05	03:07:46.299	0.83971	0.83972			6
2024.11.05	03:07:46.951	0.83970	0.83971			6
2024.11.05	03:07:50.594	0.83971	0.83972			6
2024.11.05	03:07:50.897	0.83970	0.83971			6
2024.11.05	03:07:52.465	0.83971	0.83972			6
2024.11.05	03:07:52.803	0.83970	0.83971			6
2024.11.05	03:07:55.286	0.83971	0.83972			6
2024.11.05	03:08:01.039	0.83971				2
2024.11.05	03:08:02.110	0.83970	0.83971			6
2024.11.05	03:08:03.961	0.83971	0.83972			6
2024.11.05	03:08:04.584	0.83970	0.83971			6
2024.11.05	03:08:06.262	0.83971	0.83972			6
2024.11.05	03:08:06.564	0.83972	0.83973			6
2024.11.05	03:08:06.946	0.83974	0.83975			6
2024.11.05	03:08:07.247	0.83973	0.83974			6
2024.11.05	03:08:07.558	0.83974	0.83975			6
2024.11.05	03:08:08.304	0.83973	0.83974			6
2024.11.05	03:08:11.188	0.83972	0.83973			6
2024.11.05	03:08:11.826	0.83973	0.83974			6
2024.11.05	03:08:12.155	0.83972	0.83973			6
2024.11.05	03:08:12.461		0.83974			4
2024.11.05	03:08:14.121		0.83973			4
2024.11.05	03:08:16.344	0.83973	0.83974			6
2024.11.05	03:08:17.424	0.83972	0.83973			6
2024.11.05	03:08:17.730	0.83973	0.83974			6
2024.11.05	03:08:18.071	0.83972	0.83973			6
2024.11.05	03:08:18.407	0.83973	0.83974			6
2024.11.05	03:08:18.753	0.83974	0.83975			6
2024.11.05	03:08:21.352	0.83973	0.83974			6
2024.11.05	03:08:25.842	0.83974	0.83975			6
2024.11.05	03:08:26.584	0.83973	0.83974			6
2024.11.05	03:08:26.889	0.83974	0.83975			6
2024.11.05	03:08:28.361	0.83973	0.83974			6
2024.11.05	03:08:29.326	0.83974	0.83975			6
2024.11.05	03:08:31.165	0.83973	0.83974			6
2024.11.05	03:08:31.483	0.83974	0.83975			6
2024.11.05	03:08:31.917	0.83975	0.83976			6
2024.11.05	03:08:32.560	0.83974	0.83975			6
2024.11.05	03:08:36.972	0.83975	0.83976			6
2024.11.05	03:08:37.380	0.83974	0.83975			6
2024.11.05	03:08:37.683	0.83975	0.83976			6
2024.11.05	03:08:38.333	0.83974	0.83975			6
2024.11.05	03:08:41.221	0.83973				2
2024.11.05	03:08:41.938		0.83974			4
2024.11.05	03:08:42.287	0.83972	0.83973			6
2024.11.05	03:08:43.027	0.83971	0.83972			6
2024.11.05	03:08:43.357	0.83972	0.83973			6
2024.11.05	03:08:43.674	0.83973	0.83974			6
2024.11.05	03:08:44.004	0.83972	0.83973			6
2024.11.05	03:08:49.592	0.83971	0.83972			6
2024.11.05	03:08:51.877	0.83972	0.83973			6
2024.11.05	03:08:52.368	0.83971	0.83972			6
2024.11.05	03:08:52.718	0.83972	0.83973			6
2024.11.05	03:09:00.420	0.83972				2
2024.11.05	03:09:03.017	0.83973	0.83974			6
2024.11.05	03:09:03.524	0.83972	0.83973			6
2024.11.05	03:09:05.762	0.83973	0.83974			6
2024.11.05	03:09:09.248	0.83974	0.83975			6
2024.11.05	03:09:09.567	0.83973	0.83974			6
2024.11.05	03:09:09.941	0.83974	0.83975			6
2024.11.05	03:09:11.327	0.83973	0.83974			6
2024.11.05	03:09:12.446	0.83974	0.83975			6
2024.11.05	03:09:25.374	0.83972	0.83973			6
2024.11.05	03:09:25.772	0.83973	0.83974			6
2024.11.05	03:09:27.119	0.83972	0.83973			6
2024.11.05	03:09:28.341	0.83971	0.83972			6
2024.11.05	03:09:28.689	0.83972	0.83973			6
2024.11.05	03:09:34.157	0.83971	0.83972			6
2024.11.05	03:09:34.920	0.83970	0.83971			6
2024.11.05	03:09:35.228	0.83969	0.83970			6
2024.11.05	03:09:35.560	0.83970	0.83971			6
2024.11.05	03:09:35.865	0.83972	0.83973			6
2024.11.05	03:09:36.711	0.83973	0.83974			6
2024.11.05	03:09:37.265	0.83972	0.83973			6
2024.11.05	03:09:39.028	0.83973	0.83974			6
2024.11.05	03:09:43.302	0.83972	0.83973			6
2024.11.05	03:09:43.661	0.83973	0.83974			6
2024.11.05	03:09:44.150	0.83972	0.83973			6
2024.11.05	03:09:44.466	0.83973	0.83974			6
2024.11.05	03:09:44.890	0.83972	0.83973			6
2024.11.05	03:09:45.237	0.83973	0.83974			6
2024.11.05	03:09:45.595	0.83972	0.83973			6
2024.11.05	03:09:50.413	0.83973	0.83974			6
2024.11.05	03:09:50.927	0.83972	0.83973			6
2024.11.05	03:09:52.647	0.83971	0.83972			6
2024.11.05	03:09:54.351	0.83970	0.83971			6
2024.11.05	03:09:54.862	0.83969	0.83970			6
2024.11.05	03:10:00.275	0.83969				2
2024.11.05	03:10:03.873	0.83970	0.83971			6
2024.11.05	03:10:08.753	0.83969	0.83970			6
2024.11.05	03:10:10.450	0.83970	0.83971			6
2024.11.05	03:10:12.626	0.83969	0.83970			6
2024.11.05	03:10:14.345	0.83968	0.83969			6
2024.11.05	03:10:19.001	0.83969	0.83970			6
2024.11.05	03:10:19.480	0.83968	0.83969			6
2024.11.05	03:10:22.521	0.83969	0.83970			6
2024.11.05	03:10:22.863	0.83968	0.83969			6
2024.11.05	03:10:24.635	0.83967	0.83968			6
2024.11.05	03:10:35.681	0.83968	0.83969			6
2024.11.05	03:10:48.120	0.83965	0.83966			6
2024.11.05	03:10:48.424	0.83964	0.83965			6
2024.11.05	03:10:48.786	0.83965	0.83966			6
2024.11.05	03:10:49.088	0.83966	0.83968			6
2024.11.05	03:10:50.722	0.83967				2
2024.11.05	03:11:05.484	0.83967				2
2024.11.05	03:11:06.610	0.83966	0.83967			6
2024.11.05	03:11:07.000	0.83967	0.83968			6
2024.11.05	03:11:12.037	0.83968	0.83969			6
2024.11.05	03:11:12.465	0.83967	0.83968			6
2024.11.05	03:11:15.221	0.83968	0.83969			6
2024.11.05	03:11:18.749	0.83967	0.83968			6
2024.11.05	03:11:23.748	0.83968	0.83969			6
2024.11.05	03:11:30.166	0.83967	0.83968			6
2024.11.05	03:11:36.429	0.83966	0.83967			6
2024.11.05	03:11:46.305	0.83967	0.83968			6
2024.11.05	03:11:46.982	0.83966	0.83967			6
2024.11.05	03:11:48.562	0.83967	0.83968			6
2024.11.05	03:11:49.695	0.83966	0.83967			6
2024.11.05	03:11:50.046	0.83967	0.83968			6
2024.11.05	03:11:53.058	0.83966	0.83967			6
2024.11.05	03:11:53.616	0.83967	0.83968			6
2024.11.05	03:11:54.233	0.83966	0.83967			6
2024.11.05	03:11:59.029	0.83965	0.83966			6
2024.11.05	03:11:59.702	0.83966	0.83967			6
2024.11.05	03:12:00.130	0.83965	0.83966			6
2024.11.05	03:12:01.192	0.83966	0.83967			6
2024.11.05	03:12:06.746	0.83967	0.83968			6
2024.11.05	03:12:07.060	0.83966				2
2024.11.05	03:12:07.702	0.83967				2
2024.11.05	03:12:14.937	0.83968	0.83969			6
2024.11.05	03:12:16.865	0.83967	0.83968			6
2024.11.05	03:12:18.464	0.83968	0.83969			6
2024.11.05	03:12:19.759	0.83967	0.83968			6
2024.11.05	03:12:21.089		0.83969			4
2024.11.05	03:12:21.601		0.83968			4
2024.11.05	03:12:21.960	0.83968	0.83969			6
2024.11.05	03:12:25.536	0.83967	0.83968			6
2024.11.05	03:12:55.448	0.83966	0.83967			6
2024.11.05	03:12:58.278	0.83967	0.83968			6
2024.11.05	03:13:00.025	0.83967				2
2024.11.05	03:13:02.514	0.83966	0.83967			6
2024.11.05	03:13:02.880	0.83967	0.83968			6
2024.11.05	03:13:03.726	0.83966	0.83967			6
2024.11.05	03:13:08.660	0.83967	0.83968			6
2024.11.05	03:13:09.486	0.83968	0.83969			6
2024.11.05	03:13:13.374	0.83969	0.83970			6
2024.11.05	03:13:20.940	0.83968	0.83969			6
2024.11.05	03:13:21.296	0.83967	0.83968			6
2024.11.05	03:13:21.689	0.83968	0.83969			6
2024.11.05	03:13:22.207	0.83967	0.83968			6
2024.11.05	03:13:23.010	0.83968	0.83969			6
2024.11.05	03:13:23.418	0.83967	0.83968			6
2024.11.05	03:13:23.729	0.83968	0.83969			6
2024.11.05	03:13:24.044	0.83967	0.83968			6
2024.11.05	03:13:31.757	0.83968	0.83969			6
2024.11.05	03:13:32.125	0.83966	0.83967			6
2024.11.05	03:13:33.181	0.83967	0.83968			6
2024.11.05	03:13:33.961	0.83966	0.83967			6
2024.11.05	03:13:35.659	0.83967	0.83968			6
2024.11.05	03:13:36.565	0.83966	0.83967			6
2024.11.05	03:13:39.174	0.83967	0.83968			6
2024.11.05	03:13:39.802	0.83968	0.83969			6
2024.11.05	03:13:40.130	0.83969	0.83970			6
2024.11.05	03:13:42.026	0.83970	0.83971			6
2024.11.05	03:13:43.305	0.83969	0.83970			6
2024.11.05	03:13:44.375	0.83970	0.83971			6
2024.11.05	03:13:45.539	0.83969	0.83970			6
2024.11.05	03:13:45.851	0.83970	0.83971			6
2024.11.05	03:13:47.517	0.83969	0.83970			6
2024.11.05	03:13:48.275	0.83970	0.83971			6
2024.11.05	03:13:49.637	0.83969	0.83970			6
2024.11.05	03:13:51.454	0.83970	0.83971			6
2024.11.05	03:13:52.057	0.83969	0.83970			6
2024.11.05	03:13:52.373	0.83970	0.83971			6
2024.11.05	03:13:52.741	0.83969	0.83970			6
2024.11.05	03:13:53.378	0.83970	0.83971			6
2024.11.05	03:13:56.889	0.83969	0.83970			6
2024.11.05	03:13:57.663	0.83970	0.83971			6
2024.11.05	03:14:00.438	0.83970				2
2024.11.05	03:14:02.893	0.83969	0.83970			6
2024.11.05	03:14:04.009	0.83970	0.83971			6
2024.11.05	03:14:05.206	0.83968	0.83969			6
2024.11.05	03:14:05.533	0.83967	0.83968			6
2024.11.05	03:14:05.835	0.83968	0.83969			6
2024.11.05	03:14:06.297	0.83967	0.83968			6
2024.11.05	03:14:06.867	0.83968	0.83969			6
2024.11.05	03:14:07.173	0.83967	0.83968			6
2024.11.05	03:14:09.103	0.83968	0.83969			6
2024.11.05	03:14:21.049	0.83969	0.83970			6
2024.11.05	03:14:21.680	0.83968	0.83969			6
2024.11.05	03:14:21.982	0.83969	0.83970			6
2024.11.05	03:14:22.460	0.83968	0.83969			6
2024.11.05	03:14:23.685	0.83969	0.83970			6
2024.11.05	03:14:24.759	0.83968	0.83969			6
2024.11.05	03:14:25.381	0.83969	0.83970			6
2024.11.05	03:14:25.849	0.83968	0.83969			6
2024.11.05	03:14:26.274	0.83969	0.83970			6
2024.11.05	03:14:32.731	0.83968	0.83969			6
2024.11.05	03:14:33.526	0.83969	0.83970			6
2024.11.05	03:14:46.691	0.83968	0.83969			6
2024.11.05	03:14:47.410	0.83969	0.83970			6
2024.11.05	03:14:50.410	0.83968	0.83969			6
2024.11.05	03:14:58.115	0.83969	0.83970			6
2024.11.05	03:15:00.318	0.83969				2
2024.11.05	03:15:02.086	0.83968	0.83969			6
2024.11.05	03:15:03.918	0.83966				2
2024.11.05	03:15:04.347		0.83970			4
2024.11.05	03:15:05.333	0.83967				2
2024.11.05	03:15:05.667	0.83966				2
2024.11.05	03:15:07.148	0.83967				2
2024.11.05	03:15:07.766	0.83966	0.83969			6
2024.11.05	03:15:08.092	0.83967				2
2024.11.05	03:15:13.587	0.83968				2
2024.11.05	03:15:13.894	0.83969	0.83970			6
2024.11.05	03:15:14.288	0.83968	0.83969			6
2024.11.05	03:15:15.981	0.83969	0.83970			6
2024.11.05	03:15:16.307	0.83968	0.83969			6
