<DATE>	<TIME>	<BID>	<ASK>	<LAST>	<VOLUME>	<FLAGS>
2024.07.10	00:00:00.813	0.84494	0.84693			6
2024.07.10	00:00:01.727	0.84513	0.84623			6
2024.07.10	00:00:30.596	0.84499				2
2024.07.10	00:01:02.463	0.84505	0.84623			6
2024.07.10	00:01:51.476	0.84499				2
2024.07.10	00:02:32.292	0.84499	0.84623			6
2024.07.10	00:03:27.330	0.84499				2
2024.07.10	00:04:22.287	0.84499	0.84623			6
2024.07.10	00:05:00.963	0.84499				2
2024.07.10	00:05:10.071	0.84500				2
2024.07.10	00:05:10.543	0.84499				2
2024.07.10	00:05:11.859	0.84508				2
2024.07.10	00:05:12.368	0.84510				2
2024.07.10	00:05:15.951	0.84509				2
2024.07.10	00:05:18.629	0.84510				2
2024.07.10	00:05:19.878	0.84509				2
2024.07.10	00:05:21.158	0.84508				2
2024.07.10	00:05:26.318	0.84502	0.84623			6
2024.07.10	00:05:28.736	0.84503				2
2024.07.10	00:05:31.700	0.84505				2
2024.07.10	00:05:36.442	0.84506				2
2024.07.10	00:05:37.315	0.84511				2
2024.07.10	00:05:38.353	0.84510				2
2024.07.10	00:05:38.841	0.84503				2
2024.07.10	00:05:40.323	0.84500				2
2024.07.10	00:05:48.946	0.84505				2
2024.07.10	00:05:49.867	0.84507				2
2024.07.10	00:05:51.416	0.84510				2
2024.07.10	00:05:56.242	0.84507				2
2024.07.10	00:05:59.045	0.84513				2
2024.07.10	00:06:01.540	0.84514				2
2024.07.10	00:06:06.652	0.84515				2
2024.07.10	00:06:09.168	0.84508				2
2024.07.10	00:06:16.353	0.84509				2
2024.07.10	00:06:29.376		0.84623			4
2024.07.10	00:06:34.355	0.84510				2
2024.07.10	00:06:39.294	0.84511				2
2024.07.10	00:06:54.302	0.84510				2
2024.07.10	00:07:00.529	0.84517				2
2024.07.10	00:07:16.228	0.84518				2
2024.07.10	00:07:29.932		0.84623			4
2024.07.10	00:07:35.327	0.84502				2
2024.07.10	00:08:02.302	0.84502				2
2024.07.10	00:08:17.798	0.84514				2
2024.07.10	00:08:33.302		0.84623			4
2024.07.10	00:08:57.289		0.84622			4
2024.07.10	00:09:05.344	0.84514				2
2024.07.10	00:09:16.276	0.84501				2
2024.07.10	00:10:00.349	0.84520	0.84604			6
2024.07.10	00:10:07.320	0.84521	0.84603			6
2024.07.10	00:10:09.443	0.84520	0.84604			6
2024.07.10	00:10:12.719	0.84521				2
2024.07.10	00:10:31.018	0.84522				2
2024.07.10	00:10:45.719		0.84603			4
2024.07.10	00:11:01.159	0.84522				2
2024.07.10	00:11:27.117	0.84523	0.84602			6
2024.07.10	00:11:34.619		0.84603			4
2024.07.10	00:11:48.868	0.84522				2
2024.07.10	00:11:51.819	0.84523	0.84602			6
2024.07.10	00:11:55.503	0.84524				2
2024.07.10	00:11:58.694		0.84601			4
2024.07.10	00:12:00.383	0.84524				2
2024.07.10	00:12:06.915		0.84602			4
2024.07.10	00:12:09.106		0.84601			4
2024.07.10	00:12:12.926	0.84526	0.84599			6
2024.07.10	00:12:17.825		0.84600			4
2024.07.10	00:12:19.003	0.84516	0.84601			6
2024.07.10	00:12:19.318	0.84520				2
2024.07.10	00:12:24.066	0.84521	0.84600			6
2024.07.10	00:12:29.128	0.84522	0.84599			6
2024.07.10	00:12:32.817	0.84521	0.84600			6
2024.07.10	00:12:39.299	0.84522	0.84599			6
2024.07.10	00:12:39.676	0.84524	0.84597			6
2024.07.10	00:12:40.037	0.84519				2
2024.07.10	00:13:00.981	0.84522	0.84596			6
2024.07.10	00:13:01.317	0.84519				2
2024.07.10	00:13:03.374	0.84518				2
2024.07.10	00:13:10.709	0.84519				2
2024.07.10	00:13:13.343	0.84520	0.84594			6
2024.07.10	00:13:27.537	0.84521				2
2024.07.10	00:13:35.046	0.84513	0.84592			6
2024.07.10	00:13:35.412	0.84523				2
2024.07.10	00:13:37.872	0.84524				2
2024.07.10	00:13:46.917	0.84523				2
2024.07.10	00:13:47.226	0.84524				2
2024.07.10	00:13:51.221	0.84525	0.84590			6
2024.07.10	00:13:53.862	0.84524				2
2024.07.10	00:13:54.164		0.84589			4
2024.07.10	00:14:01.296	0.84526	0.84588			6
2024.07.10	00:14:05.949	0.84525				2
2024.07.10	00:14:06.523	0.84527	0.84586			6
2024.07.10	00:14:11.127	0.84526	0.84585			6
2024.07.10	00:14:12.863	0.84528	0.84583			6
2024.07.10	00:14:14.716	0.84512	0.84573			6
2024.07.10	00:14:15.121	0.84530	0.84585			6
2024.07.10	00:14:17.864	0.84531	0.84584			6
2024.07.10	00:14:20.899		0.84585			4
2024.07.10	00:14:30.382	0.84530				2
2024.07.10	00:14:40.614	0.84528	0.84587			6
2024.07.10	00:14:44.931	0.84526	0.84589			6
2024.07.10	00:14:45.883	0.84519				2
2024.07.10	00:14:46.322	0.84530	0.84590			6
2024.07.10	00:14:51.088	0.84529	0.84591			6
2024.07.10	00:15:00.380	0.84528	0.84592			6
2024.07.10	00:15:04.355	0.84532	0.84588			6
2024.07.10	00:15:04.708	0.84539				2
2024.07.10	00:15:07.425	0.84538	0.84589			6
2024.07.10	00:15:11.220	0.84537	0.84590			6
2024.07.10	00:15:18.796	0.84538	0.84591			6
2024.07.10	00:15:37.544		0.84594			4
2024.07.10	00:15:40.320	0.84537				2
2024.07.10	00:15:45.214	0.84544	0.84605			6
2024.07.10	00:15:49.317	0.84543	0.84606			6
2024.07.10	00:15:52.233	0.84542	0.84607			6
2024.07.10	00:15:54.952	0.84544	0.84610			6
2024.07.10	00:15:55.264	0.84543				2
2024.07.10	00:15:58.624		0.84611			4
2024.07.10	00:16:00.982	0.84542				2
2024.07.10	00:16:06.721		0.84612			4
2024.07.10	00:16:09.726	0.84539	0.84611			6
2024.07.10	00:16:10.053	0.84545	0.84613			6
2024.07.10	00:16:11.185	0.84559				2
2024.07.10	00:16:20.525	0.84560	0.84614			6
2024.07.10	00:16:23.517	0.84554	0.84609			6
2024.07.10	00:16:25.029	0.84553	0.84610			6
2024.07.10	00:16:27.120	0.84554	0.84609			6
2024.07.10	00:16:32.547		0.84611			4
2024.07.10	00:16:34.079	0.84551				2
2024.07.10	00:16:42.914		0.84610			4
2024.07.10	00:16:49.286		0.84609			4
2024.07.10	00:16:51.827		0.84605			4
2024.07.10	00:17:04.359	0.84551				2
2024.07.10	00:17:06.065	0.84530	0.84601			6
2024.07.10	00:17:08.817	0.84529	0.84602			6
2024.07.10	00:17:10.085	0.84530	0.84601			6
2024.07.10	00:17:23.571	0.84527	0.84604			6
2024.07.10	00:17:28.469	0.84530	0.84601			6
2024.07.10	00:17:31.325	0.84534	0.84597			6
2024.07.10	00:17:36.761	0.84535	0.84596			6
2024.07.10	00:17:38.731	0.84530	0.84601			6
2024.07.10	00:17:45.418	0.84529	0.84602			6
2024.07.10	00:17:52.318	0.84528				2
2024.07.10	00:17:55.951	0.84530	0.84601			6
2024.07.10	00:18:00.427	0.84529	0.84603			6
2024.07.10	00:18:06.092	0.84532	0.84598			6
2024.07.10	00:18:07.344	0.84533	0.84597			6
2024.07.10	00:18:08.359	0.84535	0.84596			6
2024.07.10	00:18:16.432	0.84537	0.84594			6
2024.07.10	00:18:17.884	0.84535	0.84592			6
2024.07.10	00:18:19.183	0.84531	0.84590			6
2024.07.10	00:18:19.497	0.84530	0.84587			6
2024.07.10	00:18:22.178	0.84529	0.84588			6
2024.07.10	00:18:24.320	0.84531				2
2024.07.10	00:18:44.826	0.84530				2
2024.07.10	00:18:51.714	0.84528	0.84591			6
2024.07.10	00:18:52.214	0.84531	0.84588			6
2024.07.10	00:18:58.482		0.84589			4
2024.07.10	00:19:00.312	0.84531				2
2024.07.10	00:19:09.111	0.84535	0.84594			6
2024.07.10	00:19:09.428	0.84534	0.84592			6
2024.07.10	00:19:40.617		0.84591			4
2024.07.10	00:20:00.309	0.84534				2
2024.07.10	00:20:04.414	0.84530	0.84587			6
2024.07.10	00:20:04.724	0.84533	0.84590			6
2024.07.10	00:20:24.167	0.84531	0.84589			6
2024.07.10	00:20:28.008	0.84532				2
2024.07.10	00:20:38.581	0.84530	0.84587			6
2024.07.10	00:21:08.398	0.84530				2
2024.07.10	00:21:38.617		0.84587			4
2024.07.10	00:21:44.820	0.84529				2
2024.07.10	00:22:01.017	0.84529				2
2024.07.10	00:22:11.217	0.84528				2
2024.07.10	00:22:29.477	0.84531	0.84589			6
2024.07.10	00:22:29.831	0.84529	0.84587			6
2024.07.10	00:22:32.097		0.84588			4
2024.07.10	00:22:36.917	0.84528				2
2024.07.10	00:22:37.414	0.84529				2
2024.07.10	00:22:38.621	0.84528	0.84589			6
2024.07.10	00:22:41.224	0.84529				2
2024.07.10	00:22:42.337	0.84528	0.84590			6
2024.07.10	00:22:47.375	0.84527	0.84591			6
2024.07.10	00:22:50.023	0.84528	0.84590			6
2024.07.10	00:22:51.025	0.84536	0.84596			6
2024.07.10	00:22:52.352	0.84534	0.84598			6
2024.07.10	00:22:53.687	0.84533				2
2024.07.10	00:22:55.857	0.84532	0.84599			6
2024.07.10	00:23:00.118	0.84532				2
2024.07.10	00:23:02.080	0.84531	0.84601			6
2024.07.10	00:23:12.497	0.84532	0.84600			6
2024.07.10	00:23:36.735		0.84599			4
2024.07.10	00:23:40.409	0.84533				2
2024.07.10	00:23:41.044		0.84598			4
2024.07.10	00:23:42.461	0.84535	0.84600			6
2024.07.10	00:23:43.301	0.84534	0.84601			6
2024.07.10	00:23:45.853	0.84535				2
2024.07.10	00:23:48.122	0.84534	0.84602			6
2024.07.10	00:23:50.588	0.84535	0.84601			6
2024.07.10	00:24:00.645	0.84535				2
2024.07.10	00:24:04.796	0.84532	0.84603			6
2024.07.10	00:24:05.128	0.84534	0.84604			6
2024.07.10	00:24:09.848	0.84535	0.84603			6
2024.07.10	00:24:22.090	0.84536	0.84602			6
2024.07.10	00:24:29.943	0.84535				2
2024.07.10	00:24:40.408		0.84603			4
2024.07.10	00:24:42.432	0.84534	0.84604			6
2024.07.10	00:24:43.723	0.84536				2
2024.07.10	00:24:47.216	0.84537				2
2024.07.10	00:24:49.481	0.84535				2
2024.07.10	00:24:51.066		0.84603			4
2024.07.10	00:24:54.303	0.84536	0.84606			6
2024.07.10	00:24:58.135	0.84538	0.84601			6
2024.07.10	00:25:00.003	0.84538				2
2024.07.10	00:25:01.038	0.84541	0.84598			6
2024.07.10	00:25:14.873	0.84547	0.84603			6
2024.07.10	00:25:21.278	0.84546	0.84604			6
2024.07.10	00:25:24.552	0.84547				2
2024.07.10	00:25:24.919	0.84546				2
2024.07.10	00:25:26.261	0.84547	0.84606			6
2024.07.10	00:25:39.523	0.84548				2
2024.07.10	00:25:40.522	0.84549	0.84605			6
2024.07.10	00:25:44.379	0.84548				2
2024.07.10	00:25:59.787	0.84545	0.84608			6
2024.07.10	00:26:00.356	0.84545				2
2024.07.10	00:26:02.288	0.84548	0.84606			6
2024.07.10	00:26:03.812	0.84547				2
2024.07.10	00:26:07.483	0.84548	0.84608			6
2024.07.10	00:26:11.527	0.84549				2
2024.07.10	00:26:22.920	0.84550	0.84607			6
2024.07.10	00:26:26.505	0.84549	0.84608			6
2024.07.10	00:26:29.757	0.84550	0.84607			6
2024.07.10	00:26:33.474	0.84552	0.84608			6
2024.07.10	00:26:41.974	0.84551				2
2024.07.10	00:26:45.395	0.84552	0.84607			6
2024.07.10	00:26:59.658	0.84553				2
2024.07.10	00:27:00.321	0.84553				2
2024.07.10	00:27:03.382	0.84551	0.84608			6
2024.07.10	00:27:15.417	0.84550	0.84609			6
2024.07.10	00:27:26.267	0.84561	0.84615			6
2024.07.10	00:27:41.502	0.84553	0.84609			6
2024.07.10	00:27:42.673	0.84543	0.84604			6
2024.07.10	00:27:43.676	0.84544				2
2024.07.10	00:27:44.367	0.84545	0.84603			6
2024.07.10	00:27:47.826	0.84544				2
2024.07.10	00:27:54.098	0.84537	0.84601			6
2024.07.10	00:27:55.473	0.84538	0.84600			6
2024.07.10	00:27:56.818	0.84536				2
2024.07.10	00:27:59.125	0.84537				2
2024.07.10	00:27:59.531	0.84536	0.84601			6
2024.07.10	00:28:00.365	0.84536				2
2024.07.10	00:28:02.073	0.84539				2
2024.07.10	00:28:05.828		0.84600			4
2024.07.10	00:28:27.124		0.84601			4
2024.07.10	00:28:35.688	0.84535				2
2024.07.10	00:28:38.818	0.84534				2
2024.07.10	00:28:40.379	0.84532	0.84604			6
2024.07.10	00:28:42.157	0.84531				2
2024.07.10	00:28:43.018	0.84532				2
2024.07.10	00:29:00.307	0.84532				2
2024.07.10	00:29:01.930	0.84533				2
2024.07.10	00:29:02.397	0.84534	0.84603			6
2024.07.10	00:29:06.720	0.84533				2
2024.07.10	00:29:10.380		0.84604			4
2024.07.10	00:29:12.739	0.84536	0.84599			6
2024.07.10	00:29:20.502	0.84540	0.84598			6
2024.07.10	00:29:27.718	0.84539				2
2024.07.10	00:29:30.882		0.84599			4
2024.07.10	00:29:34.485		0.84598			4
2024.07.10	00:29:37.016		0.84599			4
2024.07.10	00:29:54.718	0.84538				2
2024.07.10	00:29:55.748	0.84539				2
2024.07.10	00:29:59.523		0.84600			4
2024.07.10	00:30:00.314	0.84538	0.84599			6
2024.07.10	00:30:00.704	0.84530	0.84596			6
2024.07.10	00:30:01.451	0.84528	0.84598			6
2024.07.10	00:30:02.780	0.84531	0.84595			6
2024.07.10	00:30:04.916	0.84526	0.84600			6
2024.07.10	00:30:07.448	0.84527	0.84599			6
2024.07.10	00:30:07.760	0.84551	0.84601			6
2024.07.10	00:30:11.101	0.84537				2
2024.07.10	00:30:13.170	0.84539				2
2024.07.10	00:30:17.984	0.84540				2
2024.07.10	00:30:26.042	0.84538				2
2024.07.10	00:30:29.012	0.84539				2
2024.07.10	00:30:36.352	0.84545	0.84602			6
2024.07.10	00:30:38.818		0.84601			4
2024.07.10	00:30:46.917	0.84544	0.84600			6
2024.07.10	00:30:47.979	0.84543	0.84602			6
2024.07.10	00:30:48.419	0.84542	0.84603			6
2024.07.10	00:30:51.722		0.84602			4
2024.07.10	00:30:59.223	0.84543				2
2024.07.10	00:31:03.117	0.84543				2
2024.07.10	00:31:04.627	0.84544	0.84601			6
2024.07.10	00:31:06.717	0.84543				2
2024.07.10	00:31:11.537	0.84537	0.84608			6
2024.07.10	00:31:11.946	0.84545	0.84599			6
2024.07.10	00:31:16.018	0.84546				2
2024.07.10	00:31:37.317		0.84598			4
2024.07.10	00:31:51.122	0.84547				2
2024.07.10	00:32:01.499	0.84544				2
2024.07.10	00:32:10.920		0.84597			4
2024.07.10	00:32:11.445	0.84543	0.84598			6
2024.07.10	00:32:13.069	0.84548	0.84595			6
2024.07.10	00:32:13.509	0.84547				2
2024.07.10	00:32:14.712	0.84546	0.84594			6
2024.07.10	00:32:17.877	0.84547	0.84595			6
2024.07.10	00:32:18.189	0.84548				2
2024.07.10	00:32:20.668	0.84545	0.84597			6
2024.07.10	00:32:21.623	0.84544	0.84599			6
2024.07.10	00:32:22.364	0.84543	0.84600			6
2024.07.10	00:32:24.721	0.84544				2
2024.07.10	00:32:25.059	0.84540	0.84604			6
2024.07.10	00:32:29.872	0.84541	0.84606			6
2024.07.10	00:32:31.499	0.84542	0.84605			6
2024.07.10	00:32:31.825	0.84540				2
2024.07.10	00:32:34.706	0.84541				2
2024.07.10	00:32:42.565	0.84547	0.84599			6
2024.07.10	00:32:45.122	0.84548				2
2024.07.10	00:32:49.838	0.84549	0.84598			6
2024.07.10	00:33:00.363	0.84549				2
2024.07.10	00:33:01.748	0.84551				2
2024.07.10	00:33:03.725	0.84552	0.84599			6
2024.07.10	00:33:05.010	0.84554	0.84601			6
2024.07.10	00:33:15.093	0.84552	0.84599			6
2024.07.10	00:33:25.175	0.84554	0.84600			6
2024.07.10	00:33:35.309	0.84553	0.84599			6
2024.07.10	00:33:37.108	0.84554	0.84600			6
2024.07.10	00:33:45.361	0.84553	0.84599			6
2024.07.10	00:33:55.456	0.84554	0.84600			6
2024.07.10	00:33:59.818	0.84553	0.84599			6
2024.07.10	00:34:05.564	0.84553				2
2024.07.10	00:34:13.617		0.84598			4
2024.07.10	00:34:26.822	0.84554	0.84599			6
2024.07.10	00:34:42.722		0.84598			4
2024.07.10	00:34:57.191	0.84553	0.84597			6
2024.07.10	00:35:00.423	0.84553				2
2024.07.10	00:35:06.153	0.84554	0.84598			6
2024.07.10	00:35:11.220	0.84555	0.84599			6
2024.07.10	00:35:15.131	0.84556	0.84600			6
2024.07.10	00:35:20.421	0.84555	0.84599			6
2024.07.10	00:35:23.344	0.84556				2
2024.07.10	00:35:26.023		0.84600			4
2024.07.10	00:35:31.530	0.84557	0.84601			6
2024.07.10	00:35:31.843	0.84556	0.84600			6
2024.07.10	00:35:35.517	0.84558	0.84601			6
2024.07.10	00:35:38.983	0.84556	0.84600			6
2024.07.10	00:35:39.292	0.84557	0.84601			6
2024.07.10	00:35:43.522	0.84556	0.84599			6
2024.07.10	00:35:45.418	0.84558	0.84601			6
2024.07.10	00:35:46.225	0.84556	0.84599			6
2024.07.10	00:35:47.142		0.84598			4
2024.07.10	00:35:47.710		0.84599			4
2024.07.10	00:35:48.459	0.84557	0.84600			6
2024.07.10	00:35:48.838	0.84554	0.84597			6
2024.07.10	00:35:52.878	0.84553	0.84596			6
2024.07.10	00:35:55.620	0.84551				2
2024.07.10	00:36:00.364	0.84551				2
2024.07.10	00:36:02.221		0.84598			4
2024.07.10	00:36:05.070	0.84552				2
2024.07.10	00:36:06.751	0.84550				2
2024.07.10	00:36:10.244	0.84552	0.84597			6
2024.07.10	00:36:11.419	0.84553	0.84596			6
2024.07.10	00:36:16.013	0.84551	0.84595			6
2024.07.10	00:36:16.339	0.84552	0.84597			6
2024.07.10	00:36:16.910	0.84550	0.84598			6
2024.07.10	00:36:17.213	0.84552	0.84599			6
2024.07.10	00:36:19.627	0.84553				2
2024.07.10	00:36:20.523	0.84555				2
2024.07.10	00:36:21.230		0.84598			4
2024.07.10	00:36:21.719	0.84556				2
2024.07.10	00:36:26.067	0.84557	0.84599			6
2024.07.10	00:36:27.851	0.84559	0.84601			6
2024.07.10	00:36:31.181	0.84558				2
2024.07.10	00:36:36.419		0.84600			4
2024.07.10	00:36:46.119	0.84557	0.84598			6
2024.07.10	00:36:46.427	0.84556	0.84597			6
2024.07.10	00:36:47.858	0.84553	0.84598			6
2024.07.10	00:36:49.861	0.84554				2
2024.07.10	00:36:52.899		0.84597			4
2024.07.10	00:36:53.225	0.84553				2
2024.07.10	00:36:56.234	0.84552	0.84598			6
2024.07.10	00:36:57.246	0.84554				2
2024.07.10	00:37:01.285	0.84554				2
2024.07.10	00:37:01.903	0.84553				2
2024.07.10	00:37:05.800	0.84554	0.84597			6
2024.07.10	00:37:06.441	0.84553	0.84596			6
2024.07.10	00:37:07.925	0.84552				2
2024.07.10	00:37:11.913	0.84553				2
2024.07.10	00:37:16.420	0.84550	0.84598			6
2024.07.10	00:37:18.425	0.84551	0.84597			6
2024.07.10	00:37:20.450	0.84550	0.84598			6
2024.07.10	00:37:26.435	0.84552	0.84596			6
2024.07.10	00:37:29.100	0.84551	0.84597			6
2024.07.10	00:37:30.718	0.84552	0.84596			6
2024.07.10	00:37:36.173	0.84551	0.84597			6
2024.07.10	00:37:36.482	0.84550	0.84598			6
2024.07.10	00:37:37.628	0.84551				2
2024.07.10	00:37:39.317		0.84597			4
2024.07.10	00:37:46.435	0.84552	0.84596			6
2024.07.10	00:37:48.223	0.84553	0.84595			6
2024.07.10	00:37:56.350	0.84552	0.84597			6
2024.07.10	00:37:57.889	0.84551	0.84598			6
2024.07.10	00:38:00.224	0.84551				2
2024.07.10	00:38:02.433	0.84552	0.84596			6
2024.07.10	00:38:03.866	0.84554	0.84597			6
2024.07.10	00:38:06.425	0.84553				2
2024.07.10	00:38:08.400	0.84552	0.84598			6
2024.07.10	00:38:09.958	0.84553	0.84597			6
2024.07.10	00:38:11.328		0.84595			4
2024.07.10	00:38:16.205		0.84596			4
2024.07.10	00:38:17.757	0.84554				2
2024.07.10	00:38:21.432	0.84553	0.84597			6
2024.07.10	00:38:28.090	0.84551	0.84598			6
2024.07.10	00:38:30.880	0.84553	0.84597			6
2024.07.10	00:38:31.612		0.84595			4
2024.07.10	00:38:31.922		0.84597			4
2024.07.10	00:38:33.097	0.84554	0.84596			6
2024.07.10	00:38:36.419	0.84552	0.84597			6
2024.07.10	00:38:43.770	0.84553	0.84596			6
2024.07.10	00:38:46.360	0.84555	0.84595			6
2024.07.10	00:38:47.751	0.84554				2
2024.07.10	00:38:48.216		0.84594			4
2024.07.10	00:38:49.986		0.84595			4
2024.07.10	00:38:50.962	0.84553	0.84594			6
2024.07.10	00:38:56.437	0.84552	0.84593			6
2024.07.10	00:38:56.778	0.84551	0.84592			6
2024.07.10	00:38:58.350	0.84553	0.84594			6
2024.07.10	00:39:00.200	0.84553				2
2024.07.10	00:39:06.193	0.84554				2
2024.07.10	00:39:11.799		0.84595			4
2024.07.10	00:39:18.560		0.84594			4
2024.07.10	00:39:28.154	0.84553	0.84593			6
2024.07.10	00:39:28.722	0.84552				2
2024.07.10	00:39:30.723	0.84553				2
2024.07.10	00:39:31.431	0.84552	0.84592			6
2024.07.10	00:39:32.361		0.84593			4
2024.07.10	00:39:37.390	0.84551	0.84592			6
2024.07.10	00:39:37.713	0.84552				2
2024.07.10	00:39:38.116	0.84553	0.84593			6
2024.07.10	00:39:39.346	0.84552	0.84592			6
2024.07.10	00:39:41.421	0.84554	0.84594			6
2024.07.10	00:39:44.229	0.84553	0.84593			6
2024.07.10	00:39:45.325	0.84554	0.84594			6
2024.07.10	00:39:46.422	0.84552	0.84592			6
2024.07.10	00:39:51.418	0.84551	0.84591			6
2024.07.10	00:39:55.298	0.84552	0.84592			6
2024.07.10	00:39:56.025	0.84550	0.84590			6
2024.07.10	00:39:58.987	0.84551	0.84592			6
2024.07.10	00:40:00.666	0.84552				2
2024.07.10	00:40:01.489		0.84593			4
2024.07.10	00:40:04.690		0.84592			4
2024.07.10	00:40:06.372	0.84553	0.84593			6
2024.07.10	00:40:09.086		0.84594			4
2024.07.10	00:40:11.388		0.84593			4
2024.07.10	00:40:16.095	0.84554				2
2024.07.10	00:40:16.408	0.84553	0.84592			6
2024.07.10	00:40:16.723	0.84554	0.84593			6
2024.07.10	00:40:19.149		0.84594			4
2024.07.10	00:40:19.500	0.84555				2
2024.07.10	00:40:21.230	0.84552	0.84591			6
2024.07.10	00:40:27.220		0.84592			4
2024.07.10	00:40:29.176		0.84593			4
2024.07.10	00:40:29.514	0.84551	0.84592			6
2024.07.10	00:40:31.422	0.84552				2
2024.07.10	00:40:38.311	0.84553				2
2024.07.10	00:40:39.741	0.84554	0.84593			6
2024.07.10	00:40:41.330	0.84552				2
2024.07.10	00:40:43.631	0.84551	0.84591			6
2024.07.10	00:40:45.074	0.84549	0.84588			6
2024.07.10	00:40:45.416	0.84547	0.84587			6
2024.07.10	00:40:46.125		0.84588			4
2024.07.10	00:40:47.817	0.84548	0.84589			6
2024.07.10	00:40:48.122	0.84551	0.84591			6
2024.07.10	00:40:50.361		0.84590			4
2024.07.10	00:40:50.663	0.84552	0.84592			6
2024.07.10	00:40:52.931	0.84553	0.84595			6
2024.07.10	00:40:55.020	0.84554				2
2024.07.10	00:40:55.323	0.84555				2
2024.07.10	00:40:55.673		0.84594			4
2024.07.10	00:40:56.449	0.84554	0.84595			6
2024.07.10	00:40:56.797	0.84555				2
2024.07.10	00:40:57.101		0.84594			4
2024.07.10	00:40:57.445		0.84595			4
2024.07.10	00:40:59.780	0.84556	0.84594			6
2024.07.10	00:41:00.093	0.84556				2
2024.07.10	00:41:00.582	0.84555	0.84595			6
2024.07.10	00:41:01.384	0.84556				2
2024.07.10	00:41:03.334	0.84555				2
2024.07.10	00:41:06.935	0.84556				2
2024.07.10	00:41:09.704		0.84596			4
2024.07.10	00:41:13.541		0.84595			4
2024.07.10	00:41:19.802		0.84596			4
2024.07.10	00:41:24.786		0.84595			4
2024.07.10	00:41:27.749	0.84557				2
2024.07.10	00:41:30.201	0.84556	0.84594			6
2024.07.10	00:41:33.518		0.84595			4
2024.07.10	00:41:34.310		0.84594			4
2024.07.10	00:41:50.061	0.84554	0.84593			6
2024.07.10	00:41:53.518	0.84555				2
2024.07.10	00:41:56.684	0.84554	0.84592			6
2024.07.10	00:42:00.165	0.84555	0.84593			6
2024.07.10	00:42:01.018		0.84594			4
2024.07.10	00:42:01.327	0.84553	0.84591			6
2024.07.10	00:42:03.110	0.84552				2
2024.07.10	00:42:09.221	0.84554	0.84593			6
2024.07.10	00:42:10.254	0.84555	0.84594			6
2024.07.10	00:42:15.421		0.84593			4
2024.07.10	00:42:17.580	0.84556				2
2024.07.10	00:42:18.720		0.84595			4
2024.07.10	00:42:21.118	0.84557				2
2024.07.10	00:42:27.601	0.84556				2
2024.07.10	00:42:30.461		0.84594			4
2024.07.10	00:42:35.538		0.84595			4
2024.07.10	00:42:35.887		0.84596			4
2024.07.10	00:42:40.555		0.84597			4
2024.07.10	00:42:40.888	0.84557	0.84594			6
2024.07.10	00:42:41.518		0.84595			4
2024.07.10	00:42:49.917		0.84596			4
2024.07.10	00:42:50.630		0.84595			4
2024.07.10	00:42:52.018	0.84556	0.84594			6
2024.07.10	00:43:00.752	0.84557	0.84596			6
2024.07.10	00:43:04.325		0.84595			4
2024.07.10	00:43:08.528	0.84558				2
2024.07.10	00:43:20.958		0.84596			4
2024.07.10	00:43:22.838	0.84557	0.84594			6
2024.07.10	00:43:23.518	0.84559	0.84596			6
2024.07.10	00:43:26.522	0.84558	0.84595			6
2024.07.10	00:43:40.777	0.84559				2
2024.07.10	00:43:41.142	0.84558				2
2024.07.10	00:43:44.857		0.84597			4
2024.07.10	00:43:45.173		0.84596			4
2024.07.10	00:43:45.482	0.84559	0.84595			6
2024.07.10	00:43:45.791		0.84596			4
2024.07.10	00:43:46.137		0.84595			4
2024.07.10	00:43:47.056		0.84596			4
2024.07.10	00:43:47.364		0.84595			4
2024.07.10	00:43:47.708		0.84597			4
2024.07.10	00:43:48.664		0.84596			4
2024.07.10	00:43:49.006	0.84560				2
2024.07.10	00:43:49.357	0.84559	0.84595			6
2024.07.10	00:43:49.670	0.84560				2
2024.07.10	00:43:51.119	0.84559	0.84594			6
2024.07.10	00:43:53.001	0.84560	0.84595			6
2024.07.10	00:43:58.618		0.84596			4
2024.07.10	00:44:00.179	0.84560				2
2024.07.10	00:44:00.681		0.84595			4
2024.07.10	00:44:01.210		0.84596			4
2024.07.10	00:44:02.247		0.84597			4
2024.07.10	00:44:04.676	0.84561	0.84598			6
2024.07.10	00:44:06.420		0.84597			4
2024.07.10	00:44:06.989	0.84560	0.84598			6
2024.07.10	00:44:07.632		0.84599			4
2024.07.10	00:44:08.444	0.84561	0.84597			6
2024.07.10	00:44:10.917		0.84598			4
2024.07.10	00:44:11.220	0.84562	0.84599			6
2024.07.10	00:44:11.524	0.84561				2
2024.07.10	00:44:16.543		0.84598			4
2024.07.10	00:44:19.236		0.84596			4
2024.07.10	00:44:21.480	0.84560				2
2024.07.10	00:44:27.120		0.84595			4
2024.07.10	00:44:29.209	0.84561	0.84597			6
2024.07.10	00:44:31.764	0.84562	0.84598			6
2024.07.10	00:44:32.067		0.84595			4
2024.07.10	00:44:32.822	0.84561				2
2024.07.10	00:44:33.169	0.84560				2
2024.07.10	00:44:33.719	0.84561				2
2024.07.10	00:44:34.853		0.84597			4
2024.07.10	00:44:52.238		0.84596			4
2024.07.10	00:44:53.818	0.84560				2
2024.07.10	00:45:00.489	0.84555	0.84594			6
2024.07.10	00:45:01.429	0.84557	0.84599			6
2024.07.10	00:45:02.036	0.84556	0.84598			6
2024.07.10	00:45:02.592	0.84554	0.84594			6
2024.07.10	00:45:03.720	0.84555				2
2024.07.10	00:45:06.135	0.84567	0.84582			6
2024.07.10	00:45:12.341	0.84566				2
2024.07.10	00:45:13.917	0.84569				2
2024.07.10	00:45:15.721	0.84567	0.84581			6
2024.07.10	00:45:16.411	0.84568				2
2024.07.10	00:45:17.122	0.84566				2
2024.07.10	00:45:17.493	0.84565				2
2024.07.10	00:45:18.131	0.84567				2
2024.07.10	00:45:22.003	0.84565				2
2024.07.10	00:45:26.024		0.84582			4
2024.07.10	00:45:27.718	0.84566	0.84581			6
2024.07.10	00:45:30.793	0.84565	0.84582			6
2024.07.10	00:45:32.238	0.84566	0.84581			6
2024.07.10	00:45:36.721	0.84561				2
2024.07.10	00:46:02.513	0.84561				2
2024.07.10	00:46:12.612		0.84580			4
2024.07.10	00:46:13.024		0.84581			4
2024.07.10	00:46:22.717	0.84563	0.84580			6
2024.07.10	00:46:28.018	0.84562	0.84581			6
2024.07.10	00:46:31.622	0.84559				2
2024.07.10	00:46:32.217	0.84562				2
2024.07.10	00:46:32.810	0.84559				2
2024.07.10	00:46:33.917	0.84558				2
2024.07.10	00:46:34.621	0.84560				2
2024.07.10	00:46:36.441	0.84559	0.84582			6
2024.07.10	00:46:36.842		0.84581			4
2024.07.10	00:46:46.292	0.84564				2
2024.07.10	00:46:51.373	0.84563				2
2024.07.10	00:46:51.718	0.84565				2
2024.07.10	00:46:56.667	0.84563	0.84582			6
2024.07.10	00:46:57.417	0.84566	0.84581			6
2024.07.10	00:46:58.825	0.84565	0.84582			6
2024.07.10	00:46:59.182	0.84566	0.84581			6
2024.07.10	00:46:59.483	0.84563				2
2024.07.10	00:47:00.123	0.84563				2
2024.07.10	00:47:01.405	0.84569	0.84587			6
2024.07.10	00:47:02.308	0.84565	0.84582			6
2024.07.10	00:47:08.841	0.84570				2
2024.07.10	00:47:13.918	0.84566	0.84581			6
2024.07.10	00:47:14.242	0.84568				2
2024.07.10	00:47:23.279	0.84567				2
2024.07.10	00:47:43.004		0.84579			4
2024.07.10	00:47:47.477	0.84565				2
2024.07.10	00:48:00.831	0.84565				2
2024.07.10	00:48:01.494	0.84562	0.84580			6
2024.07.10	00:48:02.030	0.84565	0.84578			6
2024.07.10	00:48:21.815	0.84566	0.84579			6
2024.07.10	00:48:27.660	0.84565	0.84578			6
2024.07.10	00:48:33.761		0.84579			4
2024.07.10	00:48:59.461	0.84566				2
2024.07.10	00:49:00.004	0.84565				2
2024.07.10	00:49:05.918	0.84566				2
2024.07.10	00:49:06.222	0.84565	0.84578			6
2024.07.10	00:49:11.517		0.84579			4
2024.07.10	00:49:47.471	0.84564				2
2024.07.10	00:49:48.011	0.84560				2
2024.07.10	00:49:49.813	0.84562				2
2024.07.10	00:49:50.522	0.84559				2
2024.07.10	00:49:53.492	0.84563				2
2024.07.10	00:49:53.805	0.84564				2
2024.07.10	00:50:01.076	0.84565				2
2024.07.10	00:50:04.780	0.84564	0.84578			6
2024.07.10	00:50:10.816	0.84563				2
2024.07.10	00:50:15.417	0.84561				2
2024.07.10	00:50:18.280	0.84563				2
2024.07.10	00:50:38.224		0.84579			4
2024.07.10	00:50:38.818	0.84565				2
2024.07.10	00:50:41.431	0.84566	0.84580			6
2024.07.10	00:50:42.279	0.84562	0.84579			6
2024.07.10	00:50:46.437	0.84563				2
2024.07.10	00:50:46.858	0.84562				2
2024.07.10	00:50:49.041	0.84559	0.84580			6
2024.07.10	00:50:49.344		0.84579			4
2024.07.10	00:50:49.917	0.84561				2
2024.07.10	00:50:51.227		0.84580			4
2024.07.10	00:50:54.111		0.84579			4
2024.07.10	00:50:55.215	0.84560	0.84580			6
2024.07.10	00:50:59.516	0.84557	0.84581			6
2024.07.10	00:51:00.364	0.84557				2
2024.07.10	00:51:04.500	0.84560	0.84580			6
2024.07.10	00:51:16.610	0.84561	0.84579			6
2024.07.10	00:51:29.467	0.84562				2
2024.07.10	00:51:46.022	0.84561				2
2024.07.10	00:51:46.458	0.84559	0.84580			6
2024.07.10	00:51:47.504	0.84561	0.84579			6
2024.07.10	00:51:55.804	0.84562				2
2024.07.10	00:52:05.928	0.84562				2
2024.07.10	00:52:09.418	0.84563				2
2024.07.10	00:52:18.905	0.84561				2
2024.07.10	00:52:20.819		0.84580			4
2024.07.10	00:52:26.071	0.84562				2
2024.07.10	00:52:31.016	0.84563				2
2024.07.10	00:52:34.196	0.84560				2
2024.07.10	00:52:34.532	0.84557				2
2024.07.10	00:52:34.843	0.84560	0.84579			6
2024.07.10	00:52:36.717	0.84562				2
2024.07.10	00:52:41.423		0.84578			4
2024.07.10	00:52:44.226		0.84579			4
2024.07.10	00:52:45.975	0.84560				2
2024.07.10	00:52:46.280	0.84561	0.84578			6
2024.07.10	00:52:48.982		0.84579			4
2024.07.10	00:52:52.816	0.84562				2
2024.07.10	00:52:53.608	0.84560				2
2024.07.10	00:53:00.401	0.84560				2
2024.07.10	00:53:13.626		0.84580			4
2024.07.10	00:53:15.483		0.84579			4
2024.07.10	00:53:16.487	0.84558	0.84580			6
2024.07.10	00:53:19.804	0.84561	0.84579			6
2024.07.10	00:53:25.526	0.84560				2
2024.07.10	00:53:39.125		0.84580			4
2024.07.10	00:53:39.717	0.84562				2
2024.07.10	00:53:40.745		0.84579			4
2024.07.10	00:53:45.793	0.84560				2
2024.07.10	00:54:00.957	0.84560				2
2024.07.10	00:54:01.261	0.84561	0.84581			6
2024.07.10	00:54:03.026	0.84563	0.84577			6
2024.07.10	00:54:03.423	0.84561				2
2024.07.10	00:54:05.851	0.84563				2
2024.07.10	00:54:06.358	0.84561				2
2024.07.10	00:54:16.017	0.84563				2
2024.07.10	00:54:17.617	0.84561				2
2024.07.10	00:54:37.256		0.84578			4
2024.07.10	00:54:41.917	0.84562	0.84577			6
2024.07.10	00:54:46.223	0.84563	0.84576			6
2024.07.10	00:54:53.590	0.84561				2
2024.07.10	00:54:57.894	0.84558	0.84577			6
2024.07.10	00:54:59.511	0.84559				2
2024.07.10	00:55:01.541	0.84561	0.84576			6
2024.07.10	00:55:04.926	0.84559	0.84577			6
2024.07.10	00:55:05.245	0.84561	0.84576			6
2024.07.10	00:55:06.491	0.84559	0.84577			6
2024.07.10	00:55:06.804	0.84561	0.84576			6
2024.07.10	00:55:07.115	0.84559	0.84577			6
2024.07.10	00:55:07.422	0.84560	0.84576			6
2024.07.10	00:55:08.133	0.84558	0.84577			6
2024.07.10	00:55:08.954	0.84560	0.84576			6
2024.07.10	00:55:09.521	0.84561				2
2024.07.10	00:55:10.040		0.84577			4
2024.07.10	00:55:10.675		0.84576			4
2024.07.10	00:55:13.095		0.84577			4
2024.07.10	00:55:14.463		0.84576			4
2024.07.10	00:55:17.600	0.84558				2
2024.07.10	00:55:18.118	0.84561				2
2024.07.10	00:55:22.018	0.84563				2
2024.07.10	00:55:24.567	0.84562				2
2024.07.10	00:55:25.318	0.84561				2
2024.07.10	00:55:27.418	0.84559				2
2024.07.10	00:55:31.844	0.84560				2
2024.07.10	00:55:32.221	0.84562				2
2024.07.10	00:55:38.910	0.84563				2
2024.07.10	00:55:40.791	0.84562	0.84577			6
2024.07.10	00:55:41.940		0.84576			4
2024.07.10	00:55:46.239	0.84561				2
2024.07.10	00:55:47.909	0.84556	0.84577			6
2024.07.10	00:55:48.222	0.84561				2
2024.07.10	00:55:48.613	0.84559	0.84576			6
2024.07.10	00:55:48.981	0.84560				2
2024.07.10	00:55:52.620	0.84559				2
2024.07.10	00:55:58.979	0.84557				2
2024.07.10	00:55:59.371	0.84560				2
2024.07.10	00:56:00.769	0.84561				2
2024.07.10	00:56:01.490	0.84559				2
2024.07.10	00:56:08.950	0.84557				2
2024.07.10	00:56:17.817	0.84558				2
2024.07.10	00:56:22.918	0.84559				2
2024.07.10	00:56:23.761	0.84561				2
2024.07.10	00:56:24.421	0.84562				2
2024.07.10	00:56:25.231	0.84563				2
2024.07.10	00:56:34.629	0.84559				2
2024.07.10	00:56:36.356	0.84562				2
2024.07.10	00:56:38.222	0.84563				2
2024.07.10	00:56:41.315	0.84560	0.84580			6
2024.07.10	00:56:42.064	0.84564	0.84576			6
2024.07.10	00:56:48.457	0.84562				2
2024.07.10	00:56:49.934	0.84559				2
2024.07.10	00:57:00.383	0.84560				2
2024.07.10	00:57:25.917	0.84559				2
2024.07.10	00:57:32.884	0.84554				2
2024.07.10	00:57:33.417	0.84559				2
2024.07.10	00:57:38.060	0.84554				2
2024.07.10	00:57:38.410	0.84550				2
2024.07.10	00:57:38.987	0.84547				2
2024.07.10	00:57:40.835	0.84549				2
2024.07.10	00:57:42.444		0.84576			4
2024.07.10	00:57:49.044	0.84551				2
2024.07.10	00:57:49.371	0.84556				2
2024.07.10	00:57:53.588	0.84557				2
2024.07.10	00:57:58.291	0.84558				2
2024.07.10	00:57:58.619	0.84559				2
2024.07.10	00:57:59.668	0.84561				2
2024.07.10	00:58:00.366	0.84560				2
2024.07.10	00:58:01.019	0.84562				2
2024.07.10	00:58:03.343	0.84561				2
2024.07.10	00:58:03.942	0.84559	0.84577			6
2024.07.10	00:58:11.381	0.84560	0.84576			6
2024.07.10	00:58:11.880	0.84559	0.84577			6
2024.07.10	00:58:12.718	0.84558				2
2024.07.10	00:58:14.133		0.84576			4
2024.07.10	00:58:14.442	0.84560				2
2024.07.10	00:58:15.117	0.84563				2
2024.07.10	00:58:15.418	0.84560				2
2024.07.10	00:58:15.719	0.84561				2
2024.07.10	00:58:16.436	0.84560	0.84575			6
2024.07.10	00:58:16.759	0.84563	0.84576			6
2024.07.10	00:58:17.501	0.84560				2
2024.07.10	00:58:19.334	0.84563				2
2024.07.10	00:58:21.419	0.84559				2
2024.07.10	00:58:22.624	0.84561				2
2024.07.10	00:58:29.426	0.84559				2
2024.07.10	00:58:29.739	0.84564				2
2024.07.10	00:58:31.878	0.84562				2
2024.07.10	00:58:32.217	0.84560				2
2024.07.10	00:58:33.389		0.84573			4
2024.07.10	00:58:33.717	0.84561				2
2024.07.10	00:58:35.877	0.84556	0.84572			6
2024.07.10	00:58:36.238		0.84571			4
2024.07.10	00:58:37.060	0.84554	0.84574			6
2024.07.10	00:58:38.448	0.84556				2
2024.07.10	00:58:38.787	0.84545	0.84593			6
2024.07.10	00:58:39.451	0.84547	0.84590			6
2024.07.10	00:58:40.017	0.84549	0.84589			6
2024.07.10	00:58:40.318	0.84550	0.84588			6
2024.07.10	00:58:41.220	0.84551	0.84587			6
2024.07.10	00:58:42.608	0.84550	0.84586			6
2024.07.10	00:58:43.744	0.84552	0.84582			6
2024.07.10	00:58:45.294	0.84554	0.84580			6
2024.07.10	00:58:45.862	0.84553	0.84581			6
2024.07.10	00:58:46.766	0.84554	0.84580			6
2024.07.10	00:58:47.215	0.84550	0.84581			6
2024.07.10	00:58:47.765	0.84546				2
2024.07.10	00:58:48.709	0.84547				2
2024.07.10	00:58:49.017	0.84548				2
2024.07.10	00:58:50.216	0.84549				2
2024.07.10	00:58:51.117	0.84550				2
2024.07.10	00:58:53.516	0.84551	0.84580			6
2024.07.10	00:58:53.821	0.84544	0.84584			6
2024.07.10	00:58:54.134	0.84545	0.84583			6
2024.07.10	00:58:54.717	0.84546	0.84582			6
2024.07.10	00:58:55.618	0.84547	0.84581			6
2024.07.10	00:58:57.118	0.84548	0.84580			6
2024.07.10	00:58:58.621	0.84549	0.84579			6
2024.07.10	00:58:59.818	0.84550	0.84578			6
2024.07.10	00:59:00.422	0.84550				2
2024.07.10	00:59:01.318	0.84551	0.84577			6
2024.07.10	00:59:02.818	0.84554	0.84574			6
2024.07.10	00:59:03.696	0.84553	0.84576			6
2024.07.10	00:59:08.087	0.84560	0.84575			6
2024.07.10	00:59:09.115	0.84558				2
2024.07.10	00:59:14.044		0.84574			4
2024.07.10	00:59:18.758	0.84557	0.84575			6
2024.07.10	00:59:23.192	0.84556	0.84574			6
2024.07.10	00:59:24.090	0.84555				2
2024.07.10	00:59:24.417	0.84556				2
2024.07.10	00:59:27.494	0.84553	0.84575			6
2024.07.10	00:59:29.190	0.84551	0.84576			6
2024.07.10	00:59:29.998	0.84540	0.84587			6
2024.07.10	00:59:30.302	0.84542	0.84585			6
2024.07.10	00:59:30.752	0.84544	0.84583			6
2024.07.10	00:59:32.349	0.84543				2
2024.07.10	00:59:34.019	0.84544				2
2024.07.10	00:59:34.344	0.84551				2
2024.07.10	00:59:34.716	0.84550	0.84584			6
2024.07.10	00:59:35.498	0.84540	0.84599			6
2024.07.10	00:59:35.825	0.84550	0.84591			6
2024.07.10	00:59:36.145	0.84547	0.84592			6
2024.07.10	00:59:36.615	0.84549	0.84590			6
2024.07.10	00:59:37.239	0.84551	0.84588			6
2024.07.10	00:59:37.617	0.84552	0.84587			6
2024.07.10	00:59:38.817	0.84553	0.84586			6
2024.07.10	00:59:39.295	0.84541	0.84593			6
2024.07.10	00:59:39.598	0.84545	0.84589			6
2024.07.10	00:59:40.412	0.84544				2
2024.07.10	00:59:41.139	0.84545	0.84588			6
2024.07.10	00:59:41.910		0.84587			4
2024.07.10	00:59:43.918	0.84547	0.84585			6
2024.07.10	00:59:44.817	0.84548	0.84584			6
2024.07.10	00:59:45.861	0.84549	0.84583			6
2024.07.10	00:59:47.517	0.84556	0.84577			6
2024.07.10	00:59:47.823		0.84578			4
2024.07.10	00:59:49.414	0.84559				2
2024.07.10	00:59:50.219	0.84560				2
2024.07.10	00:59:54.441	0.84557				2
2024.07.10	01:00:00.343	0.84549	0.84584			6
2024.07.10	01:00:00.664	0.84553	0.84586			6
2024.07.10	01:00:00.977	0.84551	0.84585			6
2024.07.10	01:00:01.282	0.84549	0.84586			6
2024.07.10	01:00:01.595	0.84559	0.84581			6
2024.07.10	01:00:01.916	0.84556	0.84575			6
2024.07.10	01:00:02.270	0.84553	0.84574			6
2024.07.10	01:00:02.582	0.84554	0.84579			6
2024.07.10	01:00:03.206	0.84553	0.84578			6
2024.07.10	01:00:03.522	0.84550	0.84579			6
2024.07.10	01:00:03.881	0.84547	0.84578			6
2024.07.10	01:00:04.318	0.84551				2
2024.07.10	01:00:04.635		0.84579			4
2024.07.10	01:00:05.008	0.84553				2
2024.07.10	01:00:05.474	0.84549	0.84578			6
2024.07.10	01:00:06.378	0.84547	0.84580			6
2024.07.10	01:00:06.808	0.84550	0.84578			6
2024.07.10	01:00:07.210		0.84579			4
2024.07.10	01:00:07.926		0.84580			4
2024.07.10	01:00:08.294	0.84555				2
2024.07.10	01:00:08.645	0.84551				2
2024.07.10	01:00:09.375	0.84552				2
2024.07.10	01:00:09.717	0.84554	0.84579			6
2024.07.10	01:00:10.826	0.84559				2
2024.07.10	01:00:11.143	0.84561	0.84577			6
2024.07.10	01:00:12.350	0.84559				2
2024.07.10	01:00:13.618	0.84562				2
2024.07.10	01:00:13.963	0.84561				2
2024.07.10	01:00:14.890	0.84557	0.84576			6
2024.07.10	01:00:15.692	0.84562	0.84578			6
2024.07.10	01:00:16.019	0.84559	0.84577			6
2024.07.10	01:00:19.618	0.84560				2
2024.07.10	01:00:20.217	0.84561				2
2024.07.10	01:00:20.688	0.84563	0.84579			6
2024.07.10	01:00:21.392	0.84565	0.84580			6
2024.07.10	01:00:22.548	0.84564				2
2024.07.10	01:00:22.918		0.84579			4
2024.07.10	01:00:23.335	0.84568	0.84585			6
2024.07.10	01:00:23.947	0.84564	0.84583			6
2024.07.10	01:00:24.263	0.84563	0.84577			6
2024.07.10	01:00:24.969	0.84562				2
2024.07.10	01:00:26.210	0.84561	0.84578			6
2024.07.10	01:00:27.016	0.84560				2
2024.07.10	01:00:27.330	0.84565	0.84579			6
2024.07.10	01:00:27.728	0.84562	0.84577			6
2024.07.10	01:00:28.050	0.84565	0.84580			6
2024.07.10	01:00:28.364	0.84563	0.84579			6
2024.07.10	01:00:30.287	0.84565	0.84575			6
2024.07.10	01:00:30.614	0.84563	0.84577			6
2024.07.10	01:00:30.927		0.84575			4
2024.07.10	01:00:31.761	0.84564				2
2024.07.10	01:00:32.182	0.84563	0.84579			6
2024.07.10	01:00:32.499	0.84564	0.84580			6
2024.07.10	01:00:33.224		0.84575			4
2024.07.10	01:00:35.634		0.84577			4
2024.07.10	01:00:36.008		0.84578			4
2024.07.10	01:00:36.592		0.84577			4
2024.07.10	01:00:37.210	0.84563				2
2024.07.10	01:00:39.808	0.84565				2
2024.07.10	01:00:40.126	0.84566				2
2024.07.10	01:00:45.630		0.84580			4
2024.07.10	01:00:46.179		0.84577			4
2024.07.10	01:00:47.156		0.84579			4
2024.07.10	01:00:48.277	0.84568	0.84582			6
2024.07.10	01:00:51.002	0.84567	0.84577			6
2024.07.10	01:00:51.513		0.84575			4
2024.07.10	01:00:52.001		0.84577			4
2024.07.10	01:00:52.918	0.84566				2
2024.07.10	01:00:55.612	0.84567				2
2024.07.10	01:01:00.392	0.84566				2
2024.07.10	01:01:01.112	0.84567				2
2024.07.10	01:01:01.918	0.84566	0.84575			6
2024.07.10	01:01:03.253		0.84581			4
2024.07.10	01:01:04.377		0.84575			4
2024.07.10	01:01:07.291		0.84580			4
2024.07.10	01:01:07.760		0.84575			4
2024.07.10	01:01:18.632		0.84578			4
2024.07.10	01:01:22.018	0.84567				2
2024.07.10	01:01:30.236	0.84565	0.84575			6
2024.07.10	01:01:30.542	0.84561				2
2024.07.10	01:01:30.979		0.84576			4
2024.07.10	01:01:34.727		0.84575			4
2024.07.10	01:01:43.555	0.84562				2
2024.07.10	01:01:44.352	0.84565	0.84576			6
2024.07.10	01:01:45.072		0.84574			4
2024.07.10	01:01:49.618	0.84564				2
2024.07.10	01:01:50.000		0.84576			4
2024.07.10	01:01:50.983		0.84575			4
2024.07.10	01:01:55.631		0.84576			4
2024.07.10	01:01:56.521	0.84565				2
2024.07.10	01:02:00.181	0.84565				2
2024.07.10	01:02:01.406		0.84574			4
2024.07.10	01:02:03.544		0.84576			4
2024.07.10	01:02:06.117		0.84574			4
2024.07.10	01:02:07.734		0.84575			4
2024.07.10	01:02:11.573	0.84563	0.84574			6
2024.07.10	01:02:18.727		0.84577			4
2024.07.10	01:02:19.280	0.84564	0.84576			6
2024.07.10	01:02:19.581	0.84563	0.84575			6
2024.07.10	01:02:33.871		0.84574			4
2024.07.10	01:02:51.251		0.84575			4
2024.07.10	01:02:52.319	0.84564	0.84574			6
2024.07.10	01:02:53.380	0.84563	0.84575			6
2024.07.10	01:02:56.034	0.84562	0.84574			6
2024.07.10	01:03:00.313	0.84562				2
2024.07.10	01:03:02.390		0.84575			4
2024.07.10	01:03:08.350		0.84574			4
2024.07.10	01:03:10.918	0.84563				2
2024.07.10	01:03:19.618		0.84573			4
2024.07.10	01:03:21.779	0.84562				2
2024.07.10	01:03:39.256	0.84563				2
2024.07.10	01:03:55.018		0.84574			4
2024.07.10	01:04:01.636	0.84563				2
2024.07.10	01:04:03.418	0.84564	0.84573			6
2024.07.10	01:04:06.418		0.84574			4
2024.07.10	01:04:10.617		0.84573			4
2024.07.10	01:04:31.169		0.84574			4
2024.07.10	01:04:36.417		0.84573			4
2024.07.10	01:05:00.451	0.84564				2
2024.07.10	01:05:36.719		0.84573			4
2024.07.10	01:05:43.317	0.84563	0.84574			6
2024.07.10	01:06:00.432	0.84564				2
2024.07.10	01:06:00.744		0.84572			4
2024.07.10	01:07:00.462	0.84564				2
2024.07.10	01:07:00.966		0.84572			4
2024.07.10	01:07:21.330	0.84565				2
2024.07.10	01:07:37.226		0.84571			4
2024.07.10	01:07:57.418	0.84566				2
2024.07.10	01:08:01.587	0.84564	0.84569			6
2024.07.10	01:08:01.918	0.84562				2
2024.07.10	01:08:05.217	0.84563				2
2024.07.10	01:08:55.917	0.84564				2
2024.07.10	01:09:01.170	0.84563				2
2024.07.10	01:09:01.628		0.84569			4
2024.07.10	01:09:04.917	0.84564				2
2024.07.10	01:10:00.412	0.84562				2
2024.07.10	01:10:01.451		0.84567			4
2024.07.10	01:10:30.872	0.84561				2
2024.07.10	01:10:31.201		0.84566			4
2024.07.10	01:10:31.507		0.84567			4
2024.07.10	01:10:39.456	0.84560				2
2024.07.10	01:10:43.617	0.84561				2
2024.07.10	01:11:00.610	0.84561				2
2024.07.10	01:11:14.868		0.84569			4
2024.07.10	01:11:15.181	0.84563				2
2024.07.10	01:11:22.396	0.84564				2
2024.07.10	01:11:40.761	0.84563				2
2024.07.10	01:12:02.159	0.84563				2
2024.07.10	01:12:03.818	0.84564				2
2024.07.10	01:12:15.001		0.84569			4
2024.07.10	01:12:15.920	0.84565				2
2024.07.10	01:12:37.917	0.84564				2
2024.07.10	01:12:58.916	0.84565				2
2024.07.10	01:13:00.783	0.84565				2
2024.07.10	01:13:06.778	0.84564				2
2024.07.10	01:13:15.627		0.84571			4
2024.07.10	01:13:48.599	0.84562	0.84567			6
2024.07.10	01:14:02.095	0.84562				2
2024.07.10	01:14:44.290	0.84563				2
2024.07.10	01:14:46.492	0.84565	0.84571			6
2024.07.10	01:14:48.868	0.84564				2
2024.07.10	01:14:51.429	0.84565	0.84570			6
2024.07.10	01:14:58.970		0.84571			4
2024.07.10	01:15:00.401	0.84565	0.84570			6
2024.07.10	01:15:00.949		0.84571			4
2024.07.10	01:15:19.574		0.84570			4
2024.07.10	01:15:30.997	0.84566	0.84571			6
2024.07.10	01:15:34.714		0.84572			4
2024.07.10	01:15:36.666		0.84570			4
2024.07.10	01:15:37.671		0.84571			4
2024.07.10	01:15:40.084		0.84572			4
2024.07.10	01:15:40.576		0.84570			4
2024.07.10	01:15:42.171		0.84571			4
2024.07.10	01:15:52.334		0.84570			4
2024.07.10	01:15:53.198		0.84569			4
2024.07.10	01:15:59.270		0.84571			4
2024.07.10	01:16:00.117	0.84566				2
2024.07.10	01:16:14.475		0.84570			4
2024.07.10	01:16:18.385		0.84569			4
2024.07.10	01:16:19.809		0.84571			4
2024.07.10	01:16:20.367		0.84570			4
2024.07.10	01:16:20.687	0.84565	0.84569			6
2024.07.10	01:16:20.990	0.84566				2
2024.07.10	01:16:24.237	0.84565	0.84571			6
2024.07.10	01:16:25.592		0.84570			4
2024.07.10	01:16:25.931	0.84566				2
2024.07.10	01:16:28.017		0.84571			4
2024.07.10	01:16:29.175		0.84569			4
2024.07.10	01:16:29.610		0.84571			4
2024.07.10	01:16:37.886		0.84569			4
2024.07.10	01:16:41.285		0.84571			4
2024.07.10	01:16:45.602	0.84565				2
2024.07.10	01:16:45.993	0.84566	0.84569			6
2024.07.10	01:16:51.327		0.84570			4
2024.07.10	01:16:55.875		0.84569			4
2024.07.10	01:16:57.172		0.84571			4
2024.07.10	01:16:58.275		0.84569			4
2024.07.10	01:17:00.936	0.84566	0.84570			6
2024.07.10	01:17:09.081		0.84569			4
2024.07.10	01:17:10.682		0.84571			4
2024.07.10	01:17:11.773		0.84570			4
2024.07.10	01:17:21.169		0.84571			4
2024.07.10	01:17:30.576		0.84570			4
2024.07.10	01:17:30.888		0.84569			4
2024.07.10	01:17:32.889		0.84571			4
2024.07.10	01:17:35.882		0.84572			4
2024.07.10	01:17:36.264		0.84570			4
2024.07.10	01:17:42.594		0.84569			4
2024.07.10	01:17:43.450		0.84570			4
2024.07.10	01:18:03.156	0.84566				2
2024.07.10	01:18:04.267	0.84565	0.84571			6
2024.07.10	01:18:07.885		0.84572			4
2024.07.10	01:18:10.973		0.84570			4
2024.07.10	01:18:12.081	0.84566				2
2024.07.10	01:18:16.497		0.84569			4
2024.07.10	01:18:22.603	0.84565	0.84570			6
2024.07.10	01:18:24.771	0.84566	0.84569			6
2024.07.10	01:18:31.072	0.84565	0.84571			6
2024.07.10	01:18:32.174	0.84566	0.84570			6
2024.07.10	01:18:47.160		0.84571			4
2024.07.10	01:18:50.781		0.84570			4
2024.07.10	01:19:00.451	0.84566				2
2024.07.10	01:19:11.884	0.84567				2
2024.07.10	01:19:12.217	0.84566				2
2024.07.10	01:19:12.540		0.84571			4
2024.07.10	01:19:15.174		0.84570			4
2024.07.10	01:19:15.859	0.84567	0.84572			6
2024.07.10	01:19:16.835	0.84566	0.84570			6
2024.07.10	01:19:18.569		0.84569			4
2024.07.10	01:19:19.936		0.84570			4
2024.07.10	01:19:21.395		0.84571			4
2024.07.10	01:19:27.712		0.84572			4
2024.07.10	01:19:36.472		0.84570			4
2024.07.10	01:19:41.878		0.84572			4
2024.07.10	01:19:44.517		0.84571			4
2024.07.10	01:19:46.964		0.84570			4
2024.07.10	01:19:54.937		0.84571			4
2024.07.10	01:20:00.371	0.84566				2
2024.07.10	01:20:38.218		0.84570			4
2024.07.10	01:20:40.669		0.84572			4
2024.07.10	01:20:43.961		0.84570			4
2024.07.10	01:20:48.481		0.84572			4
2024.07.10	01:20:53.723		0.84571			4
2024.07.10	01:20:58.950		0.84569			4
2024.07.10	01:21:02.104	0.84566				2
2024.07.10	01:21:03.615		0.84571			4
2024.07.10	01:21:04.582		0.84569			4
2024.07.10	01:21:06.428		0.84571			4
2024.07.10	01:21:07.919		0.84572			4
2024.07.10	01:21:10.770		0.84569			4
2024.07.10	01:21:13.959		0.84570			4
2024.07.10	01:21:15.050		0.84569			4
2024.07.10	01:21:15.418	0.84565				2
2024.07.10	01:21:37.985	0.84566	0.84570			6
2024.07.10	01:21:38.355	0.84565				2
2024.07.10	01:21:40.775	0.84564				2
2024.07.10	01:21:41.104	0.84565				2
2024.07.10	01:21:41.950	0.84563				2
2024.07.10	01:21:42.317	0.84564				2
2024.07.10	01:21:51.948	0.84565				2
2024.07.10	01:21:53.816	0.84564				2
2024.07.10	01:21:58.169	0.84565				2
2024.07.10	01:22:00.483	0.84565				2
2024.07.10	01:22:01.530	0.84564				2
2024.07.10	01:22:07.840	0.84565				2
2024.07.10	01:22:08.512		0.84569			4
2024.07.10	01:23:01.618	0.84565				2
2024.07.10	01:23:08.564		0.84569			4
2024.07.10	01:24:01.373	0.84565				2
2024.07.10	01:24:01.924	0.84566	0.84572			6
2024.07.10	01:24:02.550	0.84565	0.84570			6
2024.07.10	01:24:07.371		0.84571			4
2024.07.10	01:24:07.790		0.84570			4
2024.07.10	01:24:08.850		0.84571			4
2024.07.10	01:24:09.373	0.84566				2
2024.07.10	01:24:09.692	0.84565				2
2024.07.10	01:24:13.373		0.84570			4
2024.07.10	01:24:25.317		0.84571			4
2024.07.10	01:24:29.590		0.84570			4
2024.07.10	01:24:36.499	0.84566	0.84571			6
2024.07.10	01:24:41.576		0.84570			4
2024.07.10	01:24:45.390		0.84572			4
2024.07.10	01:24:47.371		0.84570			4
2024.07.10	01:24:59.157		0.84571			4
2024.07.10	01:25:00.686	0.84566				2
2024.07.10	01:25:01.949		0.84570			4
2024.07.10	01:25:36.243		0.84571			4
2024.07.10	01:25:41.299		0.84572			4
2024.07.10	01:25:42.376		0.84570			4
2024.07.10	01:25:47.082		0.84572			4
2024.07.10	01:25:48.417		0.84571			4
2024.07.10	01:25:51.651		0.84570			4
2024.07.10	01:26:02.279	0.84566				2
2024.07.10	01:26:17.180		0.84571			4
2024.07.10	01:26:22.700		0.84570			4
2024.07.10	01:26:26.334	0.84567				2
2024.07.10	01:26:31.431	0.84566				2
2024.07.10	01:26:56.436		0.84571			4
2024.07.10	01:27:00.378	0.84565				2
2024.07.10	01:27:01.445		0.84570			4
2024.07.10	01:27:02.162		0.84571			4
2024.07.10	01:27:06.239	0.84566				2
2024.07.10	01:27:27.372		0.84570			4
2024.07.10	01:27:28.376		0.84571			4
2024.07.10	01:27:38.371		0.84570			4
2024.07.10	01:27:47.163		0.84571			4
2024.07.10	01:27:50.172		0.84570			4
2024.07.10	01:27:57.017		0.84571			4
2024.07.10	01:27:59.380		0.84570			4
2024.07.10	01:28:01.319	0.84566				2
2024.07.10	01:28:06.599		0.84571			4
2024.07.10	01:28:10.975		0.84570			4
2024.07.10	01:28:16.469		0.84571			4
2024.07.10	01:28:22.373		0.84570			4
2024.07.10	01:28:38.929		0.84571			4
2024.07.10	01:28:42.463		0.84570			4
2024.07.10	01:28:56.419		0.84571			4
2024.07.10	01:29:01.438	0.84566	0.84570			6
2024.07.10	01:29:08.587		0.84571			4
2024.07.10	01:29:18.381		0.84570			4
2024.07.10	01:29:34.032		0.84571			4
2024.07.10	01:29:35.920		0.84570			4
2024.07.10	01:30:00.407	0.84566				2
2024.07.10	01:30:01.432	0.84567	0.84572			6
2024.07.10	01:30:02.610	0.84566	0.84569			6
2024.07.10	01:30:10.327		0.84570			4
2024.07.10	01:30:10.766		0.84569			4
2024.07.10	01:30:55.842	0.84564	0.84567			6
2024.07.10	01:30:57.537	0.84565				2
2024.07.10	01:31:01.623	0.84565				2
2024.07.10	01:31:05.178	0.84564				2
2024.07.10	01:31:06.709	0.84565				2
2024.07.10	01:31:33.780	0.84566				2
2024.07.10	01:31:38.083	0.84565				2
2024.07.10	01:31:44.668	0.84566				2
2024.07.10	01:31:47.005	0.84565				2
2024.07.10	01:31:55.927		0.84567			4
2024.07.10	01:32:00.641	0.84565				2
2024.07.10	01:32:56.751		0.84568			4
2024.07.10	01:32:59.481		0.84569			4
2024.07.10	01:33:01.136	0.84565	0.84568			6
2024.07.10	01:33:05.874		0.84569			4
2024.07.10	01:33:08.113		0.84568			4
2024.07.10	01:33:22.195		0.84566			4
2024.07.10	01:33:22.502		0.84567			4
2024.07.10	01:33:58.184		0.84566			4
2024.07.10	01:34:00.196	0.84565				2
2024.07.10	01:34:58.270		0.84566			4
2024.07.10	01:35:00.252	0.84565				2
2024.07.10	01:35:08.517	0.84564				2
2024.07.10	01:35:58.617		0.84566			4
2024.07.10	01:36:00.924	0.84564				2
2024.07.10	01:36:10.435	0.84565	0.84567			6
2024.07.10	01:37:01.266	0.84565				2
2024.07.10	01:37:16.918	0.84564	0.84567			6
2024.07.10	01:37:28.917	0.84565				2
2024.07.10	01:38:02.857	0.84565				2
2024.07.10	01:38:08.677		0.84566			4
2024.07.10	01:39:00.581	0.84565	0.84569			6
2024.07.10	01:39:10.317	0.84564				2
2024.07.10	01:39:25.917	0.84565				2
2024.07.10	01:39:32.517	0.84564				2
2024.07.10	01:40:03.440	0.84564	0.84569			6
2024.07.10	01:40:07.486	0.84565				2
2024.07.10	01:40:28.918	0.84564				2
2024.07.10	01:40:37.016	0.84565				2
2024.07.10	01:41:01.433	0.84565				2
2024.07.10	01:41:04.770		0.84569			4
2024.07.10	01:41:06.979	0.84564				2
2024.07.10	01:41:16.015	0.84565				2
2024.07.10	01:42:00.153	0.84565				2
2024.07.10	01:42:00.508	0.84564				2
2024.07.10	01:42:01.377	0.84565	0.84570			6
2024.07.10	01:42:02.294		0.84569			4
2024.07.10	01:42:03.901	0.84564	0.84568			6
2024.07.10	01:42:06.318		0.84569			4
2024.07.10	01:42:07.013		0.84568			4
2024.07.10	01:42:24.419	0.84565				2
2024.07.10	01:42:29.320		0.84569			4
2024.07.10	01:42:45.387		0.84568			4
2024.07.10	01:43:03.690	0.84565				2
2024.07.10	01:43:49.835		0.84568			4
2024.07.10	01:44:04.524	0.84565				2
2024.07.10	01:44:25.379	0.84564				2
2024.07.10	01:44:30.494	0.84565				2
2024.07.10	01:44:41.374	0.84564				2
2024.07.10	01:44:45.469		0.84571			4
2024.07.10	01:44:56.324	0.84565	0.84569			6
2024.07.10	01:45:00.892	0.84565				2
2024.07.10	01:45:02.170	0.84564	0.84572			6
2024.07.10	01:45:08.036	0.84565	0.84571			6
2024.07.10	01:45:15.774		0.84569			4
2024.07.10	01:45:21.539	0.84564				2
2024.07.10	01:45:23.788	0.84565				2
2024.07.10	01:45:40.796	0.84566	0.84571			6
2024.07.10	01:45:41.518	0.84565				2
2024.07.10	01:45:42.537	0.84566				2
2024.07.10	01:45:42.899	0.84565				2
2024.07.10	01:45:46.673	0.84566				2
2024.07.10	01:45:49.830	0.84565	0.84572			6
2024.07.10	01:45:58.916	0.84566	0.84571			6
2024.07.10	01:46:03.442	0.84566				2
2024.07.10	01:46:04.620	0.84565				2
2024.07.10	01:46:46.017	0.84566				2
2024.07.10	01:47:00.518	0.84566	0.84571			6
2024.07.10	01:47:12.120		0.84570			4
2024.07.10	01:47:39.974	0.84565	0.84572			6
2024.07.10	01:47:46.189	0.84566	0.84571			6
2024.07.10	01:48:00.830	0.84566				2
2024.07.10	01:48:04.186	0.84567				2
2024.07.10	01:48:28.880	0.84566				2
2024.07.10	01:48:36.418	0.84567				2
2024.07.10	01:48:49.342		0.84571			4
2024.07.10	01:49:13.706	0.84567				2
2024.07.10	01:49:46.635	0.84566	0.84570			6
2024.07.10	01:49:56.984		0.84571			4
2024.07.10	01:50:00.231	0.84566				2
2024.07.10	01:50:16.139	0.84567				2
2024.07.10	01:50:22.939	0.84565	0.84570			6
2024.07.10	01:50:23.259	0.84566	0.84571			6
2024.07.10	01:51:01.429	0.84566				2
2024.07.10	01:51:23.415		0.84571			4
2024.07.10	01:51:27.031	0.84565				2
2024.07.10	01:51:41.269	0.84566				2
2024.07.10	01:51:52.395		0.84570			4
2024.07.10	01:52:05.913	0.84566				2
2024.07.10	01:52:33.417		0.84571			4
2024.07.10	01:52:41.120		0.84569			4
2024.07.10	01:52:41.921		0.84570			4
2024.07.10	01:53:00.913	0.84566				2
2024.07.10	01:53:02.543	0.84565				2
2024.07.10	01:53:42.642		0.84570			4
2024.07.10	01:53:59.247		0.84569			4
2024.07.10	01:54:00.470	0.84565	0.84570			6
2024.07.10	01:54:01.895		0.84568			4
2024.07.10	01:54:03.007		0.84569			4
2024.07.10	01:54:07.263		0.84570			4
2024.07.10	01:54:08.278		0.84569			4
2024.07.10	01:54:10.050		0.84568			4
2024.07.10	01:54:27.465		0.84569			4
2024.07.10	01:54:30.472		0.84568			4
2024.07.10	01:54:40.066		0.84569			4
2024.07.10	01:54:40.572		0.84568			4
2024.07.10	01:54:48.978		0.84569			4
2024.07.10	01:54:57.168		0.84568			4
2024.07.10	01:54:57.674		0.84569			4
2024.07.10	01:55:01.004	0.84565				2
2024.07.10	01:55:01.920		0.84570			4
2024.07.10	01:55:07.762		0.84569			4
2024.07.10	01:55:08.372		0.84570			4
2024.07.10	01:55:18.372		0.84569			4
2024.07.10	01:55:23.541		0.84570			4
2024.07.10	01:55:46.701		0.84569			4
2024.07.10	01:55:47.381		0.84570			4
2024.07.10	01:55:49.415		0.84569			4
2024.07.10	01:55:52.075		0.84568			4
2024.07.10	01:55:56.137		0.84570			4
2024.07.10	01:56:00.746	0.84565				2
2024.07.10	01:56:01.187		0.84569			4
2024.07.10	01:56:02.513		0.84570			4
2024.07.10	01:56:02.914		0.84569			4
2024.07.10	01:56:07.372		0.84570			4
2024.07.10	01:56:16.488		0.84569			4
2024.07.10	01:56:17.772		0.84570			4
2024.07.10	01:56:22.826		0.84569			4
2024.07.10	01:56:23.192		0.84570			4
2024.07.10	01:56:25.371		0.84569			4
2024.07.10	01:56:33.109		0.84570			4
2024.07.10	01:56:43.760	0.84566	0.84571			6
2024.07.10	01:56:44.917	0.84567				2
2024.07.10	01:56:51.799		0.84570			4
2024.07.10	01:56:52.112		0.84571			4
2024.07.10	01:57:01.416	0.84567				2
2024.07.10	01:57:53.678		0.84571			4
2024.07.10	01:58:00.376	0.84567				2
2024.07.10	01:58:46.891	0.84565	0.84572			6
2024.07.10	01:58:47.715	0.84567				2
2024.07.10	01:58:48.147		0.84571			4
2024.07.10	01:58:48.907	0.84566				2
2024.07.10	01:58:53.616	0.84567				2
2024.07.10	01:58:56.715	0.84566				2
2024.07.10	01:58:57.778	0.84567				2
2024.07.10	01:59:02.174	0.84566				2
2024.07.10	01:59:05.472	0.84567				2
2024.07.10	01:59:15.031		0.84572			4
2024.07.10	01:59:15.902	0.84566	0.84571			6
2024.07.10	01:59:20.367	0.84565	0.84572			6
2024.07.10	01:59:22.668	0.84566	0.84571			6
2024.07.10	01:59:27.673		0.84572			4
2024.07.10	01:59:31.256	0.84565				2
2024.07.10	02:00:00.359	0.84566				2
2024.07.10	02:00:01.494	0.84568	0.84571			6
2024.07.10	02:00:06.379	0.84567	0.84570			6
2024.07.10	02:00:10.440	0.84566				2
2024.07.10	02:00:11.676	0.84567				2
2024.07.10	02:00:11.990	0.84566				2
2024.07.10	02:00:15.668	0.84567				2
2024.07.10	02:00:26.150	0.84566				2
2024.07.10	02:00:27.777	0.84567				2
2024.07.10	02:00:51.660	0.84566	0.84571			6
2024.07.10	02:00:53.262	0.84567				2
2024.07.10	02:00:56.271	0.84566				2
2024.07.10	02:00:59.406	0.84567				2
2024.07.10	02:01:01.510	0.84567				2
2024.07.10	02:01:03.775	0.84566				2
2024.07.10	02:01:04.880	0.84567				2
2024.07.10	02:01:08.835	0.84566				2
2024.07.10	02:01:09.695		0.84572			4
2024.07.10	02:01:13.680	0.84567				2
2024.07.10	02:01:14.197	0.84566				2
2024.07.10	02:01:14.787	0.84567				2
2024.07.10	02:01:15.827	0.84566				2
2024.07.10	02:01:21.122	0.84567				2
2024.07.10	02:01:31.193		0.84571			4
2024.07.10	02:01:35.222	0.84566				2
2024.07.10	02:01:42.269	0.84567				2
2024.07.10	02:01:44.282		0.84572			4
2024.07.10	02:01:44.711	0.84566				2
2024.07.10	02:01:52.973	0.84567				2
2024.07.10	02:01:56.429	0.84566				2
2024.07.10	02:02:00.311	0.84566				2
2024.07.10	02:02:01.974	0.84567				2
2024.07.10	02:02:04.022	0.84566	0.84571			6
2024.07.10	02:02:05.052	0.84567				2
2024.07.10	02:02:05.768	0.84566	0.84572			6
2024.07.10	02:02:08.459	0.84567	0.84571			6
2024.07.10	02:02:11.328	0.84568				2
2024.07.10	02:02:15.165	0.84567				2
2024.07.10	02:02:17.130	0.84568				2
2024.07.10	02:02:19.324	0.84567				2
2024.07.10	02:02:28.417	0.84568				2
2024.07.10	02:02:44.495	0.84567				2
2024.07.10	02:02:47.656	0.84568				2
2024.07.10	02:02:48.283	0.84567				2
2024.07.10	02:02:52.059	0.84568				2
2024.07.10	02:02:57.387	0.84569	0.84573			6
2024.07.10	02:02:58.579	0.84568	0.84571			6
2024.07.10	02:03:00.469	0.84568				2
2024.07.10	02:03:00.842		0.84572			4
2024.07.10	02:03:14.146		0.84573			4
2024.07.10	02:03:32.109	0.84569				2
2024.07.10	02:03:33.765	0.84568				2
2024.07.10	02:03:51.847	0.84569				2
2024.07.10	02:04:01.723	0.84570				2
2024.07.10	02:04:09.041		0.84572			4
2024.07.10	02:04:18.650		0.84575			4
2024.07.10	02:04:19.857		0.84572			4
2024.07.10	02:04:55.287		0.84573			4
2024.07.10	02:05:00.379	0.84570				2
2024.07.10	02:05:55.608		0.84573			4
2024.07.10	02:06:00.118	0.84570				2
2024.07.10	02:06:15.713	0.84569	0.84572			6
2024.07.10	02:06:16.775	0.84568				2
2024.07.10	02:06:40.975	0.84569				2
2024.07.10	02:07:00.370	0.84569				2
2024.07.10	02:07:17.976		0.84572			4
2024.07.10	02:07:40.503		0.84573			4
2024.07.10	02:08:01.854	0.84569				2
2024.07.10	02:08:15.718		0.84572			4
2024.07.10	02:08:23.632		0.84573			4
2024.07.10	02:08:26.442		0.84572			4
2024.07.10	02:08:43.288	0.84568				2
2024.07.10	02:09:02.179	0.84568				2
2024.07.10	02:09:26.359	0.84569				2
2024.07.10	02:09:26.676		0.84572			4
2024.07.10	02:09:30.888		0.84573			4
2024.07.10	02:09:32.431	0.84570	0.84574			6
2024.07.10	02:09:50.217		0.84573			4
2024.07.10	02:10:00.387	0.84570				2
2024.07.10	02:10:13.617	0.84571	0.84574			6
2024.07.10	02:11:01.598	0.84571				2
2024.07.10	02:11:16.677		0.84574			4
2024.07.10	02:12:02.180	0.84571				2
2024.07.10	02:12:13.795	0.84568	0.84576			6
2024.07.10	02:12:33.118	0.84570				2
2024.07.10	02:13:01.294	0.84570				2
2024.07.10	02:13:17.373		0.84576			4
2024.07.10	02:13:52.249		0.84574			4
2024.07.10	02:14:00.476	0.84571				2
2024.07.10	02:14:53.637		0.84574			4
2024.07.10	02:15:00.734	0.84571				2
2024.07.10	02:15:42.253		0.84575			4
2024.07.10	02:16:00.989	0.84569				2
2024.07.10	02:16:05.307	0.84570	0.84574			6
2024.07.10	02:17:00.423	0.84570				2
2024.07.10	02:17:06.335		0.84574			4
2024.07.10	02:17:30.795	0.84569	0.84572			6
2024.07.10	02:17:31.143	0.84568				2
2024.07.10	02:17:33.377	0.84569				2
2024.07.10	02:17:51.668		0.84573			4
2024.07.10	02:18:00.086	0.84569				2
2024.07.10	02:18:01.437		0.84572			4
2024.07.10	02:18:03.921		0.84573			4
2024.07.10	02:19:01.889	0.84569				2
2024.07.10	02:19:05.877		0.84573			4
2024.07.10	02:19:10.554	0.84570				2
2024.07.10	02:19:20.798		0.84574			4
2024.07.10	02:20:00.745	0.84570				2
2024.07.10	02:20:09.629	0.84569				2
2024.07.10	02:20:21.325		0.84574			4
2024.07.10	02:20:55.173	0.84570				2
2024.07.10	02:21:00.380	0.84570				2
2024.07.10	02:21:21.676		0.84574			4
2024.07.10	02:21:29.875		0.84572			4
2024.07.10	02:21:30.935		0.84573			4
2024.07.10	02:21:34.917	0.84569	0.84574			6
2024.07.10	02:21:39.951		0.84572			4
2024.07.10	02:22:00.024	0.84569				2
2024.07.10	02:22:01.260		0.84574			4
2024.07.10	02:22:01.866		0.84573			4
2024.07.10	02:22:07.917	0.84570	0.84574			6
2024.07.10	02:23:00.887	0.84570				2
2024.07.10	02:23:08.057		0.84574			4
2024.07.10	02:24:01.261	0.84570				2
2024.07.10	02:24:01.568	0.84569	0.84573			6
2024.07.10	02:25:00.717	0.84569				2
2024.07.10	02:25:31.388		0.84573			4
2024.07.10	02:26:00.562	0.84569				2
2024.07.10	02:26:25.828	0.84570				2
2024.07.10	02:26:26.313	0.84569				2
2024.07.10	02:26:34.760		0.84573			4
2024.07.10	02:27:00.378	0.84569				2
2024.07.10	02:27:35.515		0.84573			4
2024.07.10	02:28:00.499	0.84569				2
2024.07.10	02:28:21.422	0.84570				2
2024.07.10	02:28:26.423	0.84569				2
2024.07.10	02:28:27.985		0.84572			4
2024.07.10	02:28:28.372		0.84573			4
2024.07.10	02:28:39.915		0.84574			4
2024.07.10	02:28:56.127		0.84572			4
2024.07.10	02:29:01.372	0.84569	0.84574			6
2024.07.10	02:29:06.591		0.84572			4
2024.07.10	02:29:17.184		0.84574			4
2024.07.10	02:29:26.215	0.84571				2
2024.07.10	02:30:00.586	0.84571				2
2024.07.10	02:30:01.017		0.84575			4
2024.07.10	02:30:40.262	0.84573	0.84576			6
2024.07.10	02:31:00.377	0.84573	0.84575			6
2024.07.10	02:31:04.465		0.84576			4
2024.07.10	02:31:06.117		0.84575			4
2024.07.10	02:31:58.224	0.84575	0.84576			6
2024.07.10	02:31:59.181	0.84574	0.84575			6
2024.07.10	02:32:01.279	0.84574				2
2024.07.10	02:32:01.717	0.84573				2
2024.07.10	02:32:04.050	0.84574				2
2024.07.10	02:33:01.200	0.84574	0.84575			6
2024.07.10	02:33:36.168		0.84576			4
2024.07.10	02:34:00.382	0.84574				2
2024.07.10	02:34:14.011		0.84575			4
2024.07.10	02:34:27.187	0.84573				2
2024.07.10	02:34:27.620	0.84574				2
2024.07.10	02:34:41.345	0.84573				2
2024.07.10	02:34:44.450	0.84574				2
2024.07.10	02:35:01.224	0.84574				2
2024.07.10	02:35:02.933	0.84573				2
2024.07.10	02:35:03.916	0.84574				2
2024.07.10	02:35:13.775	0.84575	0.84576			6
2024.07.10	02:35:33.161	0.84572	0.84573			6
2024.07.10	02:35:33.836	0.84571	0.84572			6
2024.07.10	02:35:34.181	0.84572	0.84573			6
2024.07.10	02:35:35.685	0.84574	0.84575			6
2024.07.10	02:35:39.062	0.84573	0.84574			6
2024.07.10	02:35:41.657	0.84574	0.84575			6
2024.07.10	02:35:51.488	0.84575	0.84576			6
2024.07.10	02:36:00.354	0.84575				2
2024.07.10	02:36:01.921	0.84573	0.84574			6
2024.07.10	02:36:22.618	0.84572	0.84573			6
2024.07.10	02:37:00.529	0.84572				2
2024.07.10	02:37:23.199		0.84573			4
2024.07.10	02:37:49.787	0.84573	0.84574			6
2024.07.10	02:37:56.883	0.84571	0.84573			6
2024.07.10	02:38:00.579	0.84571				2
2024.07.10	02:38:21.421		0.84572			4
2024.07.10	02:38:22.903	0.84570				2
2024.07.10	02:38:23.237	0.84569				2
2024.07.10	02:38:31.262	0.84570	0.84571			6
2024.07.10	02:39:00.424	0.84570				2
2024.07.10	02:39:25.153	0.84569				2
2024.07.10	02:39:25.460		0.84572			4
2024.07.10	02:39:31.330		0.84571			4
2024.07.10	02:39:43.172		0.84570			4
2024.07.10	02:39:52.269	0.84568	0.84571			6
2024.07.10	02:40:00.652	0.84568				2
2024.07.10	02:40:02.957	0.84569	0.84570			6
2024.07.10	02:40:04.374		0.84571			4
2024.07.10	02:40:05.143		0.84570			4
2024.07.10	02:40:11.873	0.84568	0.84571			6
2024.07.10	02:40:12.287		0.84570			4
2024.07.10	02:40:21.167	0.84569				2
2024.07.10	02:40:24.909	0.84568				2
2024.07.10	02:40:42.797	0.84566				2
2024.07.10	02:40:43.560	0.84568	0.84569			6
2024.07.10	02:41:02.670	0.84568				2
2024.07.10	02:41:04.595	0.84567	0.84570			6
2024.07.10	02:41:11.887	0.84568	0.84569			6
2024.07.10	02:42:00.309	0.84568				2
2024.07.10	02:42:12.045		0.84569			4
2024.07.10	02:42:28.537	0.84569	0.84570			6
2024.07.10	02:42:28.851	0.84568	0.84569			6
2024.07.10	02:43:01.232	0.84568				2
2024.07.10	02:43:29.373		0.84569			4
2024.07.10	02:44:01.147	0.84568				2
2024.07.10	02:44:25.872	0.84571	0.84572			6
2024.07.10	02:44:29.164	0.84570	0.84571			6
2024.07.10	02:45:00.433	0.84570				2
2024.07.10	02:45:01.622	0.84569	0.84570			6
2024.07.10	02:45:03.215	0.84570	0.84571			6
2024.07.10	02:45:06.729	0.84569	0.84570			6
2024.07.10	02:46:03.260	0.84569				2
2024.07.10	02:46:06.924		0.84570			4
2024.07.10	02:46:08.844	0.84568	0.84569			6
2024.07.10	02:46:10.784	0.84567	0.84568			6
2024.07.10	02:46:12.170	0.84568	0.84569			6
2024.07.10	02:47:00.969	0.84568				2
2024.07.10	02:47:12.893		0.84569			4
2024.07.10	02:48:00.543	0.84568				2
2024.07.10	02:48:13.338		0.84569			4
2024.07.10	02:48:15.397	0.84567	0.84568			6
2024.07.10	02:48:16.753	0.84568	0.84569			6
2024.07.10	02:48:34.080	0.84567	0.84568			6
2024.07.10	02:48:34.844	0.84566				2
2024.07.10	02:48:35.347		0.84570			4
2024.07.10	02:48:35.674	0.84567	0.84568			6
2024.07.10	02:48:36.457	0.84566	0.84569			6
2024.07.10	02:48:36.961	0.84567	0.84568			6
2024.07.10	02:48:37.322	0.84566	0.84569			6
2024.07.10	02:48:37.627	0.84567	0.84568			6
2024.07.10	02:48:38.533	0.84566	0.84569			6
2024.07.10	02:48:39.549	0.84567	0.84568			6
2024.07.10	02:48:40.564	0.84566	0.84569			6
2024.07.10	02:48:41.033	0.84567	0.84568			6
2024.07.10	02:48:41.664	0.84566	0.84569			6
2024.07.10	02:48:43.728	0.84567	0.84568			6
2024.07.10	02:48:48.680	0.84568	0.84569			6
2024.07.10	02:48:50.379	0.84567	0.84568			6
2024.07.10	02:49:00.228	0.84567				2
2024.07.10	02:49:17.489	0.84568	0.84569			6
2024.07.10	02:50:00.700	0.84568				2
2024.07.10	02:50:17.841		0.84569			4
2024.07.10	02:51:00.378	0.84568				2
2024.07.10	02:51:18.014		0.84569			4
2024.07.10	02:52:00.375	0.84568				2
2024.07.10	02:52:03.472	0.84566				2
2024.07.10	02:52:11.821	0.84569	0.84570			6
2024.07.10	02:53:00.481	0.84569				2
2024.07.10	02:53:11.916		0.84570			4
2024.07.10	02:53:12.350	0.84566	0.84569			6
2024.07.10	02:53:18.113	0.84568				2
2024.07.10	02:53:19.173	0.84566				2
2024.07.10	02:53:20.187	0.84567				2
2024.07.10	02:53:21.208	0.84566				2
2024.07.10	02:53:23.224	0.84567				2
2024.07.10	02:53:24.315	0.84566				2
2024.07.10	02:53:25.727	0.84567				2
2024.07.10	02:53:26.388	0.84566				2
2024.07.10	02:53:27.472	0.84567				2
2024.07.10	02:53:30.566	0.84570	0.84571			6
2024.07.10	02:53:30.883	0.84573	0.84574			6
2024.07.10	02:53:31.191	0.84572	0.84573			6
2024.07.10	02:53:32.377	0.84575	0.84576			6
2024.07.10	02:53:32.916	0.84574	0.84577			6
2024.07.10	02:53:33.857	0.84576				2
2024.07.10	02:53:35.509	0.84575	0.84576			6
2024.07.10	02:53:44.696	0.84572	0.84573			6
2024.07.10	02:54:00.050	0.84572				2
2024.07.10	02:54:26.458	0.84573	0.84574			6
2024.07.10	02:54:56.517	0.84572	0.84573			6
2024.07.10	02:55:00.377	0.84572				2
2024.07.10	02:55:11.217	0.84571	0.84572			6
2024.07.10	02:55:22.017	0.84572	0.84573			6
2024.07.10	02:55:26.032	0.84571	0.84572			6
2024.07.10	02:55:34.934	0.84573	0.84574			6
2024.07.10	02:55:35.246	0.84572	0.84573			6
2024.07.10	02:55:36.154	0.84573	0.84574			6
2024.07.10	02:55:51.106	0.84571	0.84572			6
2024.07.10	02:55:51.413	0.84572	0.84573			6
2024.07.10	02:55:54.349	0.84574	0.84575			6
2024.07.10	02:55:56.091	0.84573	0.84574			6
2024.07.10	02:55:58.939	0.84572	0.84573			6
2024.07.10	02:56:00.716	0.84572				2
2024.07.10	02:56:13.855	0.84571	0.84572			6
2024.07.10	02:56:26.967	0.84572	0.84573			6
2024.07.10	02:57:01.281	0.84572				2
2024.07.10	02:57:11.063	0.84571	0.84572			6
2024.07.10	02:57:12.471	0.84572	0.84573			6
2024.07.10	02:57:18.432	0.84571	0.84572			6
2024.07.10	02:57:23.738	0.84572	0.84573			6
2024.07.10	02:57:30.252	0.84571	0.84572			6
2024.07.10	02:57:30.892	0.84570				2
2024.07.10	02:57:31.205		0.84571			4
2024.07.10	02:57:31.508	0.84569	0.84570			6
2024.07.10	02:57:33.589	0.84570	0.84571			6
2024.07.10	02:57:35.417	0.84569	0.84570			6
2024.07.10	02:57:37.020	0.84566	0.84569			6
2024.07.10	02:57:39.207	0.84565	0.84568			6
2024.07.10	02:57:39.841	0.84566	0.84569			6
2024.07.10	02:57:48.128	0.84567	0.84568			6
2024.07.10	02:57:51.158		0.84569			4
2024.07.10	02:57:52.376		0.84568			4
2024.07.10	02:57:54.226	0.84566	0.84569			6
2024.07.10	02:57:56.164	0.84565	0.84568			6
2024.07.10	02:57:56.483		0.84569			4
2024.07.10	02:57:57.660	0.84566	0.84568			6
2024.07.10	02:57:58.394	0.84568	0.84569			6
2024.07.10	02:57:58.775	0.84567				2
2024.07.10	02:57:59.489	0.84566				2
2024.07.10	02:58:00.038	0.84566				2
2024.07.10	02:58:05.419	0.84565				2
2024.07.10	02:58:14.456	0.84567	0.84568			6
2024.07.10	02:58:14.847		0.84569			4
2024.07.10	02:58:17.485	0.84566				2
2024.07.10	02:58:20.409	0.84567	0.84568			6
2024.07.10	02:58:27.986	0.84564	0.84566			6
2024.07.10	02:58:28.443		0.84565			4
2024.07.10	02:58:29.312	0.84565	0.84566			6
2024.07.10	02:58:29.674	0.84564	0.84565			6
2024.07.10	02:58:29.983	0.84565	0.84566			6
2024.07.10	02:58:31.902	0.84564	0.84565			6
2024.07.10	02:58:44.470	0.84565	0.84566			6
2024.07.10	02:58:46.344	0.84564	0.84565			6
2024.07.10	02:58:46.667	0.84565	0.84566			6
2024.07.10	02:58:51.118	0.84560	0.84564			6
2024.07.10	02:58:51.439	0.84565	0.84566			6
2024.07.10	02:58:57.373	0.84564	0.84565			6
2024.07.10	02:58:58.679	0.84565	0.84566			6
2024.07.10	02:58:58.984	0.84564	0.84565			6
2024.07.10	02:59:00.403	0.84564				2
2024.07.10	02:59:02.726	0.84563	0.84564			6
2024.07.10	02:59:05.458	0.84565	0.84566			6
2024.07.10	02:59:05.824	0.84564	0.84565			6
2024.07.10	02:59:09.371	0.84565	0.84566			6
2024.07.10	02:59:13.453	0.84564	0.84565			6
2024.07.10	02:59:20.549	0.84565	0.84566			6
2024.07.10	02:59:26.524	0.84564	0.84565			6
2024.07.10	02:59:26.995	0.84565	0.84566			6
2024.07.10	02:59:42.799	0.84566	0.84567			6
2024.07.10	03:00:00.376	0.84566				2
2024.07.10	03:00:04.557	0.84567	0.84568			6
2024.07.10	03:00:11.384	0.84566	0.84567			6
2024.07.10	03:00:15.635	0.84567	0.84568			6
2024.07.10	03:00:15.967	0.84568	0.84569			6
2024.07.10	03:00:16.283	0.84567	0.84568			6
2024.07.10	03:00:16.628	0.84568	0.84569			6
2024.07.10	03:00:17.328	0.84567	0.84568			6
2024.07.10	03:00:20.355	0.84568	0.84569			6
2024.07.10	03:00:25.162	0.84567	0.84568			6
2024.07.10	03:00:44.930	0.84572	0.84573			6
2024.07.10	03:00:45.243	0.84571	0.84572			6
2024.07.10	03:00:52.341	0.84570	0.84571			6
2024.07.10	03:00:55.560	0.84572	0.84573			6
2024.07.10	03:01:00.205	0.84571	0.84572			6
2024.07.10	03:01:01.309	0.84570	0.84571			6
2024.07.10	03:01:04.263	0.84571	0.84572			6
2024.07.10	03:01:08.275	0.84569	0.84570			6
2024.07.10	03:01:11.506	0.84570	0.84571			6
2024.07.10	03:01:17.176	0.84567	0.84568			6
2024.07.10	03:01:18.328	0.84568	0.84569			6
2024.07.10	03:01:18.647	0.84569	0.84570			6
2024.07.10	03:01:33.802	0.84567	0.84568			6
2024.07.10	03:01:41.406	0.84568	0.84569			6
2024.07.10	03:01:42.086	0.84567	0.84568			6
2024.07.10	03:01:49.292	0.84570	0.84571			6
2024.07.10	03:01:49.977	0.84567	0.84568			6
2024.07.10	03:01:51.128	0.84570	0.84571			6
2024.07.10	03:01:53.126	0.84567	0.84568			6
2024.07.10	03:01:54.329	0.84568	0.84569			6
2024.07.10	03:01:55.962	0.84569	0.84570			6
2024.07.10	03:02:00.308	0.84569				2
2024.07.10	03:02:00.730	0.84568	0.84569			6
2024.07.10	03:02:04.663	0.84569	0.84570			6
2024.07.10	03:02:04.964	0.84568	0.84569			6
2024.07.10	03:02:06.459	0.84569	0.84570			6
2024.07.10	03:02:12.352	0.84567	0.84568			6
2024.07.10	03:02:21.453	0.84568	0.84569			6
2024.07.10	03:02:42.452	0.84566	0.84567			6
2024.07.10	03:02:44.343	0.84567	0.84568			6
2024.07.10	03:02:45.031	0.84566	0.84567			6
2024.07.10	03:02:58.977	0.84565	0.84566			6
2024.07.10	03:03:00.376	0.84566	0.84567			6
2024.07.10	03:03:00.748	0.84565	0.84566			6
2024.07.10	03:03:01.061	0.84566	0.84567			6
2024.07.10	03:03:11.926	0.84567	0.84568			6
2024.07.10	03:03:12.242	0.84566	0.84567			6
2024.07.10	03:03:12.548	0.84565	0.84566			6
2024.07.10	03:03:14.907	0.84566	0.84567			6
2024.07.10	03:03:21.850	0.84567	0.84568			6
2024.07.10	03:03:23.422	0.84568	0.84569			6
2024.07.10	03:03:39.781	0.84569	0.84570			6
2024.07.10	03:03:56.732		0.84571			4
2024.07.10	03:03:57.989		0.84570			4
2024.07.10	03:03:58.299	0.84568	0.84569			6
2024.07.10	03:04:00.491	0.84568				2
2024.07.10	03:04:22.149	0.84569	0.84570			6
2024.07.10	03:04:24.766	0.84568	0.84569			6
2024.07.10	03:04:27.387	0.84569	0.84570			6
2024.07.10	03:04:30.057	0.84568	0.84569			6
2024.07.10	03:04:56.057	0.84569	0.84570			6
2024.07.10	03:05:00.461	0.84569				2
2024.07.10	03:05:02.429	0.84568	0.84569			6
2024.07.10	03:05:26.263	0.84567	0.84568			6
2024.07.10	03:05:35.150	0.84566	0.84567			6
2024.07.10	03:05:36.676	0.84567	0.84568			6
2024.07.10	03:05:58.311	0.84566	0.84567			6
2024.07.10	03:05:59.703	0.84567	0.84568			6
2024.07.10	03:06:00.009	0.84567				2
2024.07.10	03:06:04.712	0.84568	0.84569			6
2024.07.10	03:06:05.832	0.84569	0.84570			6
2024.07.10	03:06:06.589	0.84568	0.84569			6
2024.07.10	03:07:00.204	0.84568				2
2024.07.10	03:07:07.156		0.84569			4
2024.07.10	03:07:14.733	0.84567	0.84568			6
2024.07.10	03:07:18.313	0.84568	0.84569			6
2024.07.10	03:08:00.454	0.84568				2
2024.07.10	03:08:20.116		0.84569			4
2024.07.10	03:08:20.776	0.84567	0.84568			6
2024.07.10	03:08:23.314	0.84566	0.84567			6
2024.07.10	03:08:29.089	0.84565	0.84566			6
2024.07.10	03:08:37.578	0.84566	0.84567			6
2024.07.10	03:08:47.898	0.84565	0.84566			6
2024.07.10	03:08:53.280	0.84566	0.84567			6
2024.07.10	03:08:57.077	0.84565	0.84566			6
2024.07.10	03:08:58.258	0.84566	0.84567			6
2024.07.10	03:09:00.302	0.84566				2
2024.07.10	03:09:02.329	0.84565	0.84566			6
2024.07.10	03:09:07.832	0.84566	0.84567			6
2024.07.10	03:09:51.167	0.84564	0.84565			6
2024.07.10	03:09:56.865	0.84563	0.84564			6
2024.07.10	03:09:59.457	0.84562	0.84563			6
2024.07.10	03:10:00.360	0.84562				2
2024.07.10	03:10:19.201	0.84564	0.84565			6
2024.07.10	03:10:24.110	0.84563	0.84564			6
2024.07.10	03:10:36.898	0.84564	0.84565			6
2024.07.10	03:11:00.436	0.84564				2
2024.07.10	03:11:16.166	0.84563	0.84564			6
2024.07.10	03:11:38.591	0.84565	0.84566			6
2024.07.10	03:11:38.915	0.84563	0.84564			6
2024.07.10	03:11:39.308	0.84564	0.84565			6
2024.07.10	03:11:51.226	0.84565	0.84566			6
2024.07.10	03:11:51.540	0.84564	0.84565			6
2024.07.10	03:11:53.023	0.84565	0.84566			6
2024.07.10	03:12:00.322	0.84565				2
2024.07.10	03:12:53.376		0.84566			4
2024.07.10	03:13:00.425	0.84564	0.84565			6
2024.07.10	03:13:38.162	0.84563	0.84564			6
2024.07.10	03:13:38.469	0.84564	0.84565			6
2024.07.10	03:13:49.434	0.84563	0.84564			6
2024.07.10	03:13:53.431	0.84564	0.84565			6
2024.07.10	03:14:00.339	0.84564				2
2024.07.10	03:14:21.347	0.84565	0.84566			6
2024.07.10	03:14:42.223	0.84564	0.84565			6
2024.07.10	03:14:50.047	0.84565	0.84566			6
2024.07.10	03:15:00.436	0.84565				2
2024.07.10	03:15:01.125	0.84564	0.84565			6
2024.07.10	03:15:01.426	0.84565	0.84566			6
2024.07.10	03:15:02.079	0.84564	0.84565			6
2024.07.10	03:15:04.067	0.84565	0.84566			6
2024.07.10	03:15:18.322	0.84564	0.84565			6
2024.07.10	03:15:56.631	0.84565	0.84566			6
2024.07.10	03:16:00.254	0.84564	0.84565			6
2024.07.10	03:16:38.784	0.84563	0.84564			6
2024.07.10	03:16:40.841	0.84564	0.84565			6
2024.07.10	03:16:48.938	0.84563	0.84564			6
2024.07.10	03:16:49.246	0.84564	0.84565			6
2024.07.10	03:16:49.643	0.84563	0.84564			6
2024.07.10	03:16:53.945	0.84564	0.84565			6
2024.07.10	03:16:56.288	0.84563	0.84564			6
2024.07.10	03:17:00.387	0.84563				2
2024.07.10	03:17:07.252	0.84564	0.84565			6
2024.07.10	03:17:11.094	0.84563	0.84564			6
2024.07.10	03:17:12.331	0.84562	0.84563			6
2024.07.10	03:17:16.204	0.84564	0.84565			6
2024.07.10	03:17:16.541	0.84563	0.84564			6
2024.07.10	03:17:31.178	0.84562				2
2024.07.10	03:17:40.546		0.84563			4
2024.07.10	03:17:42.306	0.84563	0.84564			6
2024.07.10	03:18:00.373	0.84563				2
2024.07.10	03:18:02.745	0.84564	0.84565			6
2024.07.10	03:18:14.597	0.84563	0.84564			6
2024.07.10	03:18:17.324	0.84562	0.84563			6
2024.07.10	03:18:17.631	0.84563	0.84564			6
2024.07.10	03:18:18.072	0.84564	0.84565			6
2024.07.10	03:18:19.433	0.84563	0.84564			6
2024.07.10	03:18:22.014	0.84564	0.84565			6
2024.07.10	03:18:22.489	0.84563	0.84564			6
2024.07.10	03:18:27.521	0.84564	0.84565			6
2024.07.10	03:18:31.225	0.84563	0.84564			6
2024.07.10	03:18:32.841	0.84564	0.84565			6
2024.07.10	03:18:33.150	0.84563	0.84564			6
2024.07.10	03:19:00.020	0.84563				2
2024.07.10	03:19:30.580	0.84564	0.84565			6
2024.07.10	03:19:36.150	0.84563	0.84564			6
2024.07.10	03:19:36.464	0.84564	0.84565			6
2024.07.10	03:19:56.029	0.84563	0.84564			6
2024.07.10	03:19:57.537	0.84564	0.84565			6
2024.07.10	03:20:00.478	0.84564				2
2024.07.10	03:20:32.479	0.84562	0.84563			6
2024.07.10	03:20:33.086	0.84563	0.84564			6
2024.07.10	03:20:33.815	0.84562	0.84563			6
2024.07.10	03:20:41.184	0.84563	0.84564			6
2024.07.10	03:20:52.066	0.84562	0.84563			6
2024.07.10	03:20:52.372	0.84563	0.84564			6
2024.07.10	03:20:53.456	0.84562	0.84563			6
2024.07.10	03:20:53.776	0.84563	0.84564			6
2024.07.10	03:21:00.676	0.84563				2
2024.07.10	03:21:13.001	0.84562	0.84563			6
2024.07.10	03:21:13.987	0.84563	0.84564			6
2024.07.10	03:21:14.373	0.84562	0.84563			6
2024.07.10	03:21:14.727	0.84563	0.84564			6
2024.07.10	03:21:20.365	0.84562	0.84563			6
2024.07.10	03:21:29.982	0.84561	0.84562			6
2024.07.10	03:21:32.511	0.84562	0.84563			6
2024.07.10	03:21:42.966	0.84563	0.84564			6
2024.07.10	03:21:44.655	0.84562	0.84563			6
2024.07.10	03:21:47.146	0.84563	0.84564			6
2024.07.10	03:21:50.821	0.84562	0.84563			6
2024.07.10	03:21:51.466	0.84563	0.84564			6
2024.07.10	03:21:57.045	0.84562	0.84563			6
2024.07.10	03:22:00.412	0.84562				2
2024.07.10	03:22:01.327	0.84563	0.84564			6
2024.07.10	03:22:10.349	0.84562	0.84563			6
2024.07.10	03:22:21.973	0.84563	0.84564			6
2024.07.10	03:22:22.506	0.84562	0.84563			6
2024.07.10	03:22:30.564	0.84561	0.84562			6
2024.07.10	03:22:34.095	0.84562	0.84563			6
2024.07.10	03:23:00.434	0.84562				2
2024.07.10	03:23:16.240	0.84560	0.84561			6
2024.07.10	03:23:16.601	0.84561	0.84562			6
2024.07.10	03:23:16.916	0.84560	0.84561			6
2024.07.10	03:23:17.257	0.84558	0.84559			6
2024.07.10	03:23:17.562	0.84559	0.84560			6
2024.07.10	03:23:18.127	0.84560	0.84561			6
2024.07.10	03:23:27.245	0.84561	0.84562			6
2024.07.10	03:23:28.329	0.84562	0.84563			6
2024.07.10	03:23:51.135	0.84563	0.84564			6
2024.07.10	03:24:00.202	0.84563				2
2024.07.10	03:24:00.514	0.84564	0.84565			6
2024.07.10	03:24:01.970	0.84563	0.84564			6
2024.07.10	03:24:11.102	0.84562	0.84563			6
2024.07.10	03:24:12.031	0.84563	0.84564			6
2024.07.10	03:24:28.831	0.84562	0.84563			6
2024.07.10	03:24:30.370	0.84563	0.84564			6
2024.07.10	03:24:44.757	0.84564	0.84565			6
2024.07.10	03:24:50.739	0.84563	0.84564			6
2024.07.10	03:24:58.028	0.84564	0.84565			6
2024.07.10	03:25:00.478	0.84564				2
2024.07.10	03:25:12.078	0.84565	0.84566			6
2024.07.10	03:25:25.165	0.84564	0.84565			6
2024.07.10	03:25:26.121	0.84565	0.84566			6
2024.07.10	03:25:31.673	0.84564	0.84565			6
2024.07.10	03:25:39.619	0.84563	0.84564			6
2024.07.10	03:25:40.127	0.84564	0.84565			6
2024.07.10	03:25:41.296	0.84563	0.84564			6
2024.07.10	03:25:44.972	0.84564	0.84565			6
2024.07.10	03:25:49.758	0.84565	0.84566			6
2024.07.10	03:25:51.026	0.84563	0.84564			6
2024.07.10	03:25:52.024	0.84564	0.84565			6
2024.07.10	03:26:00.349	0.84564				2
2024.07.10	03:26:11.102	0.84565	0.84566			6
2024.07.10	03:26:20.753	0.84564	0.84565			6
2024.07.10	03:27:00.385	0.84564				2
2024.07.10	03:27:04.383	0.84565	0.84566			6
2024.07.10	03:27:04.727	0.84564	0.84565			6
2024.07.10	03:27:08.001	0.84565	0.84566			6
2024.07.10	03:27:08.310	0.84564	0.84565			6
2024.07.10	03:27:08.634	0.84563				2
2024.07.10	03:27:08.942	0.84565	0.84566			6
2024.07.10	03:27:09.243	0.84564	0.84565			6
2024.07.10	03:27:09.549	0.84565	0.84566			6
2024.07.10	03:27:09.994	0.84564	0.84565			6
2024.07.10	03:27:10.358	0.84565	0.84566			6
2024.07.10	03:27:13.883	0.84564	0.84565			6
2024.07.10	03:27:21.673	0.84563				2
2024.07.10	03:27:22.011	0.84564				2
2024.07.10	03:28:00.371	0.84564				2
2024.07.10	03:28:02.397	0.84563	0.84564			6
2024.07.10	03:28:02.705	0.84564	0.84565			6
2024.07.10	03:28:03.081	0.84567	0.84568			6
2024.07.10	03:28:04.528	0.84566	0.84567			6
2024.07.10	03:28:12.350	0.84565	0.84566			6
2024.07.10	03:28:12.654	0.84566	0.84567			6
2024.07.10	03:29:00.124	0.84566				2
2024.07.10	03:29:02.233	0.84565	0.84566			6
2024.07.10	03:29:08.175	0.84564	0.84565			6
2024.07.10	03:29:09.493	0.84565	0.84566			6
2024.07.10	03:29:11.326	0.84566	0.84567			6
2024.07.10	03:29:21.821	0.84567	0.84568			6
2024.07.10	03:29:36.173	0.84566	0.84567			6
2024.07.10	03:29:36.485	0.84565	0.84566			6
2024.07.10	03:29:38.778	0.84566	0.84567			6
2024.07.10	03:29:56.702	0.84565	0.84566			6
2024.07.10	03:29:57.023	0.84566	0.84567			6
2024.07.10	03:29:59.397	0.84567	0.84568			6
2024.07.10	03:30:00.045	0.84568	0.84569			6
2024.07.10	03:30:03.647	0.84569	0.84570			6
2024.07.10	03:30:18.784	0.84570	0.84571			6
2024.07.10	03:30:47.579	0.84569	0.84570			6
2024.07.10	03:30:47.884	0.84568	0.84569			6
2024.07.10	03:31:00.491	0.84568				2
2024.07.10	03:31:04.335	0.84566	0.84567			6
2024.07.10	03:31:21.811	0.84567	0.84568			6
2024.07.10	03:31:25.098	0.84568	0.84569			6
2024.07.10	03:31:26.431	0.84567	0.84568			6
2024.07.10	03:31:26.790	0.84568	0.84569			6
2024.07.10	03:31:31.250	0.84569	0.84570			6
2024.07.10	03:31:41.387	0.84570	0.84571			6
2024.07.10	03:32:01.146	0.84570				2
2024.07.10	03:32:01.469	0.84569	0.84570			6
2024.07.10	03:32:05.245	0.84570	0.84571			6
2024.07.10	03:32:14.692	0.84571	0.84572			6
2024.07.10	03:32:21.224	0.84570	0.84571			6
2024.07.10	03:32:23.176	0.84571	0.84572			6
2024.07.10	03:32:52.465	0.84570	0.84571			6
2024.07.10	03:33:00.307	0.84570				2
2024.07.10	03:33:01.079	0.84571	0.84572			6
2024.07.10	03:33:01.739	0.84570	0.84571			6
2024.07.10	03:33:02.563		0.84572			4
2024.07.10	03:33:03.243	0.84571				2
2024.07.10	03:33:03.961	0.84572	0.84573			6
2024.07.10	03:33:22.318	0.84573	0.84574			6
2024.07.10	03:33:23.228	0.84572	0.84573			6
2024.07.10	03:33:33.312	0.84571	0.84572			6
2024.07.10	03:33:47.721	0.84572	0.84573			6
2024.07.10	03:33:48.764	0.84571	0.84572			6
2024.07.10	03:34:00.115	0.84571				2
2024.07.10	03:34:09.140	0.84572	0.84573			6
2024.07.10	03:34:10.090	0.84571	0.84572			6
2024.07.10	03:34:10.480	0.84572	0.84573			6
2024.07.10	03:34:10.978	0.84571	0.84572			6
2024.07.10	03:34:11.285	0.84572	0.84573			6
2024.07.10	03:34:12.991	0.84571	0.84572			6
2024.07.10	03:34:22.658	0.84572	0.84573			6
2024.07.10	03:34:24.579	0.84571	0.84572			6
2024.07.10	03:34:34.628	0.84572	0.84573			6
2024.07.10	03:34:35.543	0.84571	0.84572			6
2024.07.10	03:34:38.341	0.84570	0.84571			6
2024.07.10	03:34:39.976	0.84571	0.84572			6
2024.07.10	03:34:40.974	0.84570	0.84571			6
2024.07.10	03:34:49.515		0.84572			4
2024.07.10	03:34:50.338	0.84571	0.84573			6
2024.07.10	03:34:50.712	0.84572				2
2024.07.10	03:34:51.070	0.84571				2
2024.07.10	03:34:51.455	0.84572				2
2024.07.10	03:34:53.386	0.84571				2
2024.07.10	03:34:53.855	0.84572	0.84574			6
2024.07.10	03:34:58.277	0.84571				2
2024.07.10	03:35:00.226	0.84571				2
2024.07.10	03:35:00.537	0.84572				2
2024.07.10	03:35:01.478	0.84571				2
2024.07.10	03:35:02.115	0.84572				2
2024.07.10	03:35:02.483	0.84571	0.84572			6
2024.07.10	03:35:03.228	0.84572	0.84574			6
2024.07.10	03:35:06.474		0.84573			4
2024.07.10	03:35:09.439	0.84571				2
2024.07.10	03:35:09.778		0.84572			4
2024.07.10	03:35:10.255	0.84572	0.84573			6
2024.07.10	03:35:10.739	0.84571	0.84572			6
2024.07.10	03:35:21.220	0.84570				2
2024.07.10	03:35:22.253	0.84571	0.84573			6
2024.07.10	03:35:22.565	0.84572				2
2024.07.10	03:35:24.080	0.84571				2
2024.07.10	03:35:27.476	0.84572				2
2024.07.10	03:35:32.669	0.84573	0.84574			6
2024.07.10	03:35:33.001	0.84572	0.84573			6
2024.07.10	03:35:39.120	0.84573	0.84574			6
2024.07.10	03:35:42.386	0.84572	0.84573			6
2024.07.10	03:35:46.313		0.84574			4
2024.07.10	03:35:47.278	0.84573				2
2024.07.10	03:35:48.101	0.84572	0.84573			6
2024.07.10	03:35:48.403	0.84573	0.84574			6
2024.07.10	03:35:49.875	0.84572				2
2024.07.10	03:35:50.267		0.84573			4
2024.07.10	03:35:54.028	0.84573	0.84574			6
2024.07.10	03:35:54.643	0.84572	0.84573			6
2024.07.10	03:35:55.022	0.84573	0.84574			6
2024.07.10	03:36:00.292	0.84572				2
2024.07.10	03:36:00.615	0.84573				2
2024.07.10	03:36:01.305	0.84572	0.84573			6
2024.07.10	03:36:01.676	0.84573	0.84574			6
2024.07.10	03:36:03.117	0.84572	0.84573			6
2024.07.10	03:36:03.538	0.84573	0.84574			6
2024.07.10	03:36:04.203	0.84571	0.84572			6
2024.07.10	03:36:04.514	0.84572	0.84573			6
2024.07.10	03:36:07.279	0.84571	0.84572			6
2024.07.10	03:36:09.319	0.84572	0.84573			6
2024.07.10	03:36:10.201	0.84571	0.84572			6
2024.07.10	03:36:10.525	0.84572	0.84573			6
2024.07.10	03:36:11.032	0.84571	0.84572			6
2024.07.10	03:36:16.814	0.84572	0.84573			6
2024.07.10	03:36:18.193	0.84571	0.84572			6
2024.07.10	03:36:21.992	0.84572	0.84573			6
2024.07.10	03:36:22.294	0.84571	0.84572			6
2024.07.10	03:36:40.822	0.84572	0.84573			6
2024.07.10	03:36:41.138	0.84571	0.84572			6
2024.07.10	03:36:46.327	0.84572	0.84573			6
2024.07.10	03:37:00.296	0.84572				2
2024.07.10	03:37:09.425	0.84573	0.84574			6
2024.07.10	03:37:10.174	0.84572				2
2024.07.10	03:37:10.478		0.84573			4
2024.07.10	03:37:14.543		0.84574			4
2024.07.10	03:37:15.460		0.84573			4
2024.07.10	03:37:18.506	0.84571				2
2024.07.10	03:37:19.011		0.84572			4
2024.07.10	03:37:19.365	0.84572	0.84573			6
2024.07.10	03:37:20.114	0.84571	0.84572			6
2024.07.10	03:37:21.241	0.84573	0.84574			6
2024.07.10	03:37:22.731	0.84574	0.84575			6
2024.07.10	03:37:23.136	0.84572	0.84573			6
2024.07.10	03:37:24.385	0.84573	0.84574			6
2024.07.10	03:37:25.101	0.84572	0.84573			6
2024.07.10	03:37:30.317	0.84573	0.84574			6
2024.07.10	03:37:32.446	0.84572				2
2024.07.10	03:37:33.214	0.84574	0.84575			6
2024.07.10	03:37:35.379	0.84573	0.84574			6
2024.07.10	03:37:37.215	0.84574	0.84575			6
2024.07.10	03:37:37.563	0.84573	0.84574			6
2024.07.10	03:37:38.983	0.84572	0.84573			6
2024.07.10	03:37:43.306	0.84571	0.84572			6
2024.07.10	03:37:45.374	0.84572	0.84573			6
2024.07.10	03:37:48.220	0.84571	0.84572			6
2024.07.10	03:37:51.222		0.84574			4
2024.07.10	03:37:51.641		0.84572			4
2024.07.10	03:37:52.166	0.84572	0.84573			6
2024.07.10	03:37:53.921	0.84573	0.84574			6
2024.07.10	03:37:54.224	0.84572	0.84573			6
2024.07.10	03:38:00.432	0.84572				2
2024.07.10	03:38:02.469	0.84571	0.84572			6
2024.07.10	03:38:07.366	0.84570	0.84571			6
2024.07.10	03:38:08.822	0.84571	0.84572			6
2024.07.10	03:38:15.980	0.84570	0.84571			6
2024.07.10	03:39:00.631	0.84570				2
2024.07.10	03:39:12.390	0.84571	0.84572			6
2024.07.10	03:39:15.725	0.84569	0.84570			6
2024.07.10	03:39:20.476	0.84568	0.84569			6
2024.07.10	03:39:23.768	0.84567	0.84568			6
2024.07.10	03:39:24.254	0.84568	0.84569			6
2024.07.10	03:39:24.617	0.84567	0.84568			6
2024.07.10	03:39:25.781	0.84568	0.84569			6
2024.07.10	03:39:28.393	0.84567	0.84568			6
2024.07.10	03:39:35.807	0.84566	0.84567			6
2024.07.10	03:39:36.122	0.84567	0.84568			6
2024.07.10	03:39:36.525	0.84566	0.84567			6
2024.07.10	03:39:45.703	0.84567	0.84568			6
2024.07.10	03:39:47.276	0.84566	0.84567			6
2024.07.10	03:40:00.214	0.84566				2
2024.07.10	03:40:01.489	0.84567	0.84568			6
2024.07.10	03:40:06.340	0.84566	0.84567			6
2024.07.10	03:40:13.053	0.84567	0.84568			6
2024.07.10	03:40:23.518	0.84568	0.84569			6
2024.07.10	03:40:24.515	0.84567	0.84568			6
2024.07.10	03:40:27.205	0.84568	0.84569			6
2024.07.10	03:40:28.588	0.84569	0.84570			6
2024.07.10	03:40:29.111	0.84568	0.84569			6
2024.07.10	03:40:33.203	0.84569	0.84570			6
2024.07.10	03:40:34.392	0.84568	0.84569			6
2024.07.10	03:40:35.073	0.84569	0.84570			6
2024.07.10	03:40:37.786	0.84568	0.84569			6
2024.07.10	03:40:42.804	0.84569	0.84570			6
2024.07.10	03:40:47.979	0.84568	0.84569			6
2024.07.10	03:40:51.768	0.84567	0.84568			6
2024.07.10	03:41:00.016	0.84568	0.84569			6
2024.07.10	03:41:01.765	0.84569	0.84570			6
2024.07.10	03:41:02.104	0.84568	0.84569			6
2024.07.10	03:41:02.989	0.84569	0.84570			6
2024.07.10	03:41:03.569	0.84568	0.84569			6
2024.07.10	03:41:04.124		0.84570			4
2024.07.10	03:41:04.443	0.84569				2
2024.07.10	03:41:06.680	0.84568	0.84569			6
2024.07.10	03:41:07.387	0.84569	0.84570			6
2024.07.10	03:41:12.425	0.84568	0.84569			6
2024.07.10	03:41:13.180	0.84569	0.84570			6
2024.07.10	03:41:14.996	0.84570	0.84571			6
2024.07.10	03:41:16.117	0.84569	0.84570			6
2024.07.10	03:41:17.032	0.84568				2
2024.07.10	03:41:18.002	0.84569				2
2024.07.10	03:41:38.354	0.84568	0.84569			6
2024.07.10	03:41:39.427	0.84569	0.84570			6
2024.07.10	03:41:39.878	0.84568	0.84569			6
2024.07.10	03:41:52.412	0.84567	0.84568			6
2024.07.10	03:42:00.375	0.84567				2
2024.07.10	03:42:01.792	0.84566	0.84567			6
2024.07.10	03:42:02.429	0.84567	0.84568			6
2024.07.10	03:42:05.966	0.84566	0.84567			6
2024.07.10	03:42:07.703	0.84567	0.84568			6
2024.07.10	03:42:17.764	0.84566	0.84567			6
2024.07.10	03:42:23.423	0.84567	0.84568			6
2024.07.10	03:42:24.965	0.84566	0.84567			6
2024.07.10	03:42:25.555	0.84567	0.84568			6
2024.07.10	03:42:42.755	0.84568	0.84569			6
2024.07.10	03:42:53.202	0.84567	0.84568			6
2024.07.10	03:42:54.385	0.84568	0.84569			6
2024.07.10	03:42:55.278	0.84567	0.84568			6
2024.07.10	03:42:56.457	0.84568	0.84569			6
2024.07.10	03:43:01.103	0.84568				2
2024.07.10	03:43:19.872	0.84567	0.84568			6
2024.07.10	03:43:30.644	0.84568	0.84569			6
2024.07.10	03:43:41.709	0.84567	0.84568			6
2024.07.10	03:43:46.539	0.84566	0.84567			6
2024.07.10	03:44:00.170	0.84566				2
2024.07.10	03:44:29.560	0.84567	0.84568			6
2024.07.10	03:44:30.015	0.84566	0.84567			6
2024.07.10	03:44:39.990	0.84567	0.84568			6
2024.07.10	03:44:44.765	0.84566	0.84567			6
2024.07.10	03:44:45.118	0.84567	0.84568			6
2024.07.10	03:44:56.653	0.84566	0.84567			6
2024.07.10	03:45:03.144	0.84565	0.84566			6
2024.07.10	03:45:12.708		0.84567			4
2024.07.10	03:45:13.418	0.84566				2
2024.07.10	03:45:15.827	0.84565	0.84566			6
2024.07.10	03:45:19.681	0.84566	0.84567			6
2024.07.10	03:45:21.485	0.84565	0.84566			6
2024.07.10	03:45:24.552	0.84566	0.84567			6
2024.07.10	03:45:27.034	0.84568	0.84569			6
2024.07.10	03:45:29.184	0.84569	0.84570			6
2024.07.10	03:45:39.753	0.84570	0.84571			6
2024.07.10	03:45:40.128	0.84569	0.84570			6
2024.07.10	03:45:41.320	0.84570	0.84571			6
2024.07.10	03:45:42.331	0.84569				2
2024.07.10	03:45:42.813	0.84570	0.84572			6
2024.07.10	03:45:45.124	0.84569	0.84571			6
2024.07.10	03:45:45.425	0.84570				2
2024.07.10	03:45:50.891	0.84571	0.84572			6
2024.07.10	03:45:51.228	0.84570	0.84571			6
2024.07.10	03:45:52.737	0.84571	0.84572			6
2024.07.10	03:46:00.561	0.84571				2
2024.07.10	03:46:06.850	0.84572	0.84573			6
2024.07.10	03:46:07.161	0.84571	0.84572			6
2024.07.10	03:46:07.539	0.84572	0.84573			6
2024.07.10	03:46:07.940	0.84571	0.84572			6
2024.07.10	03:46:21.061	0.84570	0.84571			6
2024.07.10	03:46:21.364	0.84571	0.84572			6
2024.07.10	03:46:26.708	0.84570	0.84571			6
2024.07.10	03:46:28.989	0.84571	0.84572			6
2024.07.10	03:46:29.303	0.84570	0.84571			6
2024.07.10	03:46:32.976	0.84571	0.84572			6
2024.07.10	03:46:34.018	0.84570	0.84571			6
2024.07.10	03:46:36.360	0.84571	0.84572			6
2024.07.10	03:46:44.274	0.84570				2
2024.07.10	03:46:44.630	0.84571				2
2024.07.10	03:46:57.331		0.84573			4
2024.07.10	03:46:58.452		0.84572			4
2024.07.10	03:47:02.391	0.84571				2
2024.07.10	03:47:08.801		0.84573			4
2024.07.10	03:47:10.014		0.84572			4
2024.07.10	03:47:34.456	0.84570	0.84571			6
2024.07.10	03:47:41.510	0.84571	0.84572			6
2024.07.10	03:47:51.926	0.84570	0.84571			6
2024.07.10	03:47:54.344	0.84571	0.84572			6
2024.07.10	03:47:54.649	0.84570	0.84571			6
2024.07.10	03:47:54.964	0.84569	0.84570			6
2024.07.10	03:47:57.791	0.84568	0.84569			6
2024.07.10	03:47:59.426	0.84569	0.84570			6
2024.07.10	03:48:00.476	0.84569				2
2024.07.10	03:48:05.118	0.84568	0.84569			6
2024.07.10	03:48:11.054	0.84569	0.84570			6
2024.07.10	03:48:12.241	0.84568	0.84569			6
2024.07.10	03:48:13.248	0.84569	0.84570			6
2024.07.10	03:48:13.595	0.84568	0.84569			6
2024.07.10	03:48:14.259	0.84569	0.84570			6
2024.07.10	03:48:15.278	0.84568	0.84569			6
2024.07.10	03:48:16.049	0.84569	0.84570			6
2024.07.10	03:48:17.317	0.84568	0.84569			6
2024.07.10	03:48:20.820	0.84569	0.84570			6
2024.07.10	03:48:26.266	0.84568	0.84569			6
2024.07.10	03:48:47.772	0.84569	0.84570			6
2024.07.10	03:48:49.801	0.84567	0.84568			6
2024.07.10	03:49:00.161	0.84567				2
2024.07.10	03:49:42.570	0.84568	0.84569			6
2024.07.10	03:49:56.007	0.84569	0.84570			6
2024.07.10	03:50:00.422	0.84569				2
2024.07.10	03:50:27.116	0.84568				2
2024.07.10	03:50:27.813	0.84569				2
2024.07.10	03:50:30.125	0.84568				2
2024.07.10	03:50:30.876	0.84569				2
2024.07.10	03:50:36.599	0.84570	0.84571			6
2024.07.10	03:50:43.387	0.84571	0.84572			6
2024.07.10	03:50:46.345	0.84570				2
2024.07.10	03:50:46.660	0.84571				2
2024.07.10	03:50:47.779	0.84570				2
2024.07.10	03:50:48.475	0.84571				2
2024.07.10	03:51:00.354	0.84571				2
2024.07.10	03:51:01.110	0.84570				2
2024.07.10	03:51:01.434	0.84571	0.84573			6
2024.07.10	03:51:01.805	0.84570	0.84572			6
2024.07.10	03:51:02.209	0.84571				2
2024.07.10	03:51:02.553	0.84573	0.84574			6
2024.07.10	03:51:03.303	0.84574	0.84575			6
2024.07.10	03:51:03.674	0.84573	0.84574			6
2024.07.10	03:51:04.234	0.84571	0.84573			6
2024.07.10	03:51:04.788	0.84572				2
2024.07.10	03:51:06.681	0.84571				2
2024.07.10	03:51:07.775	0.84573	0.84574			6
2024.07.10	03:51:08.233	0.84572				2
2024.07.10	03:51:08.681	0.84573				2
2024.07.10	03:51:09.276	0.84571				2
2024.07.10	03:51:10.175	0.84573				2
2024.07.10	03:51:10.503	0.84571				2
2024.07.10	03:51:11.611	0.84573				2
2024.07.10	03:51:12.444	0.84574	0.84575			6
2024.07.10	03:51:15.673	0.84573	0.84574			6
2024.07.10	03:51:16.003	0.84574	0.84575			6
2024.07.10	03:51:19.809	0.84573	0.84574			6
2024.07.10	03:51:20.185	0.84574	0.84575			6
2024.07.10	03:51:22.513	0.84573	0.84574			6
2024.07.10	03:51:26.952	0.84572	0.84573			6
2024.07.10	03:51:32.263	0.84573	0.84574			6
2024.07.10	03:51:32.781	0.84572	0.84573			6
2024.07.10	03:51:33.628	0.84573	0.84574			6
2024.07.10	03:51:36.551	0.84572				2
2024.07.10	03:51:38.526	0.84573				2
2024.07.10	03:51:40.827	0.84572				2
2024.07.10	03:51:41.908		0.84573			4
2024.07.10	03:51:45.963	0.84571				2
2024.07.10	03:51:53.677	0.84572				2
2024.07.10	03:51:54.061	0.84571	0.84572			6
2024.07.10	03:51:54.424	0.84572	0.84573			6
2024.07.10	03:51:54.816	0.84571	0.84572			6
2024.07.10	03:51:55.825	0.84572	0.84573			6
2024.07.10	03:51:56.382	0.84571	0.84572			6
2024.07.10	03:51:57.158	0.84570				2
2024.07.10	03:51:57.785	0.84571				2
2024.07.10	03:51:58.537	0.84572	0.84573			6
2024.07.10	03:51:59.138	0.84571				2
2024.07.10	03:52:00.324	0.84571	0.84572			6
2024.07.10	03:52:00.668	0.84572	0.84573			6
2024.07.10	03:52:03.809	0.84571				2
2024.07.10	03:52:06.743	0.84573	0.84575			6
2024.07.10	03:52:07.334	0.84572	0.84574			6
2024.07.10	03:52:07.693	0.84573				2
2024.07.10	03:52:08.353	0.84572				2
2024.07.10	03:52:11.109		0.84573			4
2024.07.10	03:52:16.342	0.84573	0.84574			6
2024.07.10	03:52:23.777	0.84574	0.84575			6
2024.07.10	03:52:24.318	0.84573	0.84574			6
2024.07.10	03:52:25.386	0.84572	0.84573			6
2024.07.10	03:52:25.697	0.84573	0.84574			6
2024.07.10	03:52:26.089	0.84572	0.84573			6
2024.07.10	03:52:37.581	0.84573	0.84574			6
2024.07.10	03:52:39.276	0.84572	0.84573			6
2024.07.10	03:52:48.889	0.84571	0.84572			6
2024.07.10	03:52:49.224	0.84572	0.84573			6
2024.07.10	03:52:50.227	0.84571	0.84572			6
2024.07.10	03:52:51.517	0.84572	0.84573			6
2024.07.10	03:52:52.574	0.84573	0.84574			6
2024.07.10	03:52:54.380	0.84572	0.84573			6
2024.07.10	03:52:55.637	0.84571	0.84572			6
2024.07.10	03:52:56.279	0.84572	0.84573			6
2024.07.10	03:52:57.693	0.84573	0.84574			6
2024.07.10	03:52:58.056	0.84572	0.84573			6
2024.07.10	03:53:00.326	0.84572				2
2024.07.10	03:53:05.065	0.84571	0.84572			6
2024.07.10	03:53:05.686	0.84572	0.84573			6
2024.07.10	03:53:12.868	0.84571	0.84572			6
2024.07.10	03:53:13.389	0.84572	0.84573			6
2024.07.10	03:53:24.092	0.84571	0.84572			6
2024.07.10	03:53:24.395	0.84572	0.84573			6
2024.07.10	03:53:53.386	0.84570	0.84571			6
2024.07.10	03:53:53.705	0.84569	0.84570			6
2024.07.10	03:53:54.030	0.84568	0.84569			6
2024.07.10	03:53:54.344	0.84567	0.84568			6
2024.07.10	03:53:55.402	0.84568	0.84569			6
2024.07.10	03:53:56.664	0.84567	0.84568			6
2024.07.10	03:53:56.969	0.84566	0.84567			6
2024.07.10	03:54:00.075	0.84566				2
2024.07.10	03:54:04.344	0.84568	0.84569			6
2024.07.10	03:54:07.037	0.84569	0.84570			6
2024.07.10	03:54:09.501	0.84570	0.84571			6
2024.07.10	03:54:10.449	0.84569	0.84570			6
2024.07.10	03:54:14.487	0.84570	0.84571			6
2024.07.10	03:54:14.819	0.84569	0.84570			6
2024.07.10	03:54:15.545	0.84570	0.84571			6
2024.07.10	03:54:15.855	0.84569	0.84570			6
2024.07.10	03:54:16.748	0.84570	0.84571			6
2024.07.10	03:54:17.124	0.84569	0.84570			6
2024.07.10	03:54:20.650	0.84568	0.84569			6
2024.07.10	03:54:22.510	0.84567	0.84568			6
2024.07.10	03:54:22.826	0.84568	0.84569			6
2024.07.10	03:54:25.122		0.84570			4
2024.07.10	03:54:25.570		0.84569			4
2024.07.10	03:54:25.931	0.84567	0.84568			6
2024.07.10	03:54:29.694	0.84568	0.84569			6
2024.07.10	03:54:30.127	0.84567	0.84568			6
2024.07.10	03:54:30.533	0.84568	0.84569			6
2024.07.10	03:54:30.842	0.84567	0.84568			6
2024.07.10	03:54:34.398	0.84566	0.84567			6
2024.07.10	03:54:44.779	0.84565	0.84566			6
2024.07.10	03:54:45.502	0.84566	0.84567			6
2024.07.10	03:54:46.141	0.84565	0.84566			6
2024.07.10	03:54:46.474	0.84566	0.84567			6
2024.07.10	03:54:47.321	0.84565	0.84566			6
2024.07.10	03:54:47.673	0.84564	0.84565			6
2024.07.10	03:54:52.516	0.84565	0.84566			6
2024.07.10	03:54:53.136	0.84566	0.84567			6
2024.07.10	03:54:56.496	0.84567	0.84568			6
2024.07.10	03:54:56.803	0.84566	0.84567			6
2024.07.10	03:54:57.211	0.84567	0.84568			6
2024.07.10	03:54:58.411	0.84566	0.84567			6
2024.07.10	03:54:59.868	0.84568	0.84569			6
2024.07.10	03:55:00.187	0.84569	0.84570			6
2024.07.10	03:55:00.503	0.84566	0.84567			6
2024.07.10	03:55:01.456	0.84567	0.84568			6
2024.07.10	03:55:02.451	0.84566	0.84567			6
2024.07.10	03:55:03.185	0.84567	0.84568			6
2024.07.10	03:55:03.609	0.84566	0.84567			6
2024.07.10	03:55:04.908	0.84567	0.84568			6
2024.07.10	03:55:06.931	0.84566	0.84567			6
2024.07.10	03:55:09.686	0.84565	0.84566			6
2024.07.10	03:55:12.690	0.84566	0.84567			6
2024.07.10	03:55:13.646	0.84565	0.84566			6
2024.07.10	03:55:14.431	0.84566	0.84567			6
2024.07.10	03:55:16.776	0.84565	0.84566			6
2024.07.10	03:55:25.265	0.84564	0.84565			6
2024.07.10	03:55:30.275	0.84563	0.84564			6
2024.07.10	03:55:31.265	0.84562	0.84563			6
2024.07.10	03:55:33.455	0.84563	0.84564			6
2024.07.10	03:55:35.193	0.84562	0.84563			6
2024.07.10	03:55:35.592	0.84561	0.84562			6
2024.07.10	03:55:57.064	0.84562	0.84563			6
2024.07.10	03:55:58.382	0.84563	0.84564			6
2024.07.10	03:56:00.429	0.84563				2
2024.07.10	03:56:03.503	0.84562	0.84563			6
2024.07.10	03:56:05.151	0.84563	0.84564			6
2024.07.10	03:56:05.518	0.84564	0.84565			6
2024.07.10	03:56:05.824	0.84563	0.84564			6
2024.07.10	03:56:07.631	0.84562	0.84563			6
2024.07.10	03:56:25.125	0.84564	0.84565			6
2024.07.10	03:56:25.444	0.84566	0.84567			6
2024.07.10	03:56:40.477	0.84567	0.84568			6
2024.07.10	03:56:40.829	0.84566	0.84567			6
2024.07.10	03:56:41.476	0.84567	0.84568			6
2024.07.10	03:56:41.787	0.84566	0.84567			6
2024.07.10	03:56:47.895	0.84567	0.84568			6
2024.07.10	03:56:52.308	0.84565	0.84566			6
2024.07.10	03:56:52.613	0.84566	0.84567			6
2024.07.10	03:56:52.969		0.84569			4
2024.07.10	03:56:53.282		0.84567			4
2024.07.10	03:56:54.266	0.84567	0.84568			6
2024.07.10	03:56:54.814	0.84566	0.84567			6
2024.07.10	03:57:00.199	0.84566				2
2024.07.10	03:57:01.657	0.84565	0.84566			6
2024.07.10	03:57:08.367	0.84566	0.84567			6
2024.07.10	03:57:09.739	0.84565	0.84566			6
2024.07.10	03:57:12.780	0.84566	0.84567			6
2024.07.10	03:57:19.686	0.84565	0.84566			6
2024.07.10	03:57:30.188	0.84566	0.84567			6
2024.07.10	03:57:31.587	0.84565	0.84566			6
2024.07.10	03:57:50.700	0.84562	0.84563			6
2024.07.10	03:57:52.356	0.84561	0.84562			6
2024.07.10	03:58:00.322	0.84561				2
2024.07.10	03:58:28.377	0.84562	0.84563			6
2024.07.10	03:58:36.133	0.84563	0.84564			6
2024.07.10	03:58:37.340	0.84562	0.84563			6
2024.07.10	03:58:44.850	0.84563	0.84564			6
2024.07.10	03:58:45.152	0.84562	0.84563			6
2024.07.10	03:59:00.166	0.84563	0.84564			6
2024.07.10	03:59:02.116	0.84562	0.84563			6
2024.07.10	03:59:58.648	0.84563	0.84564			6
