<DATE>	<TIME>	<BID>	<ASK>	<LAST>	<VOLUME>	<FLAGS>
2024.10.10	00:00:00.429	0.83652	0.83723			6
2024.10.10	00:00:00.785	0.83634	0.83738			6
2024.10.10	00:00:01.182	0.83647	0.83727			6
2024.10.10	00:00:02.206		0.83723			4
2024.10.10	00:00:31.042	0.83652	0.83738			6
2024.10.10	00:00:36.628		0.83737			4
2024.10.10	00:01:03.059	0.83652				2
2024.10.10	00:01:31.631		0.83738			4
2024.10.10	00:02:11.319	0.83652				2
2024.10.10	00:02:33.098		0.83738			4
2024.10.10	00:03:00.446	0.83652				2
2024.10.10	00:03:34.573		0.83738			4
2024.10.10	00:04:00.949	0.83652				2
2024.10.10	00:04:36.162		0.83738			4
2024.10.10	00:05:00.601	0.83648				2
2024.10.10	00:05:02.461	0.83651				2
2024.10.10	00:05:34.729	0.83649				2
2024.10.10	00:05:37.195		0.83738			4
2024.10.10	00:06:01.128	0.83649				2
2024.10.10	00:06:34.746	0.83650				2
2024.10.10	00:06:38.200		0.83738			4
2024.10.10	00:07:00.984	0.83650				2
2024.10.10	00:07:07.946	0.83652				2
2024.10.10	00:07:41.783		0.83738			4
2024.10.10	00:08:04.358	0.83652				2
2024.10.10	00:08:51.619		0.83738			4
2024.10.10	00:09:02.953	0.83652				2
2024.10.10	00:10:00.364	0.83652	0.83738			6
2024.10.10	00:11:34.204	0.83652	0.83738			6
2024.10.10	00:11:51.889		0.83737			4
2024.10.10	00:12:00.984	0.83652				2
2024.10.10	00:12:14.810	0.83654	0.83733			6
2024.10.10	00:12:39.315	0.83657	0.83738			6
2024.10.10	00:13:00.920	0.83657				2
2024.10.10	00:13:02.254	0.83656				2
2024.10.10	00:13:40.155		0.83738			4
2024.10.10	00:14:00.381	0.83653				2
2024.10.10	00:14:10.771		0.83737			4
2024.10.10	00:14:20.981		0.83735			4
2024.10.10	00:14:41.555		0.83738			4
2024.10.10	00:15:00.373	0.83653				2
2024.10.10	00:15:01.531		0.83736			4
2024.10.10	00:15:11.855		0.83734			4
2024.10.10	00:15:53.858	0.83654				2
2024.10.10	00:15:57.148		0.83733			4
2024.10.10	00:16:00.369	0.83654				2
2024.10.10	00:16:57.466		0.83733			4
2024.10.10	00:17:00.367	0.83654				2
2024.10.10	00:17:03.356	0.83653	0.83734			6
2024.10.10	00:17:07.655	0.83654	0.83733			6
2024.10.10	00:17:33.456	0.83655	0.83732			6
2024.10.10	00:17:40.206		0.83753			4
2024.10.10	00:17:44.253	0.83656				2
2024.10.10	00:18:00.521	0.83656				2
2024.10.10	00:18:32.557	0.83657				2
2024.10.10	00:18:35.343		0.83754			4
2024.10.10	00:19:01.435	0.83657				2
2024.10.10	00:19:10.054	0.83658				2
2024.10.10	00:19:37.070		0.83754			4
2024.10.10	00:19:59.949		0.83751			4
2024.10.10	00:20:03.537	0.83658				2
2024.10.10	00:21:00.407	0.83658	0.83751			6
2024.10.10	00:21:00.707	0.83659	0.83750			6
2024.10.10	00:21:05.151		0.83749			4
2024.10.10	00:21:23.055	0.83660				2
2024.10.10	00:21:23.562		0.83748			4
2024.10.10	00:21:36.756		0.83749			4
2024.10.10	00:21:43.323	0.83663	0.83753			6
2024.10.10	00:21:44.122	0.83664				2
2024.10.10	00:21:47.037	0.83660				2
2024.10.10	00:21:52.815	0.83656				2
2024.10.10	00:21:54.366	0.83655				2
2024.10.10	00:21:55.430	0.83657				2
2024.10.10	00:22:00.301	0.83659				2
2024.10.10	00:22:03.155	0.83663				2
2024.10.10	00:22:04.586	0.83664				2
2024.10.10	00:22:10.656	0.83663				2
2024.10.10	00:22:15.334		0.83754			4
2024.10.10	00:22:22.055	0.83664				2
2024.10.10	00:23:00.328	0.83664				2
2024.10.10	00:23:10.341		0.83753			4
2024.10.10	00:24:00.109	0.83664				2
2024.10.10	00:24:11.262		0.83753			4
2024.10.10	00:24:28.652	0.83665				2
2024.10.10	00:25:00.316	0.83665	0.83754			6
2024.10.10	00:25:01.516	0.83661	0.83728			6
2024.10.10	00:25:09.547	0.83665	0.83733			6
2024.10.10	00:25:47.853		0.83732			4
2024.10.10	00:26:00.328	0.83665				2
2024.10.10	00:26:29.973	0.83662	0.83735			6
2024.10.10	00:26:31.538	0.83661	0.83727			6
2024.10.10	00:26:34.811	0.83662	0.83728			6
2024.10.10	00:26:35.254	0.83660	0.83727			6
2024.10.10	00:26:37.359	0.83659	0.83726			6
2024.10.10	00:26:38.855		0.83725			4
2024.10.10	00:26:39.226	0.83657	0.83724			6
2024.10.10	00:26:52.003	0.83660	0.83727			6
2024.10.10	00:27:02.079	0.83655	0.83722			6
2024.10.10	00:27:02.642	0.83659	0.83726			6
2024.10.10	00:27:09.592	0.83658	0.83725			6
2024.10.10	00:27:11.890	0.83656	0.83715			6
2024.10.10	00:27:12.719		0.83726			4
2024.10.10	00:27:13.353		0.83719			4
2024.10.10	00:27:13.704		0.83715			4
2024.10.10	00:27:14.608		0.83714			4
2024.10.10	00:27:15.137		0.83715			4
2024.10.10	00:27:18.455		0.83719			4
2024.10.10	00:27:19.492		0.83721			4
2024.10.10	00:27:21.153		0.83719			4
2024.10.10	00:27:21.768		0.83720			4
2024.10.10	00:27:31.289		0.83717			4
2024.10.10	00:27:32.275		0.83715			4
2024.10.10	00:27:33.750		0.83714			4
2024.10.10	00:27:37.944		0.83716			4
2024.10.10	00:27:44.659	0.83650				2
2024.10.10	00:27:45.148	0.83652	0.83717			6
2024.10.10	00:27:45.454	0.83653	0.83719			6
2024.10.10	00:27:46.662	0.83655	0.83720			6
2024.10.10	00:27:48.549	0.83656	0.83722			6
2024.10.10	00:27:59.857	0.83657	0.83723			6
2024.10.10	00:28:02.364	0.83657				2
2024.10.10	00:28:04.955	0.83656	0.83722			6
2024.10.10	00:28:19.053	0.83655				2
2024.10.10	00:28:39.775		0.83723			4
2024.10.10	00:28:47.255	0.83654	0.83722			6
2024.10.10	00:28:48.671	0.83656	0.83724			6
2024.10.10	00:29:00.316	0.83656				2
2024.10.10	00:29:04.653	0.83655				2
2024.10.10	00:29:10.140	0.83656	0.83725			6
2024.10.10	00:29:25.708	0.83655	0.83724			6
2024.10.10	00:29:37.589	0.83656	0.83725			6
2024.10.10	00:29:41.300	0.83650	0.83719			6
2024.10.10	00:29:42.131	0.83648	0.83717			6
2024.10.10	00:29:42.707		0.83718			4
2024.10.10	00:29:43.385	0.83649				2
2024.10.10	00:29:44.353	0.83648				2
2024.10.10	00:29:46.357	0.83647	0.83717			6
2024.10.10	00:29:50.875	0.83648	0.83718			6
2024.10.10	00:29:56.726	0.83647	0.83717			6
2024.10.10	00:29:57.160		0.83716			4
2024.10.10	00:30:00.378	0.83647				2
2024.10.10	00:30:00.753	0.83648	0.83717			6
2024.10.10	00:30:01.058	0.83651	0.83720			6
2024.10.10	00:30:10.022	0.83652	0.83721			6
2024.10.10	00:30:10.654	0.83654	0.83723			6
2024.10.10	00:30:21.981	0.83653	0.83722			6
2024.10.10	00:30:26.996	0.83652	0.83721			6
2024.10.10	00:30:27.456	0.83654	0.83722			6
2024.10.10	00:30:28.656	0.83652	0.83721			6
2024.10.10	00:30:29.127	0.83650	0.83719			6
2024.10.10	00:30:32.674	0.83652	0.83721			6
2024.10.10	00:30:34.931	0.83657	0.83725			6
2024.10.10	00:30:35.257	0.83659	0.83727			6
2024.10.10	00:30:39.508	0.83660	0.83728			6
2024.10.10	00:30:40.301	0.83658	0.83726			6
2024.10.10	00:30:45.468		0.83725			4
2024.10.10	00:30:50.783	0.83659	0.83727			6
2024.10.10	00:30:51.414	0.83658	0.83725			6
2024.10.10	00:30:52.764	0.83657	0.83724			6
2024.10.10	00:30:54.995	0.83658	0.83725			6
2024.10.10	00:30:55.943	0.83660	0.83727			6
2024.10.10	00:30:56.949	0.83661	0.83728			6
2024.10.10	00:31:00.084	0.83661				2
2024.10.10	00:31:02.999		0.83727			4
2024.10.10	00:31:04.985		0.83728			4
2024.10.10	00:31:09.431	0.83662				2
2024.10.10	00:31:10.158	0.83660	0.83727			6
2024.10.10	00:31:13.111	0.83662	0.83731			6
2024.10.10	00:31:14.000	0.83663	0.83730			6
2024.10.10	00:31:14.479		0.83731			4
2024.10.10	00:31:14.792	0.83664	0.83732			6
2024.10.10	00:31:16.655		0.83733			4
2024.10.10	00:31:21.724		0.83734			4
2024.10.10	00:31:25.688		0.83731			4
2024.10.10	00:31:28.603	0.83663	0.83730			6
2024.10.10	00:31:29.630		0.83731			4
2024.10.10	00:31:30.153		0.83729			4
2024.10.10	00:31:31.248		0.83728			4
2024.10.10	00:31:41.377	0.83662	0.83727			6
2024.10.10	00:31:46.412	0.83663				2
2024.10.10	00:31:46.867	0.83664	0.83728			6
2024.10.10	00:31:47.428	0.83663				2
2024.10.10	00:31:51.409		0.83729			4
2024.10.10	00:31:51.796	0.83664				2
2024.10.10	00:31:56.385	0.83666	0.83732			6
2024.10.10	00:31:56.932		0.83730			4
2024.10.10	00:31:57.482	0.83665	0.83729			6
2024.10.10	00:31:58.050		0.83731			4
2024.10.10	00:31:58.351	0.83664	0.83728			6
2024.10.10	00:32:01.042	0.83664				2
2024.10.10	00:32:01.416	0.83665	0.83729			6
2024.10.10	00:32:17.493		0.83730			4
2024.10.10	00:32:20.674		0.83729			4
2024.10.10	00:32:25.177	0.83666	0.83730			6
2024.10.10	00:32:25.484	0.83664	0.83727			6
2024.10.10	00:32:25.957	0.83666	0.83730			6
2024.10.10	00:32:26.259	0.83664	0.83732			6
2024.10.10	00:32:27.354		0.83734			4
2024.10.10	00:32:29.258	0.83663	0.83736			6
2024.10.10	00:32:30.261	0.83664	0.83730			6
2024.10.10	00:32:30.623		0.83733			4
2024.10.10	00:32:31.954		0.83732			4
2024.10.10	00:32:33.649		0.83735			4
2024.10.10	00:32:33.966	0.83665	0.83729			6
2024.10.10	00:32:36.453		0.83728			4
2024.10.10	00:32:37.869		0.83730			4
2024.10.10	00:32:41.605	0.83664	0.83729			6
2024.10.10	00:32:47.991	0.83665	0.83732			6
2024.10.10	00:32:48.524	0.83663	0.83731			6
2024.10.10	00:32:49.429		0.83732			4
2024.10.10	00:32:54.479		0.83729			4
2024.10.10	00:32:54.805		0.83732			4
2024.10.10	00:32:55.354		0.83734			4
2024.10.10	00:32:55.668		0.83738			4
2024.10.10	00:33:00.525	0.83663	0.83740			6
2024.10.10	00:35:02.958	0.83671	0.83730			6
2024.10.10	00:35:06.825		0.83735			4
2024.10.10	00:36:31.913	0.83672	0.83729			6
2024.10.10	00:36:36.228	0.83673				2
2024.10.10	00:36:37.050	0.83672	0.83731			6
2024.10.10	00:36:37.363		0.83729			4
2024.10.10	00:36:38.926		0.83730			4
2024.10.10	00:36:41.501	0.83673				2
2024.10.10	00:36:58.047	0.83672	0.83731			6
2024.10.10	00:36:58.891	0.83673				2
2024.10.10	00:36:59.265	0.83672	0.83730			6
2024.10.10	00:37:00.156	0.83673	0.83731			6
2024.10.10	00:37:00.492	0.83674	0.83730			6
2024.10.10	00:37:05.681		0.83729			4
2024.10.10	00:37:27.269	0.83675	0.83730			6
2024.10.10	00:37:27.792	0.83678	0.83734			6
2024.10.10	00:37:28.676	0.83679				2
2024.10.10	00:37:30.172	0.83681	0.83737			6
2024.10.10	00:37:31.956	0.83682	0.83736			6
2024.10.10	00:37:34.109	0.83681	0.83737			6
2024.10.10	00:37:35.247		0.83736			4
2024.10.10	00:37:38.359		0.83737			4
2024.10.10	00:37:40.607	0.83679	0.83740			6
2024.10.10	00:37:41.698	0.83680	0.83738			6
2024.10.10	00:37:42.109		0.83736			4
2024.10.10	00:37:43.052		0.83734			4
2024.10.10	00:37:44.582		0.83735			4
2024.10.10	00:37:47.979	0.83681	0.83734			6
2024.10.10	00:37:52.118	0.83680	0.83737			6
2024.10.10	00:37:55.054		0.83736			4
2024.10.10	00:37:57.156		0.83735			4
2024.10.10	00:37:58.114	0.83682	0.83734			6
2024.10.10	00:38:00.388	0.83682	0.83733			6
2024.10.10	00:38:03.395	0.83684	0.83737			6
2024.10.10	00:38:03.752		0.83735			4
2024.10.10	00:38:04.388	0.83685	0.83736			6
2024.10.10	00:38:06.753	0.83678	0.83741			6
2024.10.10	00:38:07.368	0.83677	0.83727			6
2024.10.10	00:38:07.669	0.83676				2
2024.10.10	00:38:07.983	0.83671	0.83723			6
2024.10.10	00:38:08.358	0.83673				2
2024.10.10	00:38:08.895	0.83670				2
2024.10.10	00:38:10.069	0.83669	0.83722			6
2024.10.10	00:38:10.422		0.83721			4
2024.10.10	00:38:12.081	0.83670				2
2024.10.10	00:38:17.065	0.83669	0.83720			6
2024.10.10	00:38:18.812		0.83721			4
2024.10.10	00:38:19.447	0.83668	0.83722			6
2024.10.10	00:38:21.754	0.83669				2
2024.10.10	00:38:24.152	0.83670				2
2024.10.10	00:38:42.760	0.83671				2
2024.10.10	00:38:47.641	0.83672				2
2024.10.10	00:38:48.193	0.83671	0.83723			6
2024.10.10	00:38:49.385	0.83675	0.83725			6
2024.10.10	00:38:49.926	0.83674				2
2024.10.10	00:38:52.956	0.83677	0.83726			6
2024.10.10	00:38:56.859	0.83680	0.83730			6
2024.10.10	00:38:59.258	0.83681				2
2024.10.10	00:38:59.574		0.83732			4
2024.10.10	00:39:01.272	0.83682	0.83731			6
2024.10.10	00:39:09.752	0.83683				2
2024.10.10	00:39:11.971	0.83682				2
2024.10.10	00:39:17.559	0.83681	0.83730			6
2024.10.10	00:39:20.253	0.83682				2
2024.10.10	00:39:20.613	0.83681				2
2024.10.10	00:39:24.454	0.83682				2
2024.10.10	00:39:30.190		0.83733			4
2024.10.10	00:39:30.843	0.83683	0.83731			6
2024.10.10	00:39:33.181	0.83682	0.83732			6
2024.10.10	00:39:36.359	0.83681	0.83729			6
2024.10.10	00:39:36.681	0.83683	0.83731			6
2024.10.10	00:39:40.038	0.83684	0.83732			6
2024.10.10	00:39:42.104		0.83731			4
2024.10.10	00:40:00.920	0.83684				2
2024.10.10	00:40:03.741	0.83685	0.83736			6
2024.10.10	00:40:04.109	0.83686	0.83735			6
2024.10.10	00:40:05.358	0.83684	0.83730			6
2024.10.10	00:40:16.058	0.83683				2
2024.10.10	00:40:20.221	0.83684				2
2024.10.10	00:40:23.017		0.83731			4
2024.10.10	00:40:26.479	0.83685				2
2024.10.10	00:40:26.817		0.83737			4
2024.10.10	00:40:35.472	0.83689	0.83735			6
2024.10.10	00:40:35.851		0.83737			4
2024.10.10	00:40:38.691		0.83735			4
2024.10.10	00:40:43.405	0.83687	0.83732			6
2024.10.10	00:40:45.797	0.83686				2
2024.10.10	00:40:46.230	0.83685	0.83731			6
2024.10.10	00:40:47.560	0.83686	0.83732			6
2024.10.10	00:40:48.008	0.83685	0.83731			6
2024.10.10	00:40:51.048	0.83687	0.83735			6
2024.10.10	00:40:51.350	0.83688	0.83734			6
2024.10.10	00:40:53.594	0.83689				2
2024.10.10	00:40:54.022	0.83685				2
2024.10.10	00:40:54.325	0.83686	0.83732			6
2024.10.10	00:40:56.387	0.83687				2
2024.10.10	00:40:57.806	0.83686				2
2024.10.10	00:41:00.424	0.83685	0.83733			6
2024.10.10	00:41:01.261	0.83686				2
2024.10.10	00:41:02.009	0.83687	0.83732			6
2024.10.10	00:41:04.511	0.83686	0.83733			6
2024.10.10	00:41:07.473	0.83687	0.83732			6
2024.10.10	00:41:09.158	0.83686	0.83731			6
2024.10.10	00:41:11.247		0.83733			4
2024.10.10	00:41:11.596		0.83732			4
2024.10.10	00:41:14.181	0.83687	0.83731			6
2024.10.10	00:41:22.235		0.83732			4
2024.10.10	00:41:24.215	0.83688	0.83733			6
2024.10.10	00:41:26.362	0.83687	0.83732			6
2024.10.10	00:41:27.211	0.83689	0.83733			6
2024.10.10	00:41:27.797	0.83691	0.83735			6
2024.10.10	00:41:29.856	0.83692	0.83736			6
2024.10.10	00:41:30.174	0.83688	0.83745			6
2024.10.10	00:41:30.482	0.83690	0.83738			6
2024.10.10	00:41:30.838	0.83691	0.83740			6
2024.10.10	00:41:31.861		0.83737			4
2024.10.10	00:41:32.568	0.83692	0.83736			6
2024.10.10	00:41:35.305	0.83693				2
2024.10.10	00:41:36.172	0.83690	0.83738			6
2024.10.10	00:41:36.718	0.83692	0.83735			6
2024.10.10	00:41:39.314		0.83736			4
2024.10.10	00:41:45.130	0.83693				2
2024.10.10	00:41:49.273	0.83691	0.83735			6
2024.10.10	00:41:49.731	0.83692				2
2024.10.10	00:41:50.155	0.83691	0.83736			6
2024.10.10	00:41:50.598		0.83735			4
2024.10.10	00:41:51.409	0.83692				2
2024.10.10	00:41:52.245	0.83693	0.83736			6
2024.10.10	00:42:02.527	0.83689	0.83746			6
2024.10.10	00:42:02.833	0.83688	0.83735			6
2024.10.10	00:42:03.400	0.83691	0.83733			6
2024.10.10	00:42:05.256	0.83690				2
2024.10.10	00:42:06.017	0.83689	0.83731			6
2024.10.10	00:42:12.680	0.83691	0.83733			6
2024.10.10	00:42:12.996	0.83693	0.83735			6
2024.10.10	00:42:13.973	0.83690	0.83741			6
2024.10.10	00:42:14.661	0.83693	0.83739			6
2024.10.10	00:42:16.549	0.83692				2
2024.10.10	00:42:20.918	0.83693	0.83740			6
2024.10.10	00:42:22.962	0.83686	0.83731			6
2024.10.10	00:42:23.415	0.83687	0.83729			6
2024.10.10	00:42:26.969	0.83686	0.83728			6
2024.10.10	00:42:33.174	0.83685	0.83727			6
2024.10.10	00:42:36.230	0.83684				2
2024.10.10	00:42:37.873	0.83685				2
2024.10.10	00:42:41.917		0.83728			4
2024.10.10	00:42:43.461	0.83686				2
2024.10.10	00:42:55.433	0.83685	0.83727			6
2024.10.10	00:43:01.251	0.83685				2
2024.10.10	00:43:12.862	0.83687	0.83736			6
2024.10.10	00:43:13.468	0.83688	0.83733			6
2024.10.10	00:43:13.796		0.83730			4
2024.10.10	00:43:14.532	0.83689	0.83731			6
2024.10.10	00:43:19.133	0.83690				2
2024.10.10	00:43:21.359	0.83691	0.83733			6
2024.10.10	00:43:24.054	0.83690	0.83732			6
2024.10.10	00:43:24.457	0.83689	0.83731			6
2024.10.10	00:43:26.312	0.83690	0.83732			6
2024.10.10	00:43:29.483	0.83691	0.83733			6
2024.10.10	00:43:33.981		0.83732			4
2024.10.10	00:43:36.365	0.83690	0.83731			6
2024.10.10	00:43:36.692		0.83733			4
2024.10.10	00:43:37.400		0.83734			4
2024.10.10	00:43:39.187	0.83691	0.83733			6
2024.10.10	00:43:39.507	0.83690				2
2024.10.10	00:43:39.822	0.83685	0.83727			6
2024.10.10	00:43:40.207	0.83686				2
2024.10.10	00:43:42.764	0.83685	0.83726			6
2024.10.10	00:43:46.054	0.83684	0.83725			6
2024.10.10	00:43:50.014		0.83726			4
2024.10.10	00:43:52.245	0.83685				2
2024.10.10	00:43:52.556	0.83683				2
2024.10.10	00:43:52.963	0.83684				2
2024.10.10	00:43:53.932	0.83683				2
2024.10.10	00:43:54.667	0.83677				2
2024.10.10	00:43:54.984	0.83676				2
2024.10.10	00:43:55.699	0.83683				2
2024.10.10	00:43:59.482		0.83727			4
2024.10.10	00:44:00.118	0.83683				2
2024.10.10	00:44:01.353	0.83682				2
2024.10.10	00:44:01.706	0.83684	0.83726			6
2024.10.10	00:44:02.873	0.83683	0.83728			6
2024.10.10	00:44:03.453	0.83684				2
2024.10.10	00:44:04.883	0.83682	0.83727			6
2024.10.10	00:44:05.252	0.83676				2
2024.10.10	00:44:08.935	0.83679	0.83724			6
2024.10.10	00:44:09.469	0.83678				2
2024.10.10	00:44:09.958	0.83684	0.83725			6
2024.10.10	00:44:10.295	0.83683				2
2024.10.10	00:44:13.977	0.83682	0.83727			6
2024.10.10	00:44:14.556	0.83675				2
2024.10.10	00:44:15.154	0.83676				2
2024.10.10	00:44:15.802	0.83686	0.83728			6
2024.10.10	00:44:20.060	0.83687	0.83730			6
2024.10.10	00:44:21.719	0.83684	0.83733			6
2024.10.10	00:44:22.100		0.83734			4
2024.10.10	00:44:24.355		0.83733			4
2024.10.10	00:44:25.106	0.83686	0.83730			6
2024.10.10	00:44:29.494	0.83687	0.83740			6
2024.10.10	00:44:29.816		0.83728			4
2024.10.10	00:44:35.221	0.83686	0.83730			6
2024.10.10	00:44:40.427		0.83731			4
2024.10.10	00:44:42.868	0.83687	0.83729			6
2024.10.10	00:44:46.654	0.83688	0.83730			6
2024.10.10	00:44:48.594	0.83686	0.83728			6
2024.10.10	00:44:53.548	0.83687	0.83729			6
2024.10.10	00:44:55.353		0.83728			4
2024.10.10	00:44:55.738	0.83686	0.83727			6
2024.10.10	00:44:56.190	0.83687	0.83729			6
2024.10.10	00:44:56.704	0.83685	0.83727			6
2024.10.10	00:45:00.454	0.83686	0.83728			6
2024.10.10	00:45:00.800	0.83685				2
2024.10.10	00:45:02.132	0.83684	0.83731			6
2024.10.10	00:45:04.099	0.83686	0.83727			6
2024.10.10	00:45:05.079	0.83685	0.83728			6
2024.10.10	00:45:07.147	0.83698	0.83716			6
2024.10.10	00:45:15.961	0.83699	0.83722			6
2024.10.10	00:45:16.264	0.83698	0.83718			6
2024.10.10	00:45:19.053	0.83696	0.83714			6
2024.10.10	00:45:19.360	0.83695	0.83713			6
2024.10.10	00:45:21.904	0.83697	0.83717			6
2024.10.10	00:45:23.427	0.83696				2
2024.10.10	00:45:24.990	0.83697	0.83716			6
2024.10.10	00:45:26.222		0.83715			4
2024.10.10	00:45:27.869	0.83691	0.83747			6
2024.10.10	00:45:28.224	0.83688	0.83743			6
2024.10.10	00:45:28.811	0.83689	0.83747			6
2024.10.10	00:45:29.125	0.83694	0.83746			6
2024.10.10	00:45:29.427		0.83738			4
2024.10.10	00:45:29.762	0.83695	0.83737			6
2024.10.10	00:45:30.175	0.83694	0.83735			6
2024.10.10	00:45:30.582	0.83695	0.83736			6
2024.10.10	00:45:30.884	0.83700	0.83731			6
2024.10.10	00:45:31.202	0.83698				2
2024.10.10	00:45:33.272	0.83701	0.83730			6
2024.10.10	00:45:33.582	0.83699	0.83726			6
2024.10.10	00:45:33.961	0.83704	0.83744			6
2024.10.10	00:45:34.297	0.83705	0.83747			6
2024.10.10	00:45:34.603	0.83701	0.83735			6
2024.10.10	00:45:35.646	0.83704	0.83733			6
2024.10.10	00:45:36.153	0.83702	0.83731			6
2024.10.10	00:45:36.455	0.83704	0.83732			6
2024.10.10	00:45:36.929	0.83702	0.83730			6
2024.10.10	00:45:37.273	0.83704	0.83732			6
2024.10.10	00:45:37.593		0.83731			4
2024.10.10	00:45:38.195		0.83733			4
2024.10.10	00:45:38.760		0.83732			4
2024.10.10	00:45:39.968	0.83703	0.83731			6
2024.10.10	00:45:40.675	0.83705	0.83732			6
2024.10.10	00:45:40.984	0.83704				2
2024.10.10	00:45:41.515		0.83731			4
2024.10.10	00:45:43.130	0.83703	0.83730			6
2024.10.10	00:45:43.470	0.83704				2
2024.10.10	00:45:44.012	0.83706	0.83734			6
2024.10.10	00:45:44.352	0.83710				2
2024.10.10	00:45:45.653		0.83735			4
2024.10.10	00:45:45.976		0.83737			4
2024.10.10	00:45:46.279		0.83736			4
2024.10.10	00:45:47.626		0.83738			4
2024.10.10	00:45:47.959		0.83736			4
2024.10.10	00:45:48.266	0.83709	0.83737			6
2024.10.10	00:45:48.818	0.83710	0.83739			6
2024.10.10	00:45:49.597		0.83736			4
2024.10.10	00:45:49.953		0.83734			4
2024.10.10	00:45:50.328		0.83732			4
2024.10.10	00:45:50.759	0.83709				2
2024.10.10	00:45:51.070	0.83707	0.83737			6
2024.10.10	00:45:51.409		0.83736			4
2024.10.10	00:45:52.054		0.83734			4
2024.10.10	00:45:53.903	0.83710	0.83731			6
2024.10.10	00:45:54.453		0.83733			4
2024.10.10	00:45:55.262		0.83731			4
2024.10.10	00:45:56.619	0.83709				2
2024.10.10	00:46:00.640	0.83709	0.83730			6
2024.10.10	00:46:01.994		0.83731			4
2024.10.10	00:46:02.477	0.83708	0.83732			6
2024.10.10	00:46:03.779	0.83709	0.83731			6
2024.10.10	00:46:04.680	0.83708	0.83732			6
2024.10.10	00:46:05.298	0.83709	0.83731			6
2024.10.10	00:46:06.010	0.83708	0.83730			6
2024.10.10	00:46:08.186	0.83706	0.83731			6
2024.10.10	00:46:08.603	0.83708	0.83730			6
2024.10.10	00:46:09.761		0.83731			4
2024.10.10	00:46:13.938		0.83730			4
2024.10.10	00:46:14.484	0.83706	0.83731			6
2024.10.10	00:46:15.962	0.83707				2
2024.10.10	00:46:19.853		0.83729			4
2024.10.10	00:46:20.795	0.83708	0.83730			6
2024.10.10	00:46:27.053	0.83707	0.83729			6
2024.10.10	00:46:28.975	0.83709	0.83732			6
2024.10.10	00:46:35.115		0.83731			4
2024.10.10	00:46:37.718	0.83708	0.83730			6
2024.10.10	00:46:38.259	0.83706	0.83728			6
2024.10.10	00:46:40.452		0.83729			4
2024.10.10	00:46:42.618	0.83705	0.83731			6
2024.10.10	00:46:43.731	0.83707	0.83729			6
2024.10.10	00:46:47.208	0.83705	0.83730			6
2024.10.10	00:46:47.527	0.83706	0.83729			6
2024.10.10	00:46:48.415	0.83707				2
2024.10.10	00:46:51.970	0.83706				2
2024.10.10	00:46:54.155	0.83707	0.83730			6
2024.10.10	00:46:56.576	0.83706	0.83729			6
2024.10.10	00:46:57.708	0.83707				2
2024.10.10	00:47:00.042	0.83707	0.83730			6
2024.10.10	00:47:00.349		0.83729			4
2024.10.10	00:47:02.113	0.83705	0.83728			6
2024.10.10	00:47:02.748	0.83703				2
2024.10.10	00:47:03.281	0.83705				2
2024.10.10	00:47:04.045	0.83706	0.83729			6
2024.10.10	00:47:05.272		0.83728			4
2024.10.10	00:47:06.039		0.83729			4
2024.10.10	00:47:09.269	0.83704	0.83727			6
2024.10.10	00:47:15.548		0.83728			4
2024.10.10	00:47:17.144	0.83705				2
2024.10.10	00:47:17.445	0.83706	0.83729			6
2024.10.10	00:47:26.359	0.83707	0.83730			6
2024.10.10	00:47:29.874	0.83706				2
2024.10.10	00:47:30.221	0.83708	0.83731			6
2024.10.10	00:47:30.950	0.83707	0.83730			6
2024.10.10	00:47:32.769	0.83706	0.83729			6
2024.10.10	00:47:36.557	0.83707	0.83730			6
2024.10.10	00:47:38.159	0.83708	0.83731			6
2024.10.10	00:47:40.027	0.83707	0.83730			6
2024.10.10	00:47:40.654	0.83708	0.83731			6
2024.10.10	00:47:41.307	0.83704	0.83727			6
2024.10.10	00:47:43.606		0.83728			4
2024.10.10	00:47:48.159	0.83705				2
2024.10.10	00:47:49.909		0.83708			4
2024.10.10	00:47:50.543		0.83728			4
2024.10.10	00:48:00.046	0.83705				2
2024.10.10	00:48:01.013	0.83706	0.83729			6
2024.10.10	00:48:04.356	0.83705				2
2024.10.10	00:48:04.665		0.83728			4
2024.10.10	00:48:18.195	0.83701	0.83727			6
2024.10.10	00:48:18.757	0.83703				2
2024.10.10	00:48:20.256	0.83700				2
2024.10.10	00:48:22.611	0.83703				2
2024.10.10	00:48:22.959	0.83701				2
2024.10.10	00:48:23.324	0.83703				2
2024.10.10	00:48:24.820	0.83701	0.83728			6
2024.10.10	00:48:25.615	0.83704	0.83726			6
2024.10.10	00:48:26.385	0.83702	0.83728			6
2024.10.10	00:48:28.716	0.83705	0.83727			6
2024.10.10	00:48:40.616	0.83704				2
2024.10.10	00:48:41.256	0.83703				2
2024.10.10	00:48:41.607	0.83705				2
2024.10.10	00:48:43.535	0.83706	0.83728			6
2024.10.10	00:48:43.958	0.83703	0.83726			6
2024.10.10	00:48:46.359	0.83704	0.83727			6
2024.10.10	00:48:46.679	0.83705				2
2024.10.10	00:48:50.208	0.83704	0.83726			6
2024.10.10	00:48:51.333	0.83703	0.83725			6
2024.10.10	00:48:54.866	0.83702	0.83724			6
2024.10.10	00:48:56.614		0.83725			4
2024.10.10	00:48:58.787	0.83703	0.83726			6
2024.10.10	00:48:59.509	0.83702	0.83727			6
2024.10.10	00:49:00.460	0.83704				2
2024.10.10	00:49:10.071	0.83705				2
2024.10.10	00:49:13.890		0.83728			4
2024.10.10	00:49:16.589		0.83727			4
2024.10.10	00:49:17.042	0.83704	0.83726			6
2024.10.10	00:49:26.878	0.83702				2
2024.10.10	00:49:28.878	0.83705	0.83727			6
2024.10.10	00:49:29.924	0.83704	0.83726			6
2024.10.10	00:49:30.482	0.83702	0.83725			6
2024.10.10	00:49:32.029	0.83703				2
2024.10.10	00:49:34.021	0.83702	0.83724			6
2024.10.10	00:49:34.335	0.83703	0.83725			6
2024.10.10	00:49:36.052	0.83704	0.83726			6
2024.10.10	00:49:37.103	0.83703				2
2024.10.10	00:49:38.046	0.83704				2
2024.10.10	00:49:40.061	0.83700	0.83725			6
2024.10.10	00:49:40.420	0.83705	0.83726			6
2024.10.10	00:49:40.723	0.83702	0.83725			6
2024.10.10	00:49:41.331	0.83708	0.83729			6
2024.10.10	00:49:42.025		0.83731			4
2024.10.10	00:49:44.032	0.83707	0.83728			6
2024.10.10	00:49:46.282		0.83729			4
2024.10.10	00:49:48.462	0.83706	0.83728			6
2024.10.10	00:50:00.706	0.83706				2
2024.10.10	00:50:02.967		0.83727			4
2024.10.10	00:50:04.407		0.83728			4
2024.10.10	00:50:07.833	0.83705				2
2024.10.10	00:50:12.720		0.83727			4
2024.10.10	00:50:13.890	0.83706	0.83728			6
2024.10.10	00:50:20.000		0.83727			4
2024.10.10	00:50:20.676	0.83707	0.83728			6
2024.10.10	00:50:21.288	0.83706	0.83727			6
2024.10.10	00:50:23.114	0.83708	0.83729			6
2024.10.10	00:50:23.438	0.83706	0.83728			6
2024.10.10	00:50:26.426		0.83727			4
2024.10.10	00:50:26.921	0.83705	0.83730			6
2024.10.10	00:50:28.707		0.83727			4
2024.10.10	00:50:29.255	0.83707	0.83729			6
2024.10.10	00:50:29.576	0.83706				2
2024.10.10	00:50:31.059	0.83707				2
2024.10.10	00:50:32.177	0.83705				2
2024.10.10	00:50:32.637	0.83706	0.83728			6
2024.10.10	00:50:33.525	0.83707	0.83729			6
2024.10.10	00:50:35.057	0.83706	0.83728			6
2024.10.10	00:50:36.265	0.83705				2
2024.10.10	00:50:36.575		0.83727			4
2024.10.10	00:50:39.932	0.83704	0.83726			6
2024.10.10	00:50:41.314	0.83708	0.83730			6
2024.10.10	00:50:41.938	0.83706	0.83729			6
2024.10.10	00:50:42.654		0.83728			4
2024.10.10	00:50:42.963	0.83708	0.83730			6
2024.10.10	00:50:43.924	0.83705	0.83727			6
2024.10.10	00:50:44.409	0.83704	0.83726			6
2024.10.10	00:50:50.582	0.83703				2
2024.10.10	00:50:51.180		0.83725			4
2024.10.10	00:50:51.785	0.83701	0.83723			6
2024.10.10	00:50:52.448	0.83700	0.83722			6
2024.10.10	00:50:52.860	0.83701	0.83723			6
2024.10.10	00:50:54.897	0.83700	0.83722			6
2024.10.10	00:51:00.061	0.83701	0.83723			6
2024.10.10	00:51:10.060	0.83700	0.83722			6
2024.10.10	00:51:11.883	0.83701	0.83723			6
2024.10.10	00:51:12.460	0.83700	0.83722			6
2024.10.10	00:51:16.145	0.83697	0.83718			6
2024.10.10	00:51:17.516	0.83693	0.83719			6
2024.10.10	00:51:18.467	0.83694				2
2024.10.10	00:51:19.070	0.83693				2
2024.10.10	00:51:20.006	0.83689	0.83720			6
2024.10.10	00:51:20.332	0.83688	0.83722			6
2024.10.10	00:51:20.661	0.83693	0.83718			6
2024.10.10	00:51:21.347	0.83695				2
2024.10.10	00:51:22.847	0.83696	0.83719			6
2024.10.10	00:51:24.101	0.83699	0.83720			6
2024.10.10	00:51:24.414	0.83697				2
2024.10.10	00:51:25.121	0.83698				2
2024.10.10	00:51:25.494	0.83695	0.83721			6
2024.10.10	00:51:26.172	0.83696	0.83719			6
2024.10.10	00:51:27.266	0.83697				2
2024.10.10	00:51:27.842		0.83718			4
2024.10.10	00:51:28.203	0.83695				2
2024.10.10	00:51:28.505	0.83693	0.83720			6
2024.10.10	00:51:28.909	0.83694	0.83717			6
2024.10.10	00:51:30.806	0.83695	0.83719			6
2024.10.10	00:51:31.191	0.83697	0.83718			6
2024.10.10	00:51:34.021	0.83695	0.83720			6
2024.10.10	00:51:34.549	0.83697	0.83718			6
2024.10.10	00:51:37.378	0.83696	0.83719			6
2024.10.10	00:51:42.890	0.83697				2
2024.10.10	00:51:45.717		0.83718			4
2024.10.10	00:51:46.028	0.83698	0.83719			6
2024.10.10	00:51:47.671	0.83697	0.83718			6
2024.10.10	00:51:47.981	0.83699	0.83720			6
2024.10.10	00:51:49.250	0.83698	0.83719			6
2024.10.10	00:51:52.393	0.83697				2
2024.10.10	00:51:53.961	0.83693	0.83718			6
2024.10.10	00:51:54.737	0.83701	0.83725			6
2024.10.10	00:51:55.057		0.83726			4
2024.10.10	00:51:55.360	0.83703	0.83725			6
2024.10.10	00:51:55.703	0.83705	0.83726			6
2024.10.10	00:51:58.167	0.83706	0.83727			6
2024.10.10	00:51:58.487	0.83703	0.83728			6
2024.10.10	00:51:59.078	0.83705	0.83726			6
2024.10.10	00:52:00.254	0.83703				2
2024.10.10	00:52:00.572	0.83704				2
2024.10.10	00:52:01.530	0.83705				2
2024.10.10	00:52:02.086	0.83704	0.83727			6
2024.10.10	00:52:02.422	0.83705	0.83726			6
2024.10.10	00:52:09.057	0.83704				2
2024.10.10	00:52:13.277	0.83707	0.83728			6
2024.10.10	00:52:13.655	0.83706	0.83727			6
2024.10.10	00:52:14.854	0.83703	0.83725			6
2024.10.10	00:52:17.256	0.83704	0.83726			6
2024.10.10	00:52:18.360	0.83706	0.83727			6
2024.10.10	00:52:19.080	0.83705				2
2024.10.10	00:52:19.497		0.83726			4
2024.10.10	00:52:20.236	0.83706	0.83727			6
2024.10.10	00:52:20.915	0.83705	0.83726			6
2024.10.10	00:52:23.898	0.83706	0.83727			6
2024.10.10	00:52:27.363	0.83705	0.83726			6
2024.10.10	00:52:30.004	0.83704	0.83727			6
2024.10.10	00:52:30.372	0.83705				2
2024.10.10	00:52:32.145		0.83726			4
2024.10.10	00:52:33.719	0.83706	0.83727			6
2024.10.10	00:52:34.287	0.83708	0.83729			6
2024.10.10	00:52:34.715	0.83705	0.83726			6
2024.10.10	00:52:43.573		0.83727			4
2024.10.10	00:52:43.970	0.83706				2
2024.10.10	00:52:58.523	0.83705	0.83726			6
2024.10.10	00:53:03.368	0.83705	0.83727			6
2024.10.10	00:53:10.709	0.83706				2
2024.10.10	00:53:12.994	0.83708	0.83732			6
2024.10.10	00:53:13.357	0.83706	0.83728			6
2024.10.10	00:53:13.669	0.83707				2
2024.10.10	00:53:14.256	0.83709	0.83732			6
2024.10.10	00:53:14.673		0.83733			4
2024.10.10	00:53:16.570		0.83732			4
2024.10.10	00:53:17.022	0.83707	0.83733			6
2024.10.10	00:53:18.161	0.83708	0.83732			6
2024.10.10	00:53:19.353	0.83709	0.83731			6
2024.10.10	00:53:22.355		0.83732			4
2024.10.10	00:53:22.863		0.83737			4
2024.10.10	00:53:24.766	0.83708	0.83733			6
2024.10.10	00:53:25.118	0.83707	0.83735			6
2024.10.10	00:53:27.041	0.83709	0.83733			6
2024.10.10	00:53:29.456		0.83731			4
2024.10.10	00:53:41.339	0.83706	0.83728			6
2024.10.10	00:53:43.821	0.83703	0.83726			6
2024.10.10	00:53:45.753	0.83702				2
2024.10.10	00:53:49.655	0.83701				2
2024.10.10	00:54:00.837	0.83701				2
2024.10.10	00:54:03.772	0.83703				2
2024.10.10	00:54:04.363		0.83725			4
2024.10.10	00:54:05.620	0.83704	0.83726			6
2024.10.10	00:54:15.519	0.83703	0.83725			6
2024.10.10	00:54:16.903	0.83704	0.83726			6
2024.10.10	00:54:24.498	0.83705	0.83727			6
2024.10.10	00:54:25.413	0.83702	0.83724			6
2024.10.10	00:54:27.373		0.83725			4
2024.10.10	00:54:27.880	0.83701	0.83726			6
2024.10.10	00:54:29.215	0.83703	0.83725			6
2024.10.10	00:54:30.260	0.83700	0.83728			6
2024.10.10	00:54:30.676	0.83703	0.83726			6
2024.10.10	00:54:32.733	0.83707	0.83729			6
2024.10.10	00:54:33.341	0.83708	0.83730			6
2024.10.10	00:54:35.846	0.83707	0.83729			6
2024.10.10	00:54:36.343	0.83708	0.83730			6
2024.10.10	00:54:37.142	0.83710	0.83732			6
2024.10.10	00:54:39.179	0.83708	0.83730			6
2024.10.10	00:54:40.397	0.83706	0.83733			6
2024.10.10	00:54:41.007	0.83705	0.83734			6
2024.10.10	00:54:41.407	0.83714	0.83736			6
2024.10.10	00:54:41.933	0.83713	0.83738			6
2024.10.10	00:54:42.937	0.83711	0.83733			6
2024.10.10	00:54:43.701	0.83710	0.83732			6
2024.10.10	00:54:44.860		0.83733			4
2024.10.10	00:54:46.009	0.83709	0.83732			6
2024.10.10	00:54:46.461		0.83731			4
2024.10.10	00:54:48.624		0.83733			4
2024.10.10	00:54:52.076	0.83707	0.83735			6
2024.10.10	00:54:52.841	0.83708	0.83734			6
2024.10.10	00:54:53.154	0.83709	0.83733			6
2024.10.10	00:54:53.615		0.83734			4
2024.10.10	00:54:54.443		0.83733			4
2024.10.10	00:54:54.757		0.83732			4
2024.10.10	00:54:56.675	0.83717	0.83739			6
2024.10.10	00:54:56.987	0.83718	0.83741			6
2024.10.10	00:54:57.873		0.83742			4
2024.10.10	00:54:59.401	0.83717				2
2024.10.10	00:55:00.621	0.83718	0.83741			6
2024.10.10	00:55:03.767	0.83717	0.83744			6
2024.10.10	00:55:04.071	0.83713				2
2024.10.10	00:55:04.426		0.83745			4
2024.10.10	00:55:05.356	0.83712				2
2024.10.10	00:55:05.836	0.83713	0.83744			6
2024.10.10	00:55:06.155		0.83739			4
2024.10.10	00:55:06.899	0.83714	0.83737			6
2024.10.10	00:55:07.551		0.83742			4
2024.10.10	00:55:08.120	0.83716	0.83740			6
2024.10.10	00:55:09.122	0.83714	0.83737			6
2024.10.10	00:55:10.632	0.83715	0.83738			6
2024.10.10	00:55:10.948	0.83717	0.83740			6
2024.10.10	00:55:14.275	0.83715	0.83738			6
2024.10.10	00:55:16.824	0.83716	0.83740			6
2024.10.10	00:55:20.361		0.83739			4
2024.10.10	00:55:20.726	0.83717	0.83741			6
2024.10.10	00:55:24.704	0.83715	0.83739			6
2024.10.10	00:55:26.192	0.83716	0.83740			6
2024.10.10	00:55:26.871		0.83741			4
2024.10.10	00:55:27.338		0.83740			4
2024.10.10	00:55:30.679	0.83714	0.83742			6
2024.10.10	00:55:34.464		0.83731			4
2024.10.10	00:55:35.419		0.83742			4
2024.10.10	00:55:37.550	0.83715	0.83743			6
2024.10.10	00:55:38.557		0.83751			4
2024.10.10	00:55:40.475	0.83720	0.83750			6
2024.10.10	00:55:40.873	0.83719	0.83746			6
2024.10.10	00:55:41.327	0.83718	0.83755			6
2024.10.10	00:55:42.985	0.83716	0.83754			6
2024.10.10	00:55:43.353		0.83750			4
2024.10.10	00:55:44.300		0.83748			4
2024.10.10	00:55:45.155		0.83745			4
2024.10.10	00:55:46.179		0.83748			4
2024.10.10	00:55:50.147	0.83717	0.83751			6
2024.10.10	00:55:52.428		0.83750			4
2024.10.10	00:55:52.921		0.83751			4
2024.10.10	00:55:54.359	0.83718	0.83745			6
2024.10.10	00:55:54.858	0.83717	0.83746			6
2024.10.10	00:55:55.324		0.83748			4
2024.10.10	00:55:55.720	0.83716	0.83749			6
2024.10.10	00:55:56.444		0.83752			4
2024.10.10	00:56:00.977	0.83718	0.83755			6
2024.10.10	00:56:02.022	0.83717	0.83757			6
2024.10.10	00:56:02.385	0.83716	0.83755			6
2024.10.10	00:56:03.639		0.83753			4
2024.10.10	00:56:04.353		0.83755			4
2024.10.10	00:56:05.989		0.83756			4
2024.10.10	00:56:07.956		0.83755			4
2024.10.10	00:56:08.593	0.83720	0.83747			6
2024.10.10	00:56:09.032	0.83717	0.83752			6
2024.10.10	00:56:11.419		0.83756			4
2024.10.10	00:56:13.294	0.83716	0.83755			6
2024.10.10	00:56:14.001		0.83750			4
2024.10.10	00:56:14.419		0.83749			4
2024.10.10	00:56:14.854		0.83752			4
2024.10.10	00:56:19.053		0.83751			4
2024.10.10	00:56:28.861		0.83749			4
2024.10.10	00:56:29.244		0.83747			4
2024.10.10	00:56:30.109		0.83746			4
2024.10.10	00:56:30.716		0.83745			4
2024.10.10	00:56:32.642		0.83750			4
2024.10.10	00:56:33.156		0.83744			4
2024.10.10	00:56:35.931	0.83715	0.83755			6
2024.10.10	00:56:36.457		0.83756			4
2024.10.10	00:56:37.057		0.83753			4
2024.10.10	00:56:38.788		0.83751			4
2024.10.10	00:56:39.223	0.83714	0.83754			6
2024.10.10	00:56:41.306		0.83751			4
2024.10.10	00:56:44.378	0.83717	0.83752			6
2024.10.10	00:56:44.847	0.83720	0.83746			6
2024.10.10	00:56:45.427	0.83719	0.83747			6
2024.10.10	00:56:50.341		0.83755			4
2024.10.10	00:56:51.761		0.83756			4
2024.10.10	00:56:53.650	0.83717	0.83758			6
2024.10.10	00:56:55.860	0.83716				2
2024.10.10	00:56:59.159		0.83757			4
2024.10.10	00:56:59.591		0.83756			4
2024.10.10	00:57:00.406	0.83716				2
2024.10.10	00:57:01.767	0.83720	0.83752			6
2024.10.10	00:57:02.105	0.83721	0.83751			6
2024.10.10	00:57:02.432	0.83717	0.83754			6
2024.10.10	00:57:02.789	0.83719	0.83751			6
2024.10.10	00:57:03.342	0.83720				2
2024.10.10	00:57:07.643	0.83717	0.83752			6
2024.10.10	00:57:07.956	0.83720	0.83751			6
2024.10.10	00:57:08.313	0.83718	0.83754			6
2024.10.10	00:57:09.503	0.83716	0.83747			6
2024.10.10	00:57:09.960		0.83743			4
2024.10.10	00:57:10.321		0.83742			4
2024.10.10	00:57:11.845	0.83715				2
2024.10.10	00:57:18.453		0.83744			4
2024.10.10	00:57:19.431		0.83748			4
2024.10.10	00:57:29.650		0.83749			4
2024.10.10	00:57:34.021		0.83747			4
2024.10.10	00:57:35.400	0.83716	0.83744			6
2024.10.10	00:57:35.905	0.83711	0.83737			6
2024.10.10	00:57:36.241	0.83712	0.83739			6
2024.10.10	00:57:37.621	0.83711	0.83740			6
2024.10.10	00:57:40.302		0.83741			4
2024.10.10	00:57:46.121	0.83710	0.83742			6
2024.10.10	00:57:46.423	0.83711	0.83738			6
2024.10.10	00:57:46.944	0.83709				2
2024.10.10	00:57:47.255		0.83736			4
2024.10.10	00:57:47.770	0.83710	0.83735			6
2024.10.10	00:57:54.759		0.83738			4
2024.10.10	00:58:00.784	0.83710				2
2024.10.10	00:58:01.670	0.83709				2
2024.10.10	00:58:15.577		0.83736			4
2024.10.10	00:58:21.864		0.83733			4
2024.10.10	00:58:22.954	0.83708	0.83732			6
2024.10.10	00:58:35.607	0.83707	0.83731			6
2024.10.10	00:58:36.227	0.83706	0.83729			6
2024.10.10	00:58:36.593	0.83703	0.83727			6
2024.10.10	00:58:37.341	0.83706	0.83729			6
2024.10.10	00:58:37.656	0.83702	0.83726			6
2024.10.10	00:58:38.013	0.83704	0.83727			6
2024.10.10	00:58:38.901	0.83703				2
2024.10.10	00:58:40.308	0.83704	0.83728			6
2024.10.10	00:58:44.131	0.83702	0.83725			6
2024.10.10	00:58:47.555	0.83701	0.83724			6
2024.10.10	00:58:55.955	0.83702	0.83725			6
2024.10.10	00:58:59.670	0.83701	0.83724			6
2024.10.10	00:59:00.926	0.83701				2
2024.10.10	00:59:04.795	0.83700	0.83725			6
2024.10.10	00:59:05.145	0.83702	0.83726			6
2024.10.10	00:59:05.537		0.83724			4
2024.10.10	00:59:07.114	0.83699	0.83723			6
2024.10.10	00:59:10.956	0.83700	0.83722			6
2024.10.10	00:59:14.973	0.83695	0.83720			6
2024.10.10	00:59:16.359		0.83719			4
2024.10.10	00:59:16.806	0.83694				2
2024.10.10	00:59:19.426	0.83696	0.83724			6
2024.10.10	00:59:19.738	0.83700	0.83723			6
2024.10.10	00:59:20.853	0.83699				2
2024.10.10	00:59:21.158	0.83700				2
2024.10.10	00:59:27.720		0.83722			4
2024.10.10	00:59:31.295	0.83701				2
2024.10.10	00:59:33.522	0.83698	0.83725			6
2024.10.10	00:59:33.920	0.83696				2
2024.10.10	00:59:34.229	0.83699				2
2024.10.10	00:59:34.655	0.83701	0.83722			6
2024.10.10	00:59:35.999	0.83699	0.83721			6
2024.10.10	00:59:36.360	0.83701	0.83722			6
2024.10.10	00:59:37.290	0.83699	0.83723			6
2024.10.10	00:59:37.649	0.83696	0.83724			6
2024.10.10	00:59:37.969	0.83700	0.83721			6
2024.10.10	00:59:39.526	0.83704	0.83726			6
2024.10.10	00:59:41.326		0.83728			4
2024.10.10	00:59:44.473	0.83703	0.83726			6
2024.10.10	00:59:44.941		0.83724			4
2024.10.10	00:59:49.640		0.83725			4
2024.10.10	00:59:50.559		0.83724			4
2024.10.10	00:59:55.355		0.83723			4
2024.10.10	00:59:58.656	0.83701	0.83721			6
2024.10.10	00:59:58.970	0.83698	0.83719			6
2024.10.10	01:00:00.274	0.83695	0.83716			6
2024.10.10	01:00:00.981	0.83699	0.83720			6
2024.10.10	01:00:01.644		0.83724			4
2024.10.10	01:00:01.963	0.83705	0.83725			6
2024.10.10	01:00:02.288	0.83709	0.83733			6
2024.10.10	01:00:02.603	0.83703	0.83723			6
2024.10.10	01:00:02.937	0.83704	0.83725			6
2024.10.10	01:00:03.473	0.83705	0.83726			6
2024.10.10	01:00:04.253	0.83706				2
2024.10.10	01:00:04.605	0.83709	0.83734			6
2024.10.10	01:00:04.923	0.83710	0.83730			6
2024.10.10	01:00:05.536	0.83711	0.83731			6
2024.10.10	01:00:06.378	0.83712	0.83732			6
2024.10.10	01:00:07.935	0.83713	0.83733			6
2024.10.10	01:00:08.256	0.83712	0.83732			6
2024.10.10	01:00:11.048	0.83711	0.83731			6
2024.10.10	01:00:11.499		0.83730			4
2024.10.10	01:00:12.616	0.83708	0.83728			6
2024.10.10	01:00:13.606	0.83709				2
2024.10.10	01:00:13.940	0.83711	0.83730			6
2024.10.10	01:00:14.774	0.83712	0.83731			6
2024.10.10	01:00:17.402	0.83714	0.83733			6
2024.10.10	01:00:18.445	0.83713	0.83732			6
2024.10.10	01:00:19.377	0.83712	0.83731			6
2024.10.10	01:00:20.852	0.83713				2
2024.10.10	01:00:22.636	0.83711	0.83730			6
2024.10.10	01:00:22.944		0.83729			4
2024.10.10	01:00:24.919	0.83710				2
2024.10.10	01:00:27.793		0.83728			4
2024.10.10	01:00:32.492	0.83708	0.83726			6
2024.10.10	01:00:33.375	0.83707	0.83728			6
2024.10.10	01:00:33.853		0.83727			4
2024.10.10	01:00:35.140	0.83706	0.83728			6
2024.10.10	01:00:35.556	0.83705				2
2024.10.10	01:00:36.865		0.83727			4
2024.10.10	01:00:37.659		0.83726			4
2024.10.10	01:00:39.755		0.83729			4
2024.10.10	01:00:40.653		0.83724			4
2024.10.10	01:00:41.705	0.83706				2
2024.10.10	01:00:42.370	0.83707	0.83727			6
2024.10.10	01:00:43.054		0.83730			4
2024.10.10	01:00:43.353		0.83731			4
2024.10.10	01:00:44.333	0.83706	0.83724			6
2024.10.10	01:00:45.154		0.83723			4
2024.10.10	01:00:46.663	0.83707	0.83724			6
2024.10.10	01:00:48.423	0.83708	0.83725			6
2024.10.10	01:00:48.730	0.83710	0.83727			6
2024.10.10	01:00:59.381	0.83709	0.83725			6
2024.10.10	01:01:00.016	0.83708				2
2024.10.10	01:01:01.058	0.83709				2
2024.10.10	01:01:01.366	0.83710	0.83726			6
2024.10.10	01:01:01.685	0.83709	0.83725			6
2024.10.10	01:01:03.044	0.83710	0.83726			6
2024.10.10	01:01:04.473	0.83709	0.83727			6
2024.10.10	01:01:06.091	0.83710				2
2024.10.10	01:01:07.223		0.83728			4
2024.10.10	01:01:10.025	0.83711				2
2024.10.10	01:01:10.720		0.83727			4
2024.10.10	01:01:14.349	0.83710	0.83728			6
2024.10.10	01:01:14.664		0.83726			4
2024.10.10	01:01:14.977	0.83708	0.83724			6
2024.10.10	01:01:15.383	0.83707	0.83723			6
2024.10.10	01:01:18.155	0.83706	0.83722			6
2024.10.10	01:01:20.419	0.83705	0.83721			6
2024.10.10	01:01:20.884	0.83707	0.83723			6
2024.10.10	01:01:22.973	0.83708	0.83724			6
2024.10.10	01:01:39.427		0.83723			4
2024.10.10	01:01:39.929	0.83709	0.83724			6
2024.10.10	01:01:40.292	0.83708				2
2024.10.10	01:01:40.618		0.83723			4
2024.10.10	01:01:40.954	0.83709	0.83724			6
2024.10.10	01:01:41.567	0.83707	0.83722			6
2024.10.10	01:01:42.302	0.83708	0.83724			6
2024.10.10	01:01:46.054	0.83709				2
2024.10.10	01:01:53.557	0.83708	0.83723			6
2024.10.10	01:01:58.955	0.83707	0.83722			6
2024.10.10	01:02:00.921	0.83707				2
2024.10.10	01:02:04.083		0.83721			4
2024.10.10	01:02:05.407		0.83722			4
2024.10.10	01:02:09.210	0.83704	0.83719			6
2024.10.10	01:02:09.917	0.83705				2
2024.10.10	01:02:10.301	0.83702	0.83717			6
2024.10.10	01:02:10.603	0.83705	0.83719			6
2024.10.10	01:02:11.856	0.83703	0.83717			6
2024.10.10	01:02:18.582	0.83702	0.83716			6
2024.10.10	01:02:18.882	0.83701	0.83715			6
2024.10.10	01:02:19.183	0.83702	0.83716			6
2024.10.10	01:02:25.658		0.83715			4
2024.10.10	01:02:32.476	0.83701				2
2024.10.10	01:02:34.382		0.83714			4
2024.10.10	01:02:53.258	0.83700	0.83713			6
2024.10.10	01:02:55.968	0.83704	0.83717			6
2024.10.10	01:02:58.079	0.83703	0.83716			6
2024.10.10	01:03:00.080	0.83703				2
2024.10.10	01:03:00.385		0.83717			4
2024.10.10	01:03:00.935		0.83716			4
2024.10.10	01:03:02.351		0.83717			4
2024.10.10	01:03:04.680		0.83719			4
2024.10.10	01:03:07.390		0.83720			4
2024.10.10	01:03:08.660		0.83719			4
2024.10.10	01:03:09.374	0.83704	0.83717			6
2024.10.10	01:03:11.386	0.83706	0.83719			6
2024.10.10	01:03:12.996	0.83704	0.83717			6
2024.10.10	01:03:15.754		0.83716			4
2024.10.10	01:03:16.098	0.83703				2
2024.10.10	01:03:16.927	0.83704				2
2024.10.10	01:03:19.575	0.83703				2
2024.10.10	01:03:28.520	0.83704				2
2024.10.10	01:03:41.392	0.83706	0.83719			6
2024.10.10	01:03:47.674	0.83703	0.83715			6
2024.10.10	01:04:00.420	0.83703				2
2024.10.10	01:04:01.748	0.83702	0.83714			6
2024.10.10	01:04:02.265	0.83700	0.83712			6
2024.10.10	01:04:02.925	0.83702	0.83714			6
2024.10.10	01:04:05.741	0.83701	0.83713			6
2024.10.10	01:04:06.459	0.83702	0.83714			6
2024.10.10	01:04:08.996	0.83703				2
2024.10.10	01:04:09.461	0.83704	0.83715			6
2024.10.10	01:04:19.654	0.83703				2
2024.10.10	01:04:20.370	0.83704	0.83716			6
2024.10.10	01:04:35.503	0.83705				2
2024.10.10	01:04:36.651	0.83714	0.83725			6
2024.10.10	01:04:36.981	0.83715	0.83726			6
2024.10.10	01:04:38.056	0.83716	0.83727			6
2024.10.10	01:04:50.564	0.83714	0.83725			6
2024.10.10	01:04:54.757		0.83726			4
2024.10.10	01:04:59.554		0.83725			4
2024.10.10	01:05:00.450	0.83714				2
2024.10.10	01:05:03.665	0.83713	0.83724			6
2024.10.10	01:05:05.373		0.83725			4
2024.10.10	01:05:09.754	0.83714				2
2024.10.10	01:05:25.679	0.83707	0.83718			6
2024.10.10	01:05:27.458	0.83708	0.83719			6
2024.10.10	01:05:40.056	0.83707	0.83718			6
2024.10.10	01:05:44.855	0.83708	0.83719			6
2024.10.10	01:05:50.256		0.83718			4
2024.10.10	01:05:58.246	0.83705	0.83716			6
2024.10.10	01:06:00.417	0.83705				2
2024.10.10	01:06:02.587		0.83715			4
2024.10.10	01:06:04.146	0.83704	0.83716			6
2024.10.10	01:06:04.659	0.83706				2
2024.10.10	01:06:04.979		0.83717			4
2024.10.10	01:06:09.006		0.83716			4
2024.10.10	01:06:28.367		0.83713			4
2024.10.10	01:06:32.280		0.83712			4
2024.10.10	01:06:33.979	0.83705				2
2024.10.10	01:06:41.032	0.83706				2
2024.10.10	01:06:42.138	0.83704	0.83709			6
2024.10.10	01:06:42.854		0.83710			4
2024.10.10	01:06:44.413		0.83709			4
2024.10.10	01:06:46.354	0.83703				2
2024.10.10	01:06:46.995	0.83702				2
2024.10.10	01:06:48.943		0.83708			4
2024.10.10	01:06:51.144	0.83701				2
2024.10.10	01:06:53.553	0.83700				2
2024.10.10	01:06:58.078		0.83709			4
2024.10.10	01:07:00.441	0.83701				2
2024.10.10	01:07:04.283	0.83703	0.83711			6
2024.10.10	01:07:06.753	0.83704				2
2024.10.10	01:07:09.545	0.83703	0.83709			6
2024.10.10	01:07:11.254	0.83702				2
2024.10.10	01:07:16.053	0.83703	0.83710			6
2024.10.10	01:07:21.108		0.83709			4
2024.10.10	01:07:22.265	0.83704	0.83712			6
2024.10.10	01:07:22.653		0.83713			4
2024.10.10	01:07:24.089	0.83706	0.83715			6
2024.10.10	01:07:24.402	0.83708				2
2024.10.10	01:07:26.090	0.83709	0.83716			6
2024.10.10	01:07:28.573		0.83717			4
2024.10.10	01:07:31.957	0.83710				2
2024.10.10	01:07:32.316		0.83718			4
2024.10.10	01:07:39.153		0.83717			4
2024.10.10	01:07:50.317	0.83712	0.83719			6
2024.10.10	01:07:58.861		0.83717			4
2024.10.10	01:07:59.259	0.83710				2
2024.10.10	01:07:59.623		0.83718			4
2024.10.10	01:08:00.420	0.83710				2
2024.10.10	01:08:01.004		0.83717			4
2024.10.10	01:08:11.172		0.83718			4
2024.10.10	01:08:12.545		0.83719			4
2024.10.10	01:08:16.960	0.83711				2
2024.10.10	01:08:26.692	0.83713	0.83723			6
2024.10.10	01:08:28.638		0.83722			4
2024.10.10	01:08:38.289		0.83723			4
2024.10.10	01:08:39.968		0.83722			4
2024.10.10	01:08:40.881	0.83710	0.83719			6
2024.10.10	01:08:43.939		0.83720			4
2024.10.10	01:08:44.344		0.83719			4
2024.10.10	01:08:50.607	0.83707	0.83716			6
2024.10.10	01:08:57.170	0.83708				2
2024.10.10	01:08:58.360		0.83717			4
2024.10.10	01:08:59.212	0.83710	0.83719			6
2024.10.10	01:09:00.429	0.83709	0.83717			6
2024.10.10	01:09:01.981	0.83708				2
2024.10.10	01:09:02.359		0.83716			4
2024.10.10	01:09:02.874	0.83709				2
2024.10.10	01:09:03.731		0.83717			4
2024.10.10	01:09:09.934	0.83706	0.83714			6
2024.10.10	01:09:10.931	0.83705	0.83713			6
2024.10.10	01:09:12.375	0.83706	0.83715			6
2024.10.10	01:09:16.376		0.83716			4
2024.10.10	01:09:20.556	0.83707				2
2024.10.10	01:09:30.598		0.83715			4
2024.10.10	01:09:30.934	0.83706				2
2024.10.10	01:09:36.329	0.83708	0.83717			6
2024.10.10	01:09:36.650	0.83709				2
2024.10.10	01:09:39.766	0.83708				2
2024.10.10	01:09:40.606		0.83716			4
2024.10.10	01:09:41.081	0.83709	0.83717			6
2024.10.10	01:09:41.393		0.83718			4
2024.10.10	01:09:41.889		0.83717			4
2024.10.10	01:09:42.453	0.83708				2
2024.10.10	01:09:45.601	0.83709				2
2024.10.10	01:09:46.499	0.83713	0.83721			6
2024.10.10	01:09:48.190		0.83722			4
2024.10.10	01:09:53.031	0.83714	0.83723			6
2024.10.10	01:09:54.753	0.83715				2
2024.10.10	01:09:57.174		0.83724			4
2024.10.10	01:10:00.320	0.83715	0.83721			6
2024.10.10	01:10:03.213	0.83714				2
2024.10.10	01:10:03.598	0.83719	0.83724			6
2024.10.10	01:10:03.938		0.83725			4
2024.10.10	01:10:04.252	0.83720	0.83727			6
2024.10.10	01:10:04.885		0.83728			4
2024.10.10	01:10:05.781	0.83718	0.83724			6
2024.10.10	01:10:06.462	0.83717				2
2024.10.10	01:10:11.262	0.83716				2
2024.10.10	01:10:26.940	0.83717	0.83726			6
2024.10.10	01:10:27.642		0.83727			4
2024.10.10	01:10:27.981		0.83726			4
2024.10.10	01:10:32.068		0.83725			4
2024.10.10	01:10:32.372		0.83726			4
2024.10.10	01:10:36.554	0.83720	0.83727			6
2024.10.10	01:10:36.909	0.83721				2
2024.10.10	01:10:37.522	0.83722	0.83728			6
2024.10.10	01:10:38.082	0.83719				2
2024.10.10	01:10:39.084	0.83720				2
2024.10.10	01:10:45.517	0.83722	0.83730			6
2024.10.10	01:10:46.528	0.83721				2
2024.10.10	01:10:49.315	0.83725	0.83731			6
2024.10.10	01:10:49.621		0.83732			4
2024.10.10	01:10:50.396	0.83723	0.83729			6
2024.10.10	01:10:53.747	0.83724	0.83730			6
2024.10.10	01:10:54.688		0.83729			4
2024.10.10	01:10:57.694		0.83730			4
2024.10.10	01:10:59.981		0.83729			4
2024.10.10	01:11:00.364	0.83724				2
2024.10.10	01:11:01.374	0.83725	0.83734			6
2024.10.10	01:11:02.197	0.83724				2
2024.10.10	01:11:02.759	0.83725				2
2024.10.10	01:11:03.594	0.83727	0.83735			6
2024.10.10	01:11:03.891		0.83734			4
2024.10.10	01:11:13.402	0.83725	0.83731			6
2024.10.10	01:11:14.263		0.83733			4
2024.10.10	01:11:15.041	0.83727	0.83734			6
2024.10.10	01:11:18.899	0.83732	0.83738			6
2024.10.10	01:11:21.822	0.83731				2
2024.10.10	01:11:26.160		0.83733			4
2024.10.10	01:11:26.460	0.83729				2
2024.10.10	01:11:31.825	0.83727				2
2024.10.10	01:11:32.130		0.83732			4
2024.10.10	01:11:44.743	0.83725	0.83729			6
2024.10.10	01:11:45.153	0.83724				2
2024.10.10	01:11:46.360		0.83730			4
2024.10.10	01:11:46.957	0.83725				2
2024.10.10	01:12:01.056	0.83726				2
2024.10.10	01:12:04.359	0.83725				2
2024.10.10	01:12:04.662	0.83720	0.83723			6
2024.10.10	01:12:05.366		0.83724			4
2024.10.10	01:12:07.376		0.83723			4
2024.10.10	01:12:08.627	0.83719				2
2024.10.10	01:12:09.266		0.83724			4
2024.10.10	01:12:09.588	0.83720				2
2024.10.10	01:12:10.003		0.83725			4
2024.10.10	01:12:12.795		0.83724			4
2024.10.10	01:12:14.633		0.83725			4
2024.10.10	01:12:19.366		0.83724			4
2024.10.10	01:12:33.543		0.83725			4
2024.10.10	01:12:42.896	0.83722	0.83726			6
2024.10.10	01:12:43.471		0.83725			4
2024.10.10	01:12:44.378	0.83721	0.83726			6
2024.10.10	01:12:44.698	0.83722				2
2024.10.10	01:12:45.197		0.83725			4
2024.10.10	01:12:48.856		0.83726			4
2024.10.10	01:12:57.258	0.83721				2
2024.10.10	01:13:00.766	0.83721				2
2024.10.10	01:13:03.441	0.83720	0.83725			6
2024.10.10	01:13:03.788	0.83721				2
2024.10.10	01:13:04.392		0.83726			4
2024.10.10	01:13:09.757		0.83725			4
2024.10.10	01:13:13.613		0.83726			4
2024.10.10	01:13:18.153	0.83722				2
2024.10.10	01:13:25.054	0.83721				2
2024.10.10	01:13:40.357	0.83720				2
2024.10.10	01:13:49.966	0.83718	0.83727			6
2024.10.10	01:13:54.454	0.83719				2
2024.10.10	01:14:00.394	0.83718				2
2024.10.10	01:14:02.750	0.83719				2
2024.10.10	01:14:07.871	0.83720				2
2024.10.10	01:14:15.448	0.83719				2
2024.10.10	01:14:21.972		0.83728			4
2024.10.10	01:14:24.680		0.83727			4
2024.10.10	01:14:32.376		0.83728			4
2024.10.10	01:14:33.006		0.83727			4
2024.10.10	01:14:38.625	0.83720	0.83728			6
2024.10.10	01:14:40.056		0.83729			4
2024.10.10	01:14:49.527		0.83728			4
2024.10.10	01:14:57.173		0.83730			4
2024.10.10	01:14:58.198	0.83721				2
2024.10.10	01:15:00.310	0.83722	0.83729			6
2024.10.10	01:15:01.771	0.83723	0.83732			6
2024.10.10	01:15:19.526	0.83722	0.83730			6
2024.10.10	01:15:29.460	0.83730	0.83741			6
2024.10.10	01:15:40.356		0.83740			4
2024.10.10	01:16:00.462	0.83730				2
2024.10.10	01:16:02.795		0.83739			4
2024.10.10	01:16:05.622	0.83731	0.83742			6
2024.10.10	01:16:05.933		0.83741			4
2024.10.10	01:16:38.654	0.83732				2
2024.10.10	01:16:53.855	0.83731				2
2024.10.10	01:17:00.240	0.83732				2
2024.10.10	01:17:03.491	0.83731				2
2024.10.10	01:17:06.350		0.83741			4
2024.10.10	01:17:07.657	0.83734				2
2024.10.10	01:17:08.277	0.83733				2
2024.10.10	01:17:22.133	0.83732	0.83740			6
2024.10.10	01:17:22.691		0.83739			4
2024.10.10	01:17:23.758		0.83740			4
2024.10.10	01:17:25.623	0.83733				2
2024.10.10	01:17:29.563	0.83732				2
2024.10.10	01:17:33.757	0.83733				2
2024.10.10	01:17:57.042		0.83741			4
2024.10.10	01:18:00.047	0.83733				2
2024.10.10	01:18:09.046	0.83732	0.83738			6
2024.10.10	01:18:09.348	0.83733	0.83739			6
2024.10.10	01:18:10.254	0.83732				2
2024.10.10	01:18:17.254	0.83734	0.83740			6
2024.10.10	01:18:22.670	0.83735	0.83741			6
2024.10.10	01:18:22.980	0.83736				2
2024.10.10	01:18:23.598	0.83735				2
2024.10.10	01:18:27.954		0.83742			4
2024.10.10	01:18:31.785		0.83741			4
2024.10.10	01:18:47.246		0.83742			4
2024.10.10	01:18:49.223	0.83737	0.83743			6
2024.10.10	01:18:49.600	0.83735	0.83745			6
2024.10.10	01:18:50.429	0.83736	0.83744			6
2024.10.10	01:18:53.358	0.83737				2
2024.10.10	01:18:54.754	0.83738				2
2024.10.10	01:18:57.863	0.83737				2
2024.10.10	01:19:00.034	0.83737				2
2024.10.10	01:19:13.056	0.83736				2
2024.10.10	01:19:17.258	0.83737				2
2024.10.10	01:19:21.479	0.83738				2
2024.10.10	01:19:34.054	0.83739				2
2024.10.10	01:19:39.931	0.83738				2
2024.10.10	01:19:46.357	0.83739				2
2024.10.10	01:19:51.597		0.83744			4
2024.10.10	01:19:53.254	0.83738				2
2024.10.10	01:19:57.188	0.83739				2
2024.10.10	01:19:57.526	0.83738				2
2024.10.10	01:20:00.135	0.83739				2
2024.10.10	01:20:36.733	0.83740				2
2024.10.10	01:20:39.892	0.83735	0.83742			6
2024.10.10	01:20:50.921	0.83734				2
2024.10.10	01:20:51.994	0.83736				2
2024.10.10	01:21:00.242	0.83735	0.83741			6
2024.10.10	01:21:00.543	0.83732	0.83739			6
2024.10.10	01:21:01.377	0.83730	0.83737			6
2024.10.10	01:21:03.813		0.83736			4
2024.10.10	01:21:04.541	0.83732	0.83737			6
2024.10.10	01:21:06.506	0.83733				2
2024.10.10	01:21:11.960	0.83730	0.83738			6
2024.10.10	01:21:19.957		0.83737			4
2024.10.10	01:21:23.738	0.83729	0.83735			6
2024.10.10	01:21:25.978	0.83728				2
2024.10.10	01:21:26.690	0.83729				2
2024.10.10	01:21:27.024		0.83734			4
2024.10.10	01:21:35.708		0.83735			4
2024.10.10	01:21:38.856	0.83728				2
2024.10.10	01:21:49.245	0.83729				2
2024.10.10	01:21:52.874	0.83728				2
2024.10.10	01:22:01.164	0.83728				2
2024.10.10	01:22:03.750		0.83734			4
2024.10.10	01:22:04.658	0.83729				2
2024.10.10	01:22:10.014	0.83728				2
2024.10.10	01:22:17.437	0.83729				2
2024.10.10	01:22:19.993	0.83728				2
2024.10.10	01:22:27.085	0.83729				2
2024.10.10	01:22:28.910	0.83732	0.83737			6
2024.10.10	01:23:01.727	0.83733				2
2024.10.10	01:23:04.108	0.83732				2
2024.10.10	01:23:04.521	0.83735	0.83741			6
2024.10.10	01:23:08.355		0.83739			4
2024.10.10	01:23:08.660		0.83741			4
2024.10.10	01:23:11.361		0.83740			4
2024.10.10	01:23:14.562	0.83736				2
2024.10.10	01:23:14.863	0.83733	0.83739			6
2024.10.10	01:23:17.635	0.83735	0.83740			6
2024.10.10	01:23:27.361	0.83734	0.83737			6
2024.10.10	01:23:35.318		0.83738			4
2024.10.10	01:23:38.226		0.83737			4
2024.10.10	01:23:42.075	0.83733				2
2024.10.10	01:23:42.743	0.83734				2
2024.10.10	01:23:52.011	0.83735				2
2024.10.10	01:23:52.607		0.83738			4
2024.10.10	01:23:53.250	0.83733				2
2024.10.10	01:23:57.280	0.83734				2
2024.10.10	01:23:58.319	0.83733				2
2024.10.10	01:23:59.765	0.83734				2
2024.10.10	01:24:00.613	0.83734				2
2024.10.10	01:24:06.491		0.83739			4
2024.10.10	01:24:12.955		0.83738			4
2024.10.10	01:24:13.391		0.83739			4
2024.10.10	01:24:15.062		0.83738			4
2024.10.10	01:24:15.685		0.83739			4
2024.10.10	01:24:16.733	0.83733				2
2024.10.10	01:24:25.054	0.83734				2
2024.10.10	01:24:57.153	0.83733				2
2024.10.10	01:25:00.465	0.83733	0.83738			6
2024.10.10	01:25:01.940		0.83739			4
2024.10.10	01:25:18.699		0.83738			4
2024.10.10	01:25:37.970		0.83739			4
2024.10.10	01:25:47.735		0.83738			4
2024.10.10	01:26:01.150	0.83733				2
2024.10.10	01:26:22.155		0.83737			4
2024.10.10	01:26:23.973		0.83738			4
2024.10.10	01:26:32.254	0.83734				2
2024.10.10	01:26:44.224		0.83740			4
2024.10.10	01:26:47.758		0.83739			4
2024.10.10	01:27:00.071	0.83734				2
2024.10.10	01:27:04.657		0.83740			4
2024.10.10	01:27:25.088		0.83738			4
2024.10.10	01:27:26.355		0.83739			4
2024.10.10	01:27:29.475	0.83733				2
2024.10.10	01:27:39.033	0.83734				2
2024.10.10	01:27:39.389	0.83735				2
2024.10.10	01:27:39.749	0.83734				2
2024.10.10	01:27:55.096		0.83740			4
2024.10.10	01:27:59.089	0.83735	0.83739			6
2024.10.10	01:27:59.415	0.83733				2
2024.10.10	01:28:00.714	0.83733				2
2024.10.10	01:28:08.092	0.83734				2
2024.10.10	01:28:55.329	0.83736				2
2024.10.10	01:29:01.118	0.83736	0.83739			6
2024.10.10	01:29:02.037	0.83733				2
2024.10.10	01:29:11.154	0.83734				2
2024.10.10	01:29:12.707		0.83740			4
2024.10.10	01:29:17.646	0.83733	0.83739			6
2024.10.10	01:29:22.057		0.83738			4
2024.10.10	01:29:26.821		0.83739			4
2024.10.10	01:29:32.555		0.83738			4
2024.10.10	01:29:51.861	0.83732				2
2024.10.10	01:29:52.527		0.83736			4
2024.10.10	01:29:52.882	0.83734	0.83738			6
2024.10.10	01:29:54.930	0.83732				2
2024.10.10	01:29:55.706	0.83734				2
2024.10.10	01:30:00.616	0.83734				2
2024.10.10	01:30:02.116	0.83733				2
2024.10.10	01:30:04.106	0.83734				2
2024.10.10	01:30:06.692	0.83738	0.83739			6
2024.10.10	01:30:07.004	0.83739	0.83740			6
2024.10.10	01:30:07.693		0.83743			4
2024.10.10	01:30:11.692		0.83742			4
2024.10.10	01:30:13.737	0.83738				2
2024.10.10	01:30:27.378	0.83737	0.83741			6
2024.10.10	01:30:30.364		0.83742			4
2024.10.10	01:30:38.332	0.83736				2
2024.10.10	01:30:47.509	0.83737				2
2024.10.10	01:30:49.269	0.83741	0.83743			6
2024.10.10	01:30:50.360	0.83739				2
2024.10.10	01:31:00.368	0.83739				2
2024.10.10	01:31:15.764	0.83738				2
2024.10.10	01:31:20.722		0.83742			4
2024.10.10	01:31:24.504		0.83741			4
2024.10.10	01:31:37.161	0.83737				2
2024.10.10	01:31:43.056	0.83738				2
2024.10.10	01:31:55.571	0.83737				2
2024.10.10	01:32:02.238	0.83737				2
2024.10.10	01:32:04.371	0.83738				2
2024.10.10	01:32:13.861	0.83737				2
2024.10.10	01:32:19.643	0.83742	0.83743			6
2024.10.10	01:32:21.926	0.83739	0.83742			6
2024.10.10	01:32:24.360	0.83742	0.83743			6
2024.10.10	01:32:24.826	0.83739	0.83742			6
2024.10.10	01:32:25.488		0.83741			4
2024.10.10	01:32:26.059		0.83742			4
2024.10.10	01:32:38.314	0.83738				2
2024.10.10	01:32:40.784		0.83741			4
2024.10.10	01:32:50.727	0.83740				2
2024.10.10	01:32:52.640	0.83741	0.83742			6
2024.10.10	01:33:00.441	0.83738	0.83741			6
2024.10.10	01:33:01.376		0.83740			4
2024.10.10	01:33:03.511		0.83741			4
2024.10.10	01:33:15.525	0.83742	0.83744			6
2024.10.10	01:33:16.356		0.83745			4
2024.10.10	01:33:21.163	0.83743				2
2024.10.10	01:33:26.968		0.83744			4
2024.10.10	01:33:35.605		0.83745			4
2024.10.10	01:33:36.510		0.83744			4
2024.10.10	01:33:40.600	0.83742	0.83745			6
2024.10.10	01:34:02.126	0.83742				2
2024.10.10	01:34:05.978		0.83744			4
2024.10.10	01:34:12.450	0.83743	0.83745			6
2024.10.10	01:34:32.809	0.83742	0.83743			6
2024.10.10	01:34:38.115		0.83744			4
2024.10.10	01:34:48.209	0.83743				2
2024.10.10	01:34:56.762	0.83741	0.83742			6
2024.10.10	01:34:57.434		0.83743			4
2024.10.10	01:35:00.538	0.83741	0.83742			6
2024.10.10	01:35:04.078		0.83743			4
2024.10.10	01:35:04.512		0.83742			4
2024.10.10	01:35:08.370	0.83739	0.83740			6
2024.10.10	01:35:40.720	0.83740	0.83742			6
2024.10.10	01:35:41.061	0.83742	0.83743			6
2024.10.10	01:36:00.424	0.83741	0.83742			6
2024.10.10	01:36:10.918	0.83740				2
2024.10.10	01:36:11.330		0.83741			4
2024.10.10	01:36:27.295	0.83741	0.83742			6
2024.10.10	01:36:52.061	0.83742	0.83743			6
2024.10.10	01:37:01.169	0.83742				2
2024.10.10	01:37:09.679	0.83741	0.83742			6
2024.10.10	01:37:21.911		0.83743			4
2024.10.10	01:37:22.450		0.83744			4
2024.10.10	01:37:25.325	0.83740	0.83741			6
2024.10.10	01:37:31.673	0.83739				2
2024.10.10	01:37:35.118		0.83740			4
2024.10.10	01:37:37.705		0.83741			4
2024.10.10	01:37:44.041		0.83742			4
2024.10.10	01:37:44.370		0.83741			4
2024.10.10	01:37:52.820		0.83742			4
2024.10.10	01:37:55.567	0.83741				2
2024.10.10	01:38:01.246	0.83741	0.83743			6
2024.10.10	01:38:13.406		0.83742			4
2024.10.10	01:38:36.528	0.83742	0.83743			6
2024.10.10	01:38:53.098	0.83741	0.83742			6
2024.10.10	01:39:00.631	0.83741				2
2024.10.10	01:39:40.216	0.83740	0.83741			6
2024.10.10	01:39:44.127	0.83741	0.83742			6
2024.10.10	01:39:53.972	0.83738	0.83739			6
2024.10.10	01:39:57.255	0.83737				2
2024.10.10	01:40:01.559	0.83736	0.83738			6
2024.10.10	01:40:03.409	0.83737	0.83739			6
2024.10.10	01:40:06.199	0.83738				2
2024.10.10	01:40:18.192	0.83737				2
2024.10.10	01:40:41.401	0.83738				2
2024.10.10	01:41:00.381	0.83738				2
2024.10.10	01:41:04.070		0.83739			4
2024.10.10	01:41:05.069	0.83737	0.83738			6
2024.10.10	01:41:09.170	0.83736				2
2024.10.10	01:41:19.655		0.83737			4
2024.10.10	01:41:21.935	0.83735	0.83736			6
2024.10.10	01:41:22.245	0.83732	0.83735			6
2024.10.10	01:41:28.528		0.83734			4
2024.10.10	01:41:32.890		0.83735			4
2024.10.10	01:41:37.673	0.83731				2
2024.10.10	01:41:38.713	0.83732				2
2024.10.10	01:41:41.961		0.83734			4
2024.10.10	01:41:50.633	0.83731	0.83735			6
2024.10.10	01:41:51.059	0.83730				2
2024.10.10	01:42:01.379	0.83730				2
2024.10.10	01:42:13.301	0.83731	0.83733			6
2024.10.10	01:42:17.525		0.83734			4
2024.10.10	01:42:18.208		0.83733			4
2024.10.10	01:42:18.513	0.83735	0.83736			6
2024.10.10	01:42:18.894	0.83732				2
2024.10.10	01:42:22.337		0.83734			4
2024.10.10	01:42:22.952	0.83735	0.83736			6
2024.10.10	01:42:25.717	0.83734	0.83735			6
2024.10.10	01:42:51.891	0.83735	0.83736			6
2024.10.10	01:43:00.529	0.83736	0.83737			6
2024.10.10	01:43:11.271	0.83734	0.83736			6
2024.10.10	01:43:13.642	0.83732	0.83735			6
2024.10.10	01:43:25.070	0.83734				2
2024.10.10	01:43:38.304	0.83733				2
2024.10.10	01:43:50.948	0.83734				2
2024.10.10	01:43:59.679	0.83732				2
2024.10.10	01:44:01.863	0.83732				2
2024.10.10	01:44:05.687	0.83734				2
2024.10.10	01:44:14.150		0.83735			4
2024.10.10	01:44:19.698	0.83735	0.83736			6
2024.10.10	01:45:00.481	0.83735				2
2024.10.10	01:45:03.756		0.83737			4
2024.10.10	01:45:05.936		0.83738			4
2024.10.10	01:45:14.518		0.83737			4
2024.10.10	01:45:18.363		0.83736			4
2024.10.10	01:45:19.400	0.83733	0.83735			6
2024.10.10	01:45:36.039	0.83737	0.83738			6
2024.10.10	01:46:01.057	0.83737				2
2024.10.10	01:46:03.905	0.83739	0.83740			6
2024.10.10	01:46:04.207	0.83737	0.83738			6
2024.10.10	01:46:08.261	0.83738	0.83739			6
2024.10.10	01:46:14.008	0.83739	0.83740			6
2024.10.10	01:46:39.897	0.83740	0.83741			6
2024.10.10	01:47:00.271	0.83740				2
2024.10.10	01:47:26.569	0.83741	0.83742			6
2024.10.10	01:48:00.519	0.83741				2
2024.10.10	01:48:26.943		0.83742			4
2024.10.10	01:48:33.215	0.83742	0.83743			6
2024.10.10	01:48:43.442	0.83741	0.83742			6
2024.10.10	01:49:00.433	0.83741				2
2024.10.10	01:49:11.862	0.83742	0.83743			6
2024.10.10	01:49:12.198	0.83739	0.83741			6
2024.10.10	01:49:20.502	0.83740				2
2024.10.10	01:50:00.431	0.83740				2
2024.10.10	01:50:01.585	0.83741	0.83742			6
2024.10.10	01:50:07.976	0.83740	0.83741			6
2024.10.10	01:50:17.556	0.83743	0.83744			6
2024.10.10	01:50:40.381	0.83744	0.83745			6
2024.10.10	01:51:00.403	0.83744				2
2024.10.10	01:51:15.867	0.83745	0.83746			6
2024.10.10	01:51:26.094	0.83744	0.83745			6
2024.10.10	01:51:33.776	0.83745	0.83746			6
2024.10.10	01:51:41.486	0.83743	0.83744			6
2024.10.10	01:51:41.807	0.83742				2
2024.10.10	01:51:58.512	0.83745	0.83746			6
2024.10.10	01:52:00.173	0.83745				2
2024.10.10	01:52:01.700	0.83743	0.83744			6
2024.10.10	01:52:46.284	0.83742				2
2024.10.10	01:52:46.795	0.83743				2
2024.10.10	01:52:47.226	0.83742				2
2024.10.10	01:52:58.857	0.83743				2
2024.10.10	01:53:00.527	0.83743				2
2024.10.10	01:53:01.984		0.83744			4
2024.10.10	01:53:37.263	0.83744	0.83745			6
2024.10.10	01:54:00.073	0.83744				2
2024.10.10	01:54:39.192		0.83745			4
2024.10.10	01:55:00.527	0.83744				2
2024.10.10	01:55:40.638		0.83745			4
2024.10.10	01:56:04.388	0.83744				2
2024.10.10	01:56:21.330	0.83746	0.83747			6
2024.10.10	01:56:36.309	0.83747	0.83748			6
2024.10.10	01:56:44.430	0.83748	0.83749			6
2024.10.10	01:56:51.509	0.83747	0.83748			6
2024.10.10	01:56:52.616	0.83748	0.83749			6
2024.10.10	01:56:59.457	0.83747	0.83748			6
2024.10.10	01:57:00.448	0.83747				2
2024.10.10	01:57:10.053	0.83746	0.83747			6
2024.10.10	01:57:16.421		0.83748			4
2024.10.10	01:57:20.213	0.83749	0.83751			6
2024.10.10	01:57:30.403	0.83748				2
2024.10.10	01:58:00.993	0.83748				2
2024.10.10	01:58:05.676	0.83747				2
2024.10.10	01:58:07.845	0.83746	0.83750			6
2024.10.10	01:58:08.808		0.83749			4
2024.10.10	01:58:15.245		0.83750			4
2024.10.10	01:58:19.614		0.83747			4
2024.10.10	01:58:21.956	0.83747	0.83751			6
2024.10.10	01:58:22.585		0.83750			4
2024.10.10	01:58:36.334		0.83748			4
2024.10.10	01:58:40.540	0.83745	0.83747			6
2024.10.10	01:58:50.561	0.83746				2
2024.10.10	01:58:58.264		0.83750			4
2024.10.10	01:59:00.441	0.83746				2
2024.10.10	01:59:18.573		0.83749			4
2024.10.10	01:59:22.208		0.83748			4
2024.10.10	01:59:28.348	0.83744				2
2024.10.10	01:59:47.363		0.83747			4
2024.10.10	01:59:49.228	0.83745				2
2024.10.10	01:59:50.387		0.83749			4
2024.10.10	02:00:00.382	0.83745				2
2024.10.10	02:00:00.771	0.83746				2
2024.10.10	02:00:02.103	0.83745				2
2024.10.10	02:00:03.034	0.83744	0.83748			6
2024.10.10	02:00:04.339	0.83743				2
2024.10.10	02:00:06.158		0.83747			4
2024.10.10	02:00:06.489		0.83746			4
2024.10.10	02:00:11.517		0.83745			4
2024.10.10	02:00:14.541	0.83742	0.83744			6
2024.10.10	02:00:22.897		0.83743			4
2024.10.10	02:00:54.797	0.83741	0.83744			6
2024.10.10	02:00:58.658		0.83743			4
2024.10.10	02:01:01.742	0.83740	0.83746			6
2024.10.10	02:01:04.063		0.83742			4
2024.10.10	02:01:11.161		0.83743			4
2024.10.10	02:01:22.067		0.83742			4
2024.10.10	02:01:27.233		0.83741			4
2024.10.10	02:01:27.710	0.83739	0.83740			6
2024.10.10	02:01:30.391	0.83738				2
2024.10.10	02:01:30.861	0.83739				2
2024.10.10	02:01:48.029		0.83742			4
2024.10.10	02:01:49.633	0.83740	0.83743			6
2024.10.10	02:01:51.102	0.83739				2
2024.10.10	02:01:54.439		0.83742			4
2024.10.10	02:01:54.759	0.83740				2
2024.10.10	02:01:56.379		0.83743			4
2024.10.10	02:01:59.321	0.83743	0.83744			6
2024.10.10	02:02:00.150	0.83743				2
2024.10.10	02:02:05.036	0.83742				2
2024.10.10	02:02:06.641	0.83743				2
2024.10.10	02:02:07.135	0.83742	0.83743			6
2024.10.10	02:02:29.852	0.83740				2
2024.10.10	02:02:30.335		0.83741			4
2024.10.10	02:02:40.923	0.83739	0.83740			6
2024.10.10	02:03:00.474	0.83739				2
2024.10.10	02:03:04.529	0.83740	0.83741			6
2024.10.10	02:03:07.100	0.83738	0.83739			6
2024.10.10	02:03:15.181	0.83739	0.83740			6
2024.10.10	02:03:31.290	0.83738	0.83739			6
2024.10.10	02:03:51.621	0.83737	0.83738			6
2024.10.10	02:03:51.975	0.83736				2
2024.10.10	02:03:56.026	0.83737				2
2024.10.10	02:04:00.410	0.83737				2
2024.10.10	02:04:01.374		0.83739			4
2024.10.10	02:04:04.511	0.83738				2
2024.10.10	02:04:37.836		0.83740			4
2024.10.10	02:04:39.987		0.83739			4
2024.10.10	02:04:56.340	0.83739	0.83740			6
2024.10.10	02:04:57.219	0.83738	0.83739			6
2024.10.10	02:05:00.844	0.83738				2
2024.10.10	02:05:01.401	0.83739	0.83740			6
2024.10.10	02:05:04.815	0.83738	0.83739			6
2024.10.10	02:05:09.945	0.83739	0.83740			6
2024.10.10	02:05:13.660	0.83738	0.83739			6
2024.10.10	02:05:18.330	0.83737	0.83738			6
2024.10.10	02:05:24.728		0.83739			4
2024.10.10	02:05:39.498	0.83738				2
2024.10.10	02:05:50.190	0.83739	0.83740			6
2024.10.10	02:05:51.188	0.83738	0.83739			6
2024.10.10	02:05:53.475	0.83736	0.83740			6
2024.10.10	02:05:55.480	0.83738	0.83739			6
2024.10.10	02:05:59.904	0.83737	0.83738			6
2024.10.10	02:06:00.681	0.83737				2
2024.10.10	02:06:03.481	0.83738	0.83739			6
2024.10.10	02:06:20.494	0.83736	0.83740			6
2024.10.10	02:06:21.050		0.83739			4
2024.10.10	02:06:22.488	0.83738				2
2024.10.10	02:06:35.051	0.83737				2
2024.10.10	02:06:37.667		0.83738			4
2024.10.10	02:07:00.132	0.83737				2
2024.10.10	02:07:01.409	0.83738	0.83739			6
2024.10.10	02:07:03.461	0.83737	0.83738			6
2024.10.10	02:07:13.508		0.83739			4
2024.10.10	02:07:39.979	0.83739	0.83740			6
2024.10.10	02:08:00.515	0.83739				2
2024.10.10	02:08:07.929	0.83738				2
2024.10.10	02:08:22.129	0.83739				2
2024.10.10	02:08:29.026	0.83740	0.83741			6
2024.10.10	02:09:03.227	0.83740				2
2024.10.10	02:09:14.269	0.83739	0.83740			6
2024.10.10	02:09:20.787	0.83738	0.83739			6
2024.10.10	02:09:25.266	0.83739	0.83740			6
2024.10.10	02:09:30.409		0.83741			4
2024.10.10	02:10:01.738	0.83740				2
2024.10.10	02:10:02.885	0.83739	0.83740			6
2024.10.10	02:10:03.259	0.83740	0.83741			6
2024.10.10	02:10:04.726	0.83741	0.83742			6
2024.10.10	02:10:22.103	0.83740	0.83741			6
2024.10.10	02:10:24.197	0.83741	0.83742			6
2024.10.10	02:10:32.724	0.83740				2
2024.10.10	02:10:38.890	0.83739	0.83740			6
2024.10.10	02:10:42.275	0.83740	0.83741			6
2024.10.10	02:10:44.406	0.83739	0.83740			6
2024.10.10	02:11:01.780	0.83739				2
2024.10.10	02:11:13.539	0.83734	0.83735			6
2024.10.10	02:11:14.055	0.83732	0.83733			6
2024.10.10	02:11:14.379	0.83729	0.83730			6
2024.10.10	02:11:22.750	0.83730	0.83731			6
2024.10.10	02:11:25.106	0.83729	0.83730			6
2024.10.10	02:11:41.890	0.83730	0.83731			6
2024.10.10	02:11:46.509	0.83734	0.83735			6
2024.10.10	02:12:00.649	0.83734				2
2024.10.10	02:12:05.407	0.83735	0.83736			6
2024.10.10	02:12:39.679	0.83730	0.83731			6
2024.10.10	02:12:41.941		0.83732			4
2024.10.10	02:12:45.415	0.83731				2
2024.10.10	02:12:55.347	0.83730	0.83731			6
2024.10.10	02:13:00.506	0.83730				2
2024.10.10	02:13:32.020	0.83731	0.83732			6
2024.10.10	02:13:34.963	0.83730	0.83731			6
2024.10.10	02:13:37.495	0.83732	0.83733			6
2024.10.10	02:13:59.901	0.83734	0.83735			6
2024.10.10	02:14:01.061	0.83734				2
2024.10.10	02:14:09.090	0.83732	0.83733			6
2024.10.10	02:14:14.558	0.83733	0.83734			6
2024.10.10	02:14:19.048	0.83731	0.83732			6
2024.10.10	02:14:20.352	0.83732	0.83733			6
2024.10.10	02:14:31.290	0.83731	0.83732			6
2024.10.10	02:14:38.905	0.83730	0.83731			6
2024.10.10	02:14:40.927	0.83731	0.83732			6
2024.10.10	02:14:59.844	0.83732	0.83733			6
2024.10.10	02:15:00.381	0.83732				2
2024.10.10	02:15:07.806	0.83731	0.83732			6
2024.10.10	02:15:33.416	0.83732	0.83733			6
2024.10.10	02:16:00.384	0.83732				2
2024.10.10	02:16:22.277	0.83733	0.83734			6
2024.10.10	02:17:00.470	0.83733				2
2024.10.10	02:17:09.925	0.83732	0.83733			6
2024.10.10	02:17:17.376	0.83733	0.83734			6
2024.10.10	02:17:17.878	0.83732	0.83733			6
2024.10.10	02:17:36.001	0.83731	0.83732			6
2024.10.10	02:18:00.921	0.83731				2
2024.10.10	02:18:24.880	0.83732	0.83733			6
2024.10.10	02:18:30.516	0.83731	0.83732			6
2024.10.10	02:19:00.422	0.83731				2
2024.10.10	02:19:17.945	0.83733	0.83734			6
2024.10.10	02:19:24.734	0.83732	0.83735			6
2024.10.10	02:19:27.834	0.83733	0.83734			6
2024.10.10	02:20:00.921	0.83733				2
2024.10.10	02:20:28.334		0.83734			4
2024.10.10	02:20:30.519	0.83734	0.83735			6
2024.10.10	02:20:40.000	0.83735	0.83736			6
2024.10.10	02:20:53.247	0.83738	0.83739			6
2024.10.10	02:20:56.985	0.83737	0.83738			6
2024.10.10	02:21:00.059	0.83736	0.83737			6
2024.10.10	02:21:07.893	0.83737	0.83738			6
2024.10.10	02:21:09.491	0.83738	0.83739			6
2024.10.10	02:22:00.464	0.83740	0.83741			6
2024.10.10	02:22:01.374	0.83738	0.83739			6
2024.10.10	02:22:35.751	0.83737	0.83738			6
2024.10.10	02:23:00.330	0.83737				2
2024.10.10	02:23:36.337		0.83738			4
2024.10.10	02:23:56.577	0.83736	0.83737			6
2024.10.10	02:24:02.004	0.83736				2
2024.10.10	02:24:26.401	0.83737	0.83738			6
2024.10.10	02:25:02.015	0.83737				2
2024.10.10	02:25:03.831	0.83738	0.83739			6
2024.10.10	02:25:22.626	0.83737	0.83738			6
2024.10.10	02:25:50.562	0.83738	0.83739			6
2024.10.10	02:26:00.142	0.83738				2
2024.10.10	02:26:52.913		0.83739			4
2024.10.10	02:27:01.771	0.83738				2
2024.10.10	02:27:06.123	0.83737	0.83738			6
2024.10.10	02:27:37.817	0.83738	0.83739			6
2024.10.10	02:27:50.731	0.83735	0.83736			6
2024.10.10	02:28:00.362	0.83736	0.83737			6
2024.10.10	02:28:02.985	0.83737	0.83738			6
2024.10.10	02:28:06.065	0.83736	0.83737			6
2024.10.10	02:28:19.381	0.83734				2
2024.10.10	02:28:20.434	0.83735	0.83736			6
2024.10.10	02:28:23.581	0.83734	0.83735			6
2024.10.10	02:29:00.126	0.83734				2
2024.10.10	02:29:19.603	0.83735	0.83736			6
2024.10.10	02:29:19.956	0.83734	0.83735			6
2024.10.10	02:29:23.691	0.83733	0.83734			6
2024.10.10	02:29:43.934	0.83734	0.83735			6
2024.10.10	02:30:06.876	0.83733	0.83734			6
2024.10.10	02:30:24.183	0.83732	0.83733			6
2024.10.10	02:30:33.980		0.83734			4
2024.10.10	02:31:00.454	0.83732				2
2024.10.10	02:31:03.313	0.83733				2
2024.10.10	02:31:03.623	0.83735	0.83736			6
2024.10.10	02:31:17.070	0.83734	0.83735			6
2024.10.10	02:31:25.489	0.83735	0.83736			6
2024.10.10	02:31:30.055	0.83734	0.83735			6
2024.10.10	02:31:45.062	0.83735	0.83736			6
2024.10.10	02:31:45.366	0.83733	0.83734			6
2024.10.10	02:31:50.563	0.83735	0.83736			6
2024.10.10	02:31:51.001	0.83734	0.83735			6
2024.10.10	02:31:51.719	0.83735	0.83736			6
2024.10.10	02:31:57.827	0.83737	0.83738			6
2024.10.10	02:31:58.643	0.83736	0.83737			6
2024.10.10	02:32:00.061	0.83736				2
2024.10.10	02:32:01.692	0.83737	0.83738			6
2024.10.10	02:32:31.188	0.83736	0.83737			6
2024.10.10	02:32:45.515	0.83735	0.83736			6
2024.10.10	02:32:45.822	0.83736	0.83737			6
2024.10.10	02:32:57.300	0.83735	0.83736			6
2024.10.10	02:33:02.122	0.83735				2
2024.10.10	02:33:05.945	0.83734	0.83735			6
2024.10.10	02:33:12.100	0.83735	0.83736			6
2024.10.10	02:33:35.387	0.83734	0.83735			6
2024.10.10	02:33:36.051	0.83735	0.83736			6
2024.10.10	02:33:37.991	0.83734	0.83735			6
2024.10.10	02:33:45.869	0.83735	0.83736			6
2024.10.10	02:34:00.778	0.83735				2
2024.10.10	02:34:06.141	0.83734	0.83735			6
2024.10.10	02:34:21.756	0.83735	0.83736			6
2024.10.10	02:34:54.135	0.83734	0.83735			6
2024.10.10	02:35:02.130	0.83734				2
2024.10.10	02:35:19.964	0.83733	0.83736			6
2024.10.10	02:35:20.353		0.83735			4
2024.10.10	02:35:23.821	0.83734				2
2024.10.10	02:35:25.168	0.83732	0.83736			6
2024.10.10	02:35:27.462	0.83734				2
2024.10.10	02:35:46.242	0.83733				2
2024.10.10	02:35:50.480	0.83734				2
2024.10.10	02:35:54.543		0.83735			4
2024.10.10	02:36:00.971	0.83734				2
2024.10.10	02:36:03.708	0.83735	0.83736			6
2024.10.10	02:36:10.920	0.83734	0.83735			6
2024.10.10	02:36:39.768	0.83735	0.83736			6
2024.10.10	02:36:40.792	0.83734	0.83735			6
2024.10.10	02:36:42.039	0.83735	0.83736			6
2024.10.10	02:36:48.258	0.83734	0.83735			6
2024.10.10	02:36:59.419	0.83735	0.83736			6
2024.10.10	02:37:02.472	0.83735				2
2024.10.10	02:37:21.929	0.83734	0.83735			6
2024.10.10	02:37:37.135	0.83735	0.83736			6
2024.10.10	02:38:00.625	0.83735				2
2024.10.10	02:38:13.172	0.83734	0.83735			6
2024.10.10	02:38:13.490	0.83733	0.83734			6
2024.10.10	02:38:30.238	0.83735	0.83736			6
2024.10.10	02:38:34.342	0.83734	0.83735			6
2024.10.10	02:38:48.887	0.83735	0.83736			6
2024.10.10	02:39:00.927	0.83735				2
2024.10.10	02:39:03.443	0.83734	0.83735			6
2024.10.10	02:39:03.773	0.83733	0.83734			6
2024.10.10	02:39:32.162	0.83734	0.83735			6
2024.10.10	02:39:32.499	0.83733	0.83734			6
2024.10.10	02:40:01.190	0.83733				2
2024.10.10	02:40:20.923	0.83734	0.83735			6
2024.10.10	02:40:39.912	0.83733	0.83734			6
2024.10.10	02:40:40.553	0.83734	0.83735			6
2024.10.10	02:40:40.865	0.83735	0.83736			6
2024.10.10	02:40:44.034	0.83734	0.83735			6
2024.10.10	02:40:54.231	0.83735	0.83736			6
2024.10.10	02:41:00.320	0.83735				2
2024.10.10	02:41:05.946	0.83734	0.83735			6
2024.10.10	02:41:24.164	0.83735	0.83736			6
2024.10.10	02:41:30.784	0.83733	0.83734			6
2024.10.10	02:41:35.053	0.83734	0.83735			6
2024.10.10	02:41:42.614	0.83733	0.83734			6
2024.10.10	02:41:46.430	0.83734	0.83735			6
2024.10.10	02:41:46.778	0.83733	0.83734			6
2024.10.10	02:41:50.577	0.83734	0.83735			6
2024.10.10	02:41:57.817	0.83733	0.83734			6
2024.10.10	02:41:58.251	0.83734	0.83735			6
2024.10.10	02:41:58.589	0.83733	0.83734			6
2024.10.10	02:42:01.625	0.83733				2
2024.10.10	02:42:58.691		0.83734			4
2024.10.10	02:43:00.011	0.83733				2
2024.10.10	02:43:25.033	0.83732	0.83733			6
2024.10.10	02:43:25.337	0.83731	0.83732			6
2024.10.10	02:43:37.943	0.83730	0.83731			6
2024.10.10	02:43:42.172	0.83729	0.83730			6
2024.10.10	02:43:52.706	0.83730	0.83731			6
2024.10.10	02:44:00.016	0.83730				2
2024.10.10	02:44:10.785	0.83725	0.83726			6
2024.10.10	02:44:12.449	0.83724	0.83725			6
2024.10.10	02:44:18.283	0.83722	0.83723			6
2024.10.10	02:44:21.709	0.83721	0.83722			6
2024.10.10	02:44:33.555	0.83722	0.83723			6
2024.10.10	02:44:36.349	0.83724	0.83725			6
2024.10.10	02:44:36.793	0.83723	0.83724			6
2024.10.10	02:45:00.417	0.83723				2
2024.10.10	02:45:03.955	0.83721	0.83722			6
2024.10.10	02:45:04.284	0.83722	0.83723			6
2024.10.10	02:45:08.045	0.83721	0.83722			6
2024.10.10	02:45:08.373	0.83720	0.83721			6
2024.10.10	02:45:08.920	0.83721	0.83722			6
2024.10.10	02:45:10.252	0.83720	0.83721			6
2024.10.10	02:45:10.588	0.83719	0.83720			6
2024.10.10	02:45:13.777	0.83718	0.83719			6
2024.10.10	02:45:21.292	0.83715	0.83716			6
2024.10.10	02:45:22.169	0.83716	0.83717			6
2024.10.10	02:45:25.603	0.83717	0.83718			6
2024.10.10	02:45:40.239	0.83714	0.83715			6
2024.10.10	02:45:41.364	0.83715	0.83716			6
2024.10.10	02:45:43.658	0.83716	0.83717			6
2024.10.10	02:45:45.138	0.83715	0.83716			6
2024.10.10	02:46:00.380	0.83715				2
2024.10.10	02:46:18.367	0.83714	0.83715			6
2024.10.10	02:46:28.122	0.83716	0.83717			6
2024.10.10	02:46:29.430	0.83715	0.83716			6
2024.10.10	02:46:39.821	0.83716	0.83717			6
2024.10.10	02:46:41.357	0.83715	0.83716			6
2024.10.10	02:46:41.667	0.83714	0.83715			6
2024.10.10	02:46:43.760	0.83713	0.83714			6
2024.10.10	02:46:51.887	0.83714	0.83715			6
2024.10.10	02:46:58.747	0.83713	0.83714			6
2024.10.10	02:47:00.828	0.83713				2
2024.10.10	02:47:08.333	0.83714	0.83715			6
2024.10.10	02:47:09.116	0.83713	0.83714			6
2024.10.10	02:47:10.812	0.83714	0.83715			6
2024.10.10	02:47:21.186	0.83715	0.83716			6
2024.10.10	02:47:33.273	0.83714	0.83715			6
2024.10.10	02:47:47.887	0.83715	0.83716			6
2024.10.10	02:48:00.431	0.83715				2
2024.10.10	02:48:03.772	0.83716	0.83717			6
2024.10.10	02:48:30.629	0.83717	0.83718			6
2024.10.10	02:48:30.957	0.83718	0.83719			6
2024.10.10	02:48:32.656	0.83717	0.83718			6
2024.10.10	02:48:39.035	0.83718	0.83719			6
2024.10.10	02:48:50.191	0.83719	0.83720			6
2024.10.10	02:48:55.848	0.83718	0.83719			6
2024.10.10	02:48:56.691	0.83719	0.83720			6
2024.10.10	02:49:00.541	0.83719				2
2024.10.10	02:49:11.214	0.83718	0.83719			6
2024.10.10	02:49:26.159	0.83719	0.83720			6
2024.10.10	02:49:26.658	0.83718	0.83719			6
2024.10.10	02:49:29.826	0.83719	0.83720			6
2024.10.10	02:49:30.143	0.83718	0.83719			6
2024.10.10	02:49:56.707	0.83716	0.83718			6
2024.10.10	02:49:57.027		0.83717			4
2024.10.10	02:50:00.320	0.83715	0.83716			6
2024.10.10	02:50:20.399	0.83716	0.83717			6
2024.10.10	02:50:59.482	0.83717	0.83718			6
2024.10.10	02:51:00.101	0.83718	0.83719			6
2024.10.10	02:51:01.322	0.83717	0.83718			6
2024.10.10	02:51:05.214	0.83716	0.83717			6
2024.10.10	02:51:06.823	0.83717	0.83718			6
2024.10.10	02:51:14.041	0.83718	0.83719			6
2024.10.10	02:51:14.664	0.83717	0.83718			6
2024.10.10	02:51:21.580	0.83716				2
2024.10.10	02:51:22.420		0.83717			4
2024.10.10	02:51:22.788	0.83717	0.83718			6
2024.10.10	02:51:28.748	0.83716	0.83717			6
2024.10.10	02:51:29.992	0.83715	0.83716			6
2024.10.10	02:51:32.584	0.83716	0.83717			6
2024.10.10	02:51:40.603	0.83717	0.83718			6
2024.10.10	02:51:42.451	0.83716	0.83717			6
2024.10.10	02:51:48.101	0.83717	0.83718			6
2024.10.10	02:51:52.424	0.83716	0.83717			6
2024.10.10	02:51:54.827	0.83717	0.83718			6
2024.10.10	02:52:00.456	0.83717				2
2024.10.10	02:52:04.301	0.83716	0.83717			6
2024.10.10	02:52:18.548	0.83718	0.83719			6
2024.10.10	02:52:21.396	0.83716	0.83717			6
2024.10.10	02:52:25.201	0.83717	0.83718			6
2024.10.10	02:52:28.529	0.83716	0.83717			6
2024.10.10	02:52:28.888	0.83715	0.83716			6
2024.10.10	02:52:56.687	0.83716	0.83717			6
2024.10.10	02:52:58.218	0.83715	0.83716			6
2024.10.10	02:53:01.632	0.83716	0.83717			6
2024.10.10	02:53:03.708	0.83717	0.83718			6
2024.10.10	02:53:36.217	0.83716	0.83717			6
2024.10.10	02:53:45.394	0.83717	0.83718			6
2024.10.10	02:53:57.068	0.83716	0.83717			6
2024.10.10	02:54:00.319	0.83716				2
2024.10.10	02:54:23.274	0.83715	0.83716			6
2024.10.10	02:54:24.146	0.83716	0.83717			6
2024.10.10	02:54:36.673	0.83717	0.83718			6
2024.10.10	02:54:40.109	0.83716	0.83717			6
2024.10.10	02:54:44.672	0.83717	0.83718			6
2024.10.10	02:55:00.234	0.83717				2
2024.10.10	02:55:13.834	0.83718	0.83719			6
2024.10.10	02:55:29.656	0.83717	0.83718			6
2024.10.10	02:55:33.515	0.83716	0.83719			6
2024.10.10	02:55:33.827	0.83718				2
2024.10.10	02:55:41.282	0.83717	0.83718			6
2024.10.10	02:55:51.061	0.83718	0.83719			6
2024.10.10	02:55:58.486	0.83717	0.83718			6
2024.10.10	02:56:00.317	0.83717				2
2024.10.10	02:56:04.229	0.83718	0.83719			6
2024.10.10	02:56:12.553	0.83717	0.83718			6
2024.10.10	02:56:13.551	0.83718	0.83719			6
2024.10.10	02:56:36.317	0.83717	0.83718			6
2024.10.10	02:56:40.071	0.83718	0.83719			6
2024.10.10	02:56:42.146	0.83717	0.83718			6
2024.10.10	02:56:46.404	0.83716	0.83717			6
2024.10.10	02:56:46.910	0.83717	0.83718			6
2024.10.10	02:56:47.238	0.83718	0.83719			6
2024.10.10	02:56:58.673	0.83720	0.83722			6
2024.10.10	02:56:58.982	0.83721				2
2024.10.10	02:56:59.360	0.83723	0.83724			6
2024.10.10	02:56:59.893	0.83722	0.83723			6
2024.10.10	02:57:00.210	0.83722				2
2024.10.10	02:57:00.861	0.83724	0.83725			6
2024.10.10	02:57:01.185	0.83723	0.83724			6
2024.10.10	02:57:01.931	0.83724	0.83725			6
2024.10.10	02:57:03.675	0.83726	0.83727			6
2024.10.10	02:57:14.844	0.83728	0.83729			6
2024.10.10	02:57:15.170	0.83730	0.83731			6
2024.10.10	02:57:15.866	0.83729	0.83730			6
2024.10.10	02:57:16.168	0.83727	0.83728			6
2024.10.10	02:57:19.566	0.83728	0.83729			6
2024.10.10	02:57:19.896	0.83727	0.83728			6
2024.10.10	02:57:21.363	0.83726	0.83727			6
2024.10.10	02:57:43.245	0.83725	0.83726			6
2024.10.10	02:57:50.240	0.83726	0.83727			6
2024.10.10	02:57:50.737	0.83727	0.83728			6
2024.10.10	02:57:51.046	0.83729	0.83730			6
2024.10.10	02:57:51.826	0.83728	0.83729			6
2024.10.10	02:57:52.755	0.83729	0.83730			6
2024.10.10	02:57:53.101	0.83732	0.83733			6
2024.10.10	02:58:00.321	0.83732				2
2024.10.10	02:58:17.657	0.83730	0.83731			6
2024.10.10	02:58:17.962	0.83731	0.83732			6
2024.10.10	02:58:19.049	0.83735	0.83736			6
2024.10.10	02:58:19.363	0.83736	0.83737			6
2024.10.10	02:58:23.225	0.83738	0.83739			6
2024.10.10	02:58:29.412	0.83739	0.83740			6
2024.10.10	02:58:29.723	0.83741	0.83742			6
2024.10.10	02:58:44.721	0.83740	0.83741			6
2024.10.10	02:58:45.052	0.83739	0.83740			6
2024.10.10	02:58:47.692	0.83740	0.83741			6
2024.10.10	02:59:00.371	0.83740				2
2024.10.10	02:59:00.928	0.83739	0.83740			6
2024.10.10	02:59:01.966	0.83740	0.83741			6
2024.10.10	02:59:15.167	0.83741	0.83742			6
2024.10.10	02:59:24.521	0.83744	0.83745			6
2024.10.10	02:59:24.824	0.83745	0.83746			6
2024.10.10	02:59:25.136	0.83746	0.83747			6
2024.10.10	02:59:25.448	0.83745	0.83746			6
2024.10.10	02:59:31.029	0.83744	0.83745			6
2024.10.10	02:59:36.843	0.83745	0.83746			6
2024.10.10	02:59:38.572	0.83744	0.83745			6
2024.10.10	02:59:46.015	0.83743	0.83744			6
2024.10.10	02:59:46.329	0.83740	0.83741			6
2024.10.10	02:59:55.260	0.83739	0.83740			6
2024.10.10	02:59:56.349	0.83740	0.83741			6
2024.10.10	02:59:57.136	0.83739	0.83740			6
2024.10.10	03:00:00.062	0.83739				2
2024.10.10	03:00:00.368	0.83740	0.83741			6
2024.10.10	03:00:01.004	0.83741	0.83742			6
2024.10.10	03:00:02.916	0.83743	0.83744			6
2024.10.10	03:00:06.301	0.83742	0.83743			6
2024.10.10	03:00:08.744	0.83741	0.83742			6
2024.10.10	03:00:11.035	0.83742	0.83743			6
2024.10.10	03:00:12.357	0.83740	0.83741			6
2024.10.10	03:00:13.603	0.83739	0.83740			6
2024.10.10	03:00:23.987	0.83738	0.83739			6
2024.10.10	03:00:24.636	0.83739	0.83740			6
2024.10.10	03:00:24.951	0.83735	0.83736			6
2024.10.10	03:00:26.718	0.83733	0.83734			6
2024.10.10	03:00:27.398	0.83732	0.83733			6
2024.10.10	03:00:30.335	0.83730	0.83731			6
2024.10.10	03:00:31.292	0.83729	0.83730			6
2024.10.10	03:00:38.029	0.83728	0.83729			6
2024.10.10	03:00:38.388	0.83722	0.83723			6
2024.10.10	03:00:42.566	0.83723	0.83724			6
2024.10.10	03:00:44.337	0.83722	0.83723			6
2024.10.10	03:00:45.354	0.83723	0.83724			6
2024.10.10	03:00:49.363	0.83724	0.83725			6
2024.10.10	03:00:49.919	0.83723	0.83724			6
2024.10.10	03:00:53.433	0.83724	0.83725			6
2024.10.10	03:01:00.185	0.83724				2
2024.10.10	03:01:01.299	0.83729	0.83730			6
2024.10.10	03:01:06.755	0.83730	0.83731			6
2024.10.10	03:01:07.698	0.83729	0.83730			6
2024.10.10	03:01:08.559	0.83728	0.83729			6
2024.10.10	03:01:08.864	0.83727	0.83728			6
2024.10.10	03:01:10.614	0.83728	0.83729			6
2024.10.10	03:01:13.992	0.83729	0.83730			6
2024.10.10	03:01:14.982	0.83728	0.83729			6
2024.10.10	03:01:15.290	0.83727	0.83728			6
2024.10.10	03:01:20.354	0.83729	0.83730			6
2024.10.10	03:01:20.990	0.83728	0.83729			6
2024.10.10	03:01:22.686	0.83729	0.83730			6
2024.10.10	03:01:54.174	0.83730	0.83731			6
2024.10.10	03:01:54.790	0.83729	0.83730			6
2024.10.10	03:02:00.099	0.83729				2
2024.10.10	03:02:00.415	0.83728	0.83729			6
2024.10.10	03:02:00.729	0.83729	0.83730			6
2024.10.10	03:02:01.147	0.83728	0.83729			6
2024.10.10	03:02:02.278	0.83727	0.83728			6
2024.10.10	03:02:04.587	0.83725	0.83726			6
2024.10.10	03:02:04.903	0.83724	0.83725			6
2024.10.10	03:02:05.918	0.83723	0.83724			6
2024.10.10	03:02:06.549	0.83722	0.83723			6
2024.10.10	03:02:09.338	0.83723	0.83724			6
2024.10.10	03:02:22.473	0.83722	0.83723			6
2024.10.10	03:02:22.984	0.83723	0.83724			6
2024.10.10	03:02:23.302	0.83722	0.83723			6
2024.10.10	03:02:27.185	0.83721	0.83722			6
2024.10.10	03:02:40.468	0.83722	0.83723			6
2024.10.10	03:02:45.238	0.83721	0.83722			6
2024.10.10	03:02:45.561	0.83722	0.83723			6
2024.10.10	03:02:45.885	0.83721	0.83722			6
2024.10.10	03:02:46.188	0.83719	0.83720			6
2024.10.10	03:02:46.503	0.83718	0.83719			6
2024.10.10	03:02:47.602	0.83719	0.83720			6
2024.10.10	03:02:51.047	0.83720	0.83721			6
2024.10.10	03:02:52.288	0.83719	0.83720			6
2024.10.10	03:02:54.019	0.83720	0.83721			6
2024.10.10	03:03:00.437	0.83719	0.83720			6
2024.10.10	03:03:01.550	0.83720	0.83721			6
2024.10.10	03:03:16.458	0.83719	0.83720			6
2024.10.10	03:03:17.272	0.83720	0.83721			6
2024.10.10	03:03:19.101	0.83719	0.83720			6
2024.10.10	03:03:19.691	0.83720	0.83721			6
2024.10.10	03:03:34.322	0.83725	0.83726			6
2024.10.10	03:03:35.001	0.83724	0.83725			6
2024.10.10	03:03:36.003	0.83723	0.83724			6
2024.10.10	03:03:37.687	0.83724	0.83725			6
2024.10.10	03:03:37.993	0.83723	0.83724			6
2024.10.10	03:03:41.008	0.83721	0.83722			6
2024.10.10	03:03:41.327	0.83722	0.83723			6
2024.10.10	03:03:47.937	0.83720	0.83721			6
2024.10.10	03:03:56.389	0.83719	0.83720			6
2024.10.10	03:03:57.459	0.83720	0.83721			6
2024.10.10	03:03:59.851	0.83719	0.83720			6
2024.10.10	03:04:00.374	0.83719				2
2024.10.10	03:04:00.683	0.83720	0.83721			6
2024.10.10	03:04:00.999	0.83719	0.83720			6
2024.10.10	03:04:01.765	0.83718	0.83719			6
2024.10.10	03:04:02.621	0.83719	0.83720			6
2024.10.10	03:04:04.901	0.83720	0.83721			6
2024.10.10	03:04:07.651	0.83722	0.83723			6
2024.10.10	03:04:10.492	0.83723	0.83724			6
2024.10.10	03:04:14.325	0.83724	0.83725			6
2024.10.10	03:04:19.041	0.83723	0.83724			6
2024.10.10	03:04:20.527	0.83724	0.83725			6
2024.10.10	03:04:26.172	0.83723	0.83724			6
2024.10.10	03:04:26.909	0.83724	0.83725			6
2024.10.10	03:04:28.281	0.83725	0.83726			6
2024.10.10	03:04:32.895	0.83724	0.83725			6
2024.10.10	03:04:33.470	0.83725	0.83726			6
2024.10.10	03:04:35.824	0.83723	0.83724			6
2024.10.10	03:04:38.302	0.83722	0.83723			6
2024.10.10	03:04:38.623	0.83723	0.83724			6
2024.10.10	03:04:40.144	0.83721	0.83722			6
2024.10.10	03:04:40.448	0.83722	0.83723			6
2024.10.10	03:04:50.022	0.83723	0.83724			6
2024.10.10	03:04:55.587	0.83722	0.83723			6
2024.10.10	03:04:56.882	0.83723	0.83724			6
2024.10.10	03:04:57.187	0.83724	0.83725			6
2024.10.10	03:04:57.499	0.83723	0.83724			6
2024.10.10	03:04:57.803	0.83724	0.83725			6
2024.10.10	03:04:58.106	0.83723	0.83724			6
2024.10.10	03:04:59.377	0.83724	0.83725			6
2024.10.10	03:04:59.719	0.83723	0.83724			6
2024.10.10	03:05:00.023	0.83723				2
2024.10.10	03:05:06.102	0.83724	0.83725			6
2024.10.10	03:05:06.549	0.83723	0.83724			6
2024.10.10	03:05:09.936	0.83722	0.83723			6
2024.10.10	03:05:10.457	0.83721	0.83722			6
2024.10.10	03:05:11.714	0.83720	0.83721			6
2024.10.10	03:05:13.127	0.83721	0.83722			6
2024.10.10	03:05:29.813	0.83722	0.83723			6
2024.10.10	03:05:31.401	0.83723	0.83724			6
2024.10.10	03:05:33.604	0.83722	0.83723			6
2024.10.10	03:05:33.951	0.83723	0.83724			6
2024.10.10	03:05:35.209	0.83722	0.83723			6
2024.10.10	03:05:36.152	0.83723	0.83724			6
2024.10.10	03:05:36.523	0.83724	0.83725			6
2024.10.10	03:05:36.830	0.83723	0.83724			6
2024.10.10	03:05:37.576	0.83724	0.83725			6
2024.10.10	03:05:38.945	0.83723	0.83724			6
2024.10.10	03:05:40.705	0.83722	0.83723			6
2024.10.10	03:05:41.913	0.83723	0.83724			6
2024.10.10	03:05:43.010	0.83722	0.83723			6
2024.10.10	03:05:43.429	0.83723	0.83724			6
2024.10.10	03:05:46.055	0.83722	0.83723			6
2024.10.10	03:05:51.662	0.83721	0.83722			6
2024.10.10	03:05:52.354	0.83723	0.83724			6
2024.10.10	03:05:53.386	0.83722	0.83723			6
2024.10.10	03:05:59.844	0.83721	0.83722			6
2024.10.10	03:06:00.174	0.83722	0.83723			6
2024.10.10	03:06:00.488	0.83721	0.83722			6
2024.10.10	03:06:04.208	0.83722	0.83723			6
2024.10.10	03:06:05.346	0.83721	0.83722			6
2024.10.10	03:06:05.717	0.83722	0.83723			6
2024.10.10	03:06:06.834	0.83721	0.83722			6
2024.10.10	03:06:07.524	0.83720	0.83721			6
2024.10.10	03:06:09.919	0.83719	0.83720			6
2024.10.10	03:06:10.223	0.83720	0.83721			6
2024.10.10	03:06:13.990	0.83719	0.83720			6
2024.10.10	03:06:14.971	0.83720	0.83721			6
2024.10.10	03:06:16.219	0.83719	0.83720			6
2024.10.10	03:06:21.236	0.83720	0.83721			6
2024.10.10	03:06:25.378	0.83719	0.83720			6
2024.10.10	03:06:26.693	0.83718	0.83719			6
2024.10.10	03:06:27.353	0.83719	0.83720			6
2024.10.10	03:06:29.783	0.83718	0.83719			6
2024.10.10	03:06:36.347	0.83717	0.83718			6
2024.10.10	03:06:36.980	0.83718	0.83719			6
2024.10.10	03:06:45.534	0.83719	0.83720			6
2024.10.10	03:06:46.154	0.83718	0.83719			6
2024.10.10	03:06:47.064	0.83719	0.83720			6
2024.10.10	03:06:47.683	0.83718	0.83719			6
2024.10.10	03:06:49.972	0.83719	0.83720			6
2024.10.10	03:06:50.349	0.83718	0.83719			6
2024.10.10	03:06:50.768	0.83719	0.83720			6
2024.10.10	03:06:51.323	0.83718	0.83719			6
2024.10.10	03:06:51.712	0.83719	0.83720			6
2024.10.10	03:06:52.101	0.83718	0.83719			6
2024.10.10	03:06:56.857	0.83719	0.83720			6
2024.10.10	03:06:57.845	0.83718	0.83719			6
2024.10.10	03:06:58.377	0.83719	0.83720			6
2024.10.10	03:07:00.196	0.83718	0.83719			6
2024.10.10	03:07:01.401	0.83719	0.83720			6
2024.10.10	03:07:01.818	0.83718	0.83719			6
2024.10.10	03:07:02.156	0.83719	0.83720			6
2024.10.10	03:07:08.049	0.83718	0.83719			6
2024.10.10	03:07:08.363	0.83719	0.83720			6
2024.10.10	03:07:24.430	0.83718	0.83719			6
2024.10.10	03:07:32.214	0.83719	0.83720			6
2024.10.10	03:07:34.067	0.83720	0.83721			6
2024.10.10	03:07:42.889	0.83719	0.83720			6
2024.10.10	03:07:47.111	0.83720	0.83721			6
2024.10.10	03:07:47.794	0.83719	0.83720			6
2024.10.10	03:07:52.373	0.83720	0.83721			6
2024.10.10	03:08:00.442	0.83720				2
2024.10.10	03:08:01.681	0.83719	0.83720			6
2024.10.10	03:08:02.864	0.83720	0.83721			6
2024.10.10	03:08:11.777	0.83719	0.83720			6
2024.10.10	03:08:28.705	0.83718	0.83719			6
2024.10.10	03:08:32.382	0.83716	0.83717			6
2024.10.10	03:08:38.477	0.83715	0.83716			6
2024.10.10	03:08:46.286	0.83714	0.83715			6
2024.10.10	03:09:00.263	0.83714				2
2024.10.10	03:09:06.391	0.83715	0.83716			6
2024.10.10	03:09:08.654	0.83714	0.83715			6
2024.10.10	03:09:13.458	0.83715	0.83716			6
2024.10.10	03:09:17.091	0.83714	0.83715			6
2024.10.10	03:09:23.705	0.83713	0.83714			6
2024.10.10	03:09:24.238	0.83711	0.83712			6
2024.10.10	03:09:24.550	0.83712	0.83713			6
2024.10.10	03:09:32.164	0.83711	0.83712			6
2024.10.10	03:09:41.803	0.83713	0.83714			6
2024.10.10	03:10:00.166	0.83713				2
2024.10.10	03:10:03.909	0.83712	0.83713			6
2024.10.10	03:10:04.229	0.83711	0.83712			6
2024.10.10	03:10:04.686	0.83712	0.83713			6
2024.10.10	03:10:05.003	0.83711	0.83712			6
2024.10.10	03:10:07.667	0.83712	0.83713			6
2024.10.10	03:10:07.984	0.83711	0.83712			6
2024.10.10	03:10:09.000	0.83712	0.83713			6
2024.10.10	03:10:13.059	0.83713	0.83714			6
2024.10.10	03:10:14.333	0.83712	0.83713			6
2024.10.10	03:10:19.426	0.83713	0.83714			6
2024.10.10	03:10:26.297	0.83710	0.83711			6
2024.10.10	03:10:32.441	0.83709	0.83710			6
2024.10.10	03:10:36.485	0.83708	0.83709			6
2024.10.10	03:10:40.325	0.83709	0.83710			6
2024.10.10	03:10:53.176	0.83708	0.83709			6
2024.10.10	03:10:54.591	0.83709	0.83710			6
2024.10.10	03:10:58.680	0.83708	0.83709			6
2024.10.10	03:10:59.018	0.83709	0.83710			6
2024.10.10	03:11:00.375	0.83709				2
2024.10.10	03:11:01.390	0.83708	0.83709			6
2024.10.10	03:11:03.880	0.83707	0.83708			6
2024.10.10	03:11:05.187	0.83709	0.83710			6
2024.10.10	03:11:07.308	0.83713	0.83714			6
2024.10.10	03:11:09.137	0.83714	0.83715			6
2024.10.10	03:11:15.914	0.83713	0.83714			6
2024.10.10	03:11:16.240	0.83714	0.83715			6
2024.10.10	03:11:16.922	0.83713	0.83714			6
2024.10.10	03:11:20.221	0.83714	0.83715			6
2024.10.10	03:11:22.396	0.83713	0.83714			6
2024.10.10	03:11:28.166	0.83714	0.83715			6
2024.10.10	03:11:28.574	0.83713	0.83714			6
2024.10.10	03:11:29.173	0.83714	0.83715			6
2024.10.10	03:11:30.213	0.83713	0.83714			6
2024.10.10	03:11:33.293	0.83714	0.83715			6
2024.10.10	03:11:34.013	0.83715	0.83716			6
2024.10.10	03:11:34.641	0.83714	0.83715			6
2024.10.10	03:11:38.779	0.83713	0.83714			6
2024.10.10	03:11:39.275	0.83714	0.83715			6
2024.10.10	03:11:39.922	0.83713	0.83714			6
2024.10.10	03:11:40.586	0.83714	0.83715			6
2024.10.10	03:11:41.783	0.83713	0.83714			6
2024.10.10	03:11:42.252	0.83714	0.83715			6
2024.10.10	03:11:46.099	0.83713	0.83714			6
2024.10.10	03:11:46.417	0.83714	0.83715			6
2024.10.10	03:11:52.873	0.83713	0.83714			6
2024.10.10	03:11:53.753	0.83714	0.83715			6
2024.10.10	03:11:55.790	0.83713	0.83714			6
2024.10.10	03:12:00.162	0.83711	0.83712			6
2024.10.10	03:12:03.370	0.83710	0.83711			6
2024.10.10	03:12:08.913	0.83709	0.83710			6
2024.10.10	03:12:09.224	0.83710	0.83711			6
2024.10.10	03:12:09.939	0.83709	0.83710			6
2024.10.10	03:12:10.843	0.83710	0.83711			6
2024.10.10	03:12:11.436	0.83709	0.83710			6
2024.10.10	03:12:12.570	0.83710	0.83711			6
2024.10.10	03:12:14.084	0.83709	0.83710			6
2024.10.10	03:12:19.565	0.83710	0.83711			6
2024.10.10	03:12:20.466	0.83709	0.83710			6
2024.10.10	03:12:20.929	0.83710	0.83711			6
2024.10.10	03:12:22.723	0.83709	0.83710			6
2024.10.10	03:12:24.378	0.83710	0.83711			6
2024.10.10	03:12:33.573	0.83709	0.83710			6
2024.10.10	03:12:43.186	0.83710	0.83711			6
2024.10.10	03:12:44.212	0.83709	0.83710			6
2024.10.10	03:12:45.359	0.83710	0.83711			6
2024.10.10	03:12:49.265	0.83711	0.83712			6
2024.10.10	03:12:49.949	0.83710	0.83711			6
2024.10.10	03:12:50.643	0.83711	0.83712			6
2024.10.10	03:12:51.545	0.83710	0.83711			6
2024.10.10	03:12:51.847	0.83709	0.83710			6
2024.10.10	03:12:53.185	0.83708	0.83709			6
2024.10.10	03:13:00.333	0.83708				2
2024.10.10	03:13:08.705	0.83709	0.83710			6
2024.10.10	03:13:11.363	0.83708	0.83709			6
2024.10.10	03:13:12.326	0.83709	0.83710			6
2024.10.10	03:13:16.201	0.83710	0.83711			6
2024.10.10	03:13:20.726	0.83711	0.83712			6
2024.10.10	03:13:39.090	0.83715	0.83716			6
2024.10.10	03:13:41.862	0.83714	0.83715			6
2024.10.10	03:13:48.343	0.83715	0.83716			6
2024.10.10	03:13:48.928	0.83714	0.83715			6
2024.10.10	03:13:55.251	0.83715	0.83716			6
2024.10.10	03:13:56.060	0.83714	0.83715			6
2024.10.10	03:14:00.178	0.83714				2
2024.10.10	03:14:00.774	0.83715	0.83716			6
2024.10.10	03:14:03.251	0.83714	0.83715			6
2024.10.10	03:14:07.792	0.83715	0.83716			6
2024.10.10	03:14:12.606	0.83714	0.83715			6
2024.10.10	03:14:13.226	0.83715	0.83716			6
2024.10.10	03:14:20.659	0.83716	0.83717			6
2024.10.10	03:14:21.343	0.83715	0.83716			6
2024.10.10	03:14:28.364	0.83714	0.83715			6
2024.10.10	03:14:28.953	0.83715	0.83716			6
2024.10.10	03:14:29.397	0.83714	0.83715			6
2024.10.10	03:14:37.378	0.83715	0.83716			6
2024.10.10	03:14:39.048	0.83716	0.83717			6
2024.10.10	03:14:39.386	0.83715	0.83716			6
2024.10.10	03:14:50.703	0.83716	0.83717			6
2024.10.10	03:14:57.434	0.83715	0.83716			6
2024.10.10	03:14:57.771	0.83716	0.83717			6
2024.10.10	03:15:00.502	0.83716				2
2024.10.10	03:15:00.814	0.83715	0.83716			6
2024.10.10	03:15:01.847	0.83716	0.83717			6
2024.10.10	03:15:08.991	0.83715	0.83716			6
2024.10.10	03:15:20.133	0.83716	0.83717			6
2024.10.10	03:15:31.079	0.83715	0.83716			6
2024.10.10	03:15:31.382	0.83714	0.83715			6
2024.10.10	03:15:38.618	0.83715	0.83716			6
2024.10.10	03:15:39.217	0.83714	0.83715			6
2024.10.10	03:15:41.249	0.83715	0.83716			6
2024.10.10	03:15:46.270	0.83714	0.83715			6
2024.10.10	03:15:48.353	0.83715	0.83716			6
2024.10.10	03:15:53.315	0.83714	0.83715			6
2024.10.10	03:15:56.389	0.83715	0.83716			6
2024.10.10	03:15:56.694	0.83716	0.83717			6
2024.10.10	03:15:58.867	0.83715	0.83716			6
2024.10.10	03:16:00.168	0.83715				2
2024.10.10	03:16:05.412	0.83718	0.83719			6
2024.10.10	03:16:06.231	0.83717	0.83718			6
2024.10.10	03:16:13.270	0.83718	0.83719			6
2024.10.10	03:16:13.587	0.83719	0.83720			6
2024.10.10	03:16:15.042	0.83718	0.83719			6
2024.10.10	03:16:15.360	0.83719	0.83720			6
2024.10.10	03:16:16.047	0.83718	0.83719			6
2024.10.10	03:16:16.420	0.83719	0.83720			6
2024.10.10	03:16:17.220	0.83718	0.83719			6
2024.10.10	03:16:22.259	0.83719	0.83720			6
2024.10.10	03:16:22.574	0.83718	0.83719			6
2024.10.10	03:16:32.642	0.83719	0.83720			6
2024.10.10	03:16:32.977	0.83718	0.83719			6
2024.10.10	03:16:39.596	0.83719	0.83720			6
2024.10.10	03:16:42.327	0.83718	0.83719			6
2024.10.10	03:16:43.194	0.83719	0.83720			6
2024.10.10	03:16:46.061	0.83718	0.83719			6
2024.10.10	03:16:46.772	0.83719	0.83720			6
2024.10.10	03:16:48.619	0.83718	0.83719			6
2024.10.10	03:16:49.274	0.83719	0.83720			6
2024.10.10	03:16:50.148	0.83718	0.83719			6
2024.10.10	03:16:50.634	0.83719	0.83720			6
2024.10.10	03:17:00.340	0.83719				2
2024.10.10	03:17:07.942	0.83718	0.83719			6
2024.10.10	03:17:22.952	0.83719	0.83720			6
2024.10.10	03:17:23.712	0.83718	0.83719			6
2024.10.10	03:17:24.032	0.83719	0.83720			6
2024.10.10	03:17:28.258	0.83718	0.83719			6
2024.10.10	03:17:28.564	0.83719	0.83720			6
2024.10.10	03:17:29.181	0.83718	0.83719			6
2024.10.10	03:17:29.575	0.83719	0.83720			6
2024.10.10	03:17:30.156	0.83718	0.83719			6
2024.10.10	03:17:31.246	0.83719	0.83720			6
2024.10.10	03:17:33.354	0.83718	0.83719			6
2024.10.10	03:17:53.992	0.83719	0.83720			6
2024.10.10	03:17:55.801	0.83718	0.83719			6
2024.10.10	03:17:58.100	0.83719	0.83720			6
2024.10.10	03:17:58.697	0.83718	0.83719			6
2024.10.10	03:18:00.373	0.83718				2
2024.10.10	03:18:03.231	0.83719	0.83720			6
2024.10.10	03:18:22.774	0.83720	0.83721			6
2024.10.10	03:18:23.083	0.83719	0.83720			6
2024.10.10	03:18:29.408	0.83718	0.83719			6
2024.10.10	03:18:39.869	0.83717	0.83718			6
2024.10.10	03:18:40.943	0.83716	0.83717			6
2024.10.10	03:18:43.262	0.83717	0.83718			6
2024.10.10	03:18:49.935	0.83718	0.83719			6
2024.10.10	03:19:00.016	0.83718				2
2024.10.10	03:19:06.967	0.83717	0.83718			6
2024.10.10	03:19:08.142	0.83716	0.83717			6
