<DATE>	<TIME>	<BID>	<ASK>	<LAST>	<VOLUME>	<FLAGS>
2024.09.13	00:00:00.023	0.84359	0.84396			6
2024.09.13	00:00:00.422	0.84317	0.84423			6
2024.09.13	00:00:00.750	0.84326	0.84388			6
2024.09.13	00:00:01.427	0.84328				2
2024.09.13	00:00:05.626	0.84329	0.84389			6
2024.09.13	00:00:30.904	0.84333	0.84403			6
2024.09.13	00:00:35.127	0.84340				2
2024.09.13	00:00:35.533	0.84351				2
2024.09.13	00:00:37.240	0.84330				2
2024.09.13	00:00:49.692		0.84407			4
2024.09.13	00:01:02.436	0.84330				2
2024.09.13	00:01:06.991	0.84337	0.84398			6
2024.09.13	00:01:34.056	0.84343				2
2024.09.13	00:02:02.434	0.84343				2
2024.09.13	00:02:07.002		0.84399			4
2024.09.13	00:02:18.087	0.84329				2
2024.09.13	00:03:00.932	0.84329				2
2024.09.13	00:03:10.879		0.84399			4
2024.09.13	00:03:13.176	0.84344				2
2024.09.13	00:03:16.961		0.84396			4
2024.09.13	00:03:30.215		0.84398			4
2024.09.13	00:04:10.935	0.84344				2
2024.09.13	00:04:25.223	0.84342				2
2024.09.13	00:04:30.253		0.84396			4
2024.09.13	00:05:00.543	0.84347				2
2024.09.13	00:05:30.201		0.84394			4
2024.09.13	00:06:01.778	0.84347				2
2024.09.13	00:06:22.288	0.84346	0.84391			6
2024.09.13	00:07:00.552	0.84346				2
2024.09.13	00:07:30.635	0.84335	0.84389			6
2024.09.13	00:07:41.326	0.84346	0.84394			6
2024.09.13	00:07:43.337	0.84344				2
2024.09.13	00:07:51.699	0.84346				2
2024.09.13	00:08:12.372	0.84346				2
2024.09.13	00:08:41.328		0.84395			4
2024.09.13	00:09:01.636	0.84346				2
2024.09.13	00:09:41.338		0.84395			4
2024.09.13	00:10:00.383	0.84357				2
2024.09.13	00:10:48.212		0.84395			4
2024.09.13	00:11:05.628	0.84357				2
2024.09.13	00:11:49.533		0.84395			4
2024.09.13	00:12:00.631	0.84357				2
2024.09.13	00:12:49.614		0.84395			4
2024.09.13	00:13:10.708	0.84357				2
2024.09.13	00:13:50.633		0.84395			4
2024.09.13	00:13:53.596	0.84358	0.84398			6
2024.09.13	00:14:03.603	0.84358				2
2024.09.13	00:14:20.042	0.84360	0.84400			6
2024.09.13	00:14:38.602	0.84361				2
2024.09.13	00:14:51.562	0.84363				2
2024.09.13	00:14:53.504	0.84364				2
2024.09.13	00:15:00.378	0.84364				2
2024.09.13	00:15:00.841	0.84357	0.84398			6
2024.09.13	00:15:16.184	0.84355				2
2024.09.13	00:15:16.532	0.84359				2
2024.09.13	00:15:19.534	0.84355				2
2024.09.13	00:15:26.589	0.84352	0.84390			6
2024.09.13	00:15:49.390	0.84350				2
2024.09.13	00:16:07.102	0.84350				2
2024.09.13	00:16:16.971	0.84351				2
2024.09.13	00:16:18.507	0.84352				2
2024.09.13	00:16:26.784		0.84390			4
2024.09.13	00:16:49.753	0.84354				2
2024.09.13	00:17:00.369	0.84354				2
2024.09.13	00:17:32.430		0.84390			4
2024.09.13	00:18:09.449	0.84354				2
2024.09.13	00:18:18.759	0.84352				2
2024.09.13	00:18:33.502		0.84390			4
2024.09.13	00:18:43.386	0.84351				2
2024.09.13	00:19:02.016	0.84351				2
2024.09.13	00:19:06.543	0.84352				2
2024.09.13	00:19:31.052	0.84351				2
2024.09.13	00:19:58.620		0.84390			4
2024.09.13	00:20:05.618	0.84351				2
2024.09.13	00:21:06.507	0.84352	0.84390			6
2024.09.13	00:22:01.582	0.84352				2
2024.09.13	00:22:10.057		0.84390			4
2024.09.13	00:23:01.008	0.84352				2
2024.09.13	00:23:11.160		0.84390			4
2024.09.13	00:24:04.407	0.84352				2
2024.09.13	00:24:12.434		0.84390			4
2024.09.13	00:25:00.314	0.84352				2
2024.09.13	00:25:13.774		0.84390			4
2024.09.13	00:25:23.069	0.84354				2
2024.09.13	00:25:27.191		0.84398			4
2024.09.13	00:25:57.357	0.84355	0.84399			6
2024.09.13	00:26:00.158	0.84355				2
2024.09.13	00:26:26.596		0.84391			4
2024.09.13	00:27:00.806	0.84355				2
2024.09.13	00:27:17.605	0.84354				2
2024.09.13	00:27:27.358		0.84391			4
2024.09.13	00:27:38.670	0.84353				2
2024.09.13	00:28:01.601	0.84353				2
2024.09.13	00:28:15.085	0.84351				2
2024.09.13	00:28:27.503		0.84391			4
2024.09.13	00:29:00.395	0.84351				2
2024.09.13	00:29:27.813		0.84391			4
2024.09.13	00:29:40.231	0.84352				2
2024.09.13	00:29:52.684	0.84354	0.84393			6
2024.09.13	00:30:00.381	0.84354				2
2024.09.13	00:30:00.683	0.84348	0.84390			6
2024.09.13	00:30:08.635	0.84349				2
2024.09.13	00:31:04.151	0.84349	0.84390			6
2024.09.13	00:32:00.668	0.84349				2
2024.09.13	00:32:10.196		0.84390			4
2024.09.13	00:33:00.724	0.84349				2
2024.09.13	00:33:10.668		0.84390			4
2024.09.13	00:34:00.724	0.84349				2
2024.09.13	00:34:02.166	0.84353				2
2024.09.13	00:34:11.467		0.84390			4
2024.09.13	00:34:23.657	0.84352				2
2024.09.13	00:34:36.463	0.84349				2
2024.09.13	00:34:48.131	0.84348				2
2024.09.13	00:34:55.548	0.84342				2
2024.09.13	00:34:56.037	0.84344				2
2024.09.13	00:35:00.698	0.84348				2
2024.09.13	00:35:12.317		0.84390			4
2024.09.13	00:35:37.839	0.84349				2
2024.09.13	00:36:00.097	0.84349				2
2024.09.13	00:36:01.066	0.84345				2
2024.09.13	00:36:12.350		0.84390			4
2024.09.13	00:36:24.172	0.84338	0.84389			6
2024.09.13	00:36:28.639	0.84337	0.84390			6
2024.09.13	00:36:36.208	0.84336				2
2024.09.13	00:36:42.144	0.84338	0.84389			6
2024.09.13	00:36:46.989	0.84342				2
2024.09.13	00:36:48.787	0.84349	0.84390			6
2024.09.13	00:36:54.805	0.84350				2
2024.09.13	00:37:00.672	0.84350				2
2024.09.13	00:37:05.868	0.84351				2
2024.09.13	00:37:25.747		0.84392			4
2024.09.13	00:37:27.233	0.84348	0.84390			6
2024.09.13	00:37:37.317	0.84350				2
2024.09.13	00:38:00.872	0.84350				2
2024.09.13	00:38:27.235		0.84390			4
2024.09.13	00:38:36.132	0.84348				2
2024.09.13	00:38:36.474	0.84350				2
2024.09.13	00:39:00.872	0.84350				2
2024.09.13	00:39:12.990	0.84351	0.84394			6
2024.09.13	00:39:18.656	0.84350	0.84392			6
2024.09.13	00:39:30.654	0.84349				2
2024.09.13	00:40:01.068	0.84349				2
2024.09.13	00:40:17.909	0.84348	0.84390			6
2024.09.13	00:40:20.055	0.84345				2
2024.09.13	00:40:24.025	0.84348				2
2024.09.13	00:40:28.355	0.84349	0.84392			6
2024.09.13	00:41:06.641	0.84349				2
2024.09.13	00:41:23.448	0.84348				2
2024.09.13	00:41:28.447		0.84391			4
2024.09.13	00:42:01.717	0.84348				2
2024.09.13	00:42:28.512		0.84391			4
2024.09.13	00:43:00.805	0.84349				2
2024.09.13	00:43:30.470	0.84350	0.84391			6
2024.09.13	00:43:33.638	0.84351				2
2024.09.13	00:43:47.167	0.84352				2
2024.09.13	00:44:00.451	0.84352				2
2024.09.13	00:44:01.482	0.84350				2
2024.09.13	00:44:05.184	0.84351				2
2024.09.13	00:44:30.812		0.84391			4
2024.09.13	00:44:34.385	0.84350				2
2024.09.13	00:45:01.772	0.84346	0.84390			6
2024.09.13	00:45:03.232	0.84350	0.84391			6
2024.09.13	00:45:06.622	0.84362	0.84379			6
2024.09.13	00:45:29.732	0.84363				2
2024.09.13	00:46:00.248	0.84363				2
2024.09.13	00:46:09.316		0.84379			4
2024.09.13	00:46:26.911	0.84362				2
2024.09.13	00:46:59.859	0.84363				2
2024.09.13	00:47:01.760	0.84358	0.84376			6
2024.09.13	00:47:03.213	0.84363	0.84390			6
2024.09.13	00:47:12.135	0.84362				2
2024.09.13	00:47:21.519		0.84391			4
2024.09.13	00:47:43.109	0.84363				2
2024.09.13	00:47:54.125	0.84361	0.84385			6
2024.09.13	00:48:11.195	0.84361				2
2024.09.13	00:48:28.451		0.84378			4
2024.09.13	00:48:42.669	0.84363	0.84379			6
2024.09.13	00:48:45.985	0.84362				2
2024.09.13	00:48:46.820	0.84363				2
2024.09.13	00:49:08.584	0.84363				2
2024.09.13	00:49:43.682		0.84379			4
2024.09.13	00:49:47.375		0.84381			4
2024.09.13	00:50:00.528	0.84363				2
2024.09.13	00:50:05.057	0.84359				2
2024.09.13	00:50:16.113	0.84360				2
2024.09.13	00:50:48.810		0.84381			4
2024.09.13	00:51:02.751	0.84360				2
2024.09.13	00:51:45.222	0.84361				2
2024.09.13	00:51:48.174		0.84384			4
2024.09.13	00:51:50.586	0.84363	0.84383			6
2024.09.13	00:52:02.004	0.84363				2
2024.09.13	00:52:03.803	0.84364				2
2024.09.13	00:52:15.622	0.84368	0.84385			6
2024.09.13	00:52:26.689	0.84370	0.84389			6
2024.09.13	00:52:30.807	0.84371				2
2024.09.13	00:52:36.219	0.84370				2
2024.09.13	00:52:51.637	0.84369				2
2024.09.13	00:53:00.004	0.84369				2
2024.09.13	00:53:01.794		0.84382			4
2024.09.13	00:53:07.398	0.84370	0.84386			6
2024.09.13	00:54:00.211	0.84370				2
2024.09.13	00:54:07.552		0.84386			4
2024.09.13	00:54:41.998	0.84368				2
2024.09.13	00:54:45.491	0.84371				2
2024.09.13	00:54:51.003	0.84370				2
2024.09.13	00:55:02.548	0.84370				2
2024.09.13	00:55:07.709		0.84389			4
2024.09.13	00:55:19.402	0.84371				2
2024.09.13	00:55:44.315		0.84388			4
2024.09.13	00:56:07.410	0.84371				2
2024.09.13	00:56:57.204		0.84388			4
2024.09.13	00:57:05.524	0.84371				2
2024.09.13	00:57:21.809		0.84387			4
2024.09.13	00:57:50.186	0.84372	0.84388			6
2024.09.13	00:57:51.195	0.84371	0.84387			6
2024.09.13	00:58:00.364	0.84371				2
2024.09.13	00:58:04.680	0.84369	0.84389			6
2024.09.13	00:58:07.420	0.84371	0.84387			6
2024.09.13	00:58:30.440	0.84372	0.84389			6
2024.09.13	00:58:49.971		0.84388			4
2024.09.13	00:59:10.354	0.84372				2
2024.09.13	00:59:40.522	0.84371	0.84387			6
2024.09.13	01:00:00.318	0.84372	0.84388			6
2024.09.13	01:00:00.669	0.84374	0.84391			6
2024.09.13	01:00:00.982		0.84392			4
2024.09.13	01:00:01.286	0.84377	0.84393			6
2024.09.13	01:00:01.588	0.84376				2
2024.09.13	01:00:01.924	0.84371	0.84391			6
2024.09.13	01:00:02.937	0.84372				2
2024.09.13	01:00:03.701	0.84376	0.84393			6
2024.09.13	01:00:04.376	0.84375				2
2024.09.13	01:00:06.314	0.84376				2
2024.09.13	01:00:06.692	0.84377				2
2024.09.13	01:00:07.052	0.84376	0.84389			6
2024.09.13	01:00:07.689	0.84362	0.84380			6
2024.09.13	01:00:08.003	0.84361				2
2024.09.13	01:00:08.655	0.84360				2
2024.09.13	01:00:11.821	0.84364	0.84382			6
2024.09.13	01:00:13.284	0.84366				2
2024.09.13	01:00:13.916	0.84367				2
2024.09.13	01:00:14.333	0.84366				2
2024.09.13	01:00:14.761		0.84379			4
2024.09.13	01:00:16.199		0.84382			4
2024.09.13	01:00:16.503	0.84363				2
2024.09.13	01:00:18.715	0.84364				2
2024.09.13	01:00:20.853	0.84362	0.84377			6
2024.09.13	01:00:28.632	0.84363				2
2024.09.13	01:00:34.133	0.84364				2
2024.09.13	01:00:35.422	0.84362	0.84376			6
2024.09.13	01:00:36.756	0.84364	0.84377			6
2024.09.13	01:00:37.155	0.84362				2
2024.09.13	01:00:40.107	0.84363				2
2024.09.13	01:00:46.104	0.84362	0.84378			6
2024.09.13	01:00:46.421	0.84364				2
2024.09.13	01:00:55.316		0.84379			4
2024.09.13	01:00:56.946	0.84363				2
2024.09.13	01:01:00.318	0.84363	0.84378			6
2024.09.13	01:01:00.803	0.84364	0.84377			6
2024.09.13	01:01:02.431	0.84358	0.84371			6
2024.09.13	01:01:02.776	0.84361	0.84376			6
2024.09.13	01:01:03.091		0.84374			4
2024.09.13	01:01:08.799		0.84375			4
2024.09.13	01:01:14.048		0.84371			4
2024.09.13	01:01:41.607	0.84362				2
2024.09.13	01:01:51.959		0.84372			4
2024.09.13	01:01:52.284		0.84375			4
2024.09.13	01:01:54.241	0.84361				2
2024.09.13	01:02:00.873	0.84361				2
2024.09.13	01:02:03.210	0.84362	0.84374			6
2024.09.13	01:02:08.755	0.84363	0.84379			6
2024.09.13	01:02:09.508	0.84365	0.84378			6
2024.09.13	01:02:16.213		0.84377			4
2024.09.13	01:02:29.017	0.84364				2
2024.09.13	01:02:29.373	0.84366				2
2024.09.13	01:02:30.401	0.84362	0.84374			6
2024.09.13	01:02:30.806	0.84360				2
2024.09.13	01:02:37.217	0.84364	0.84372			6
2024.09.13	01:02:41.293	0.84361	0.84371			6
2024.09.13	01:03:00.416	0.84361				2
2024.09.13	01:03:05.932		0.84370			4
2024.09.13	01:03:07.387		0.84371			4
2024.09.13	01:03:08.023	0.84360				2
2024.09.13	01:03:09.102	0.84362	0.84372			6
2024.09.13	01:03:09.649	0.84361				2
2024.09.13	01:03:17.233	0.84362				2
2024.09.13	01:03:57.934	0.84361	0.84373			6
2024.09.13	01:03:58.403	0.84362				2
2024.09.13	01:04:01.627	0.84366	0.84376			6
2024.09.13	01:04:02.287	0.84367				2
2024.09.13	01:04:02.708	0.84366	0.84375			6
2024.09.13	01:04:06.985	0.84368	0.84377			6
2024.09.13	01:04:35.290	0.84366	0.84376			6
2024.09.13	01:04:36.904	0.84367				2
2024.09.13	01:04:47.231		0.84375			4
2024.09.13	01:04:53.904	0.84363	0.84370			6
2024.09.13	01:04:54.231		0.84368			4
2024.09.13	01:04:54.676	0.84362				2
2024.09.13	01:04:55.557	0.84363				2
2024.09.13	01:05:00.163	0.84363	0.84369			6
2024.09.13	01:05:00.642	0.84365				2
2024.09.13	01:05:01.635		0.84368			4
2024.09.13	01:05:09.500	0.84364				2
2024.09.13	01:05:10.468	0.84365				2
2024.09.13	01:05:12.203		0.84369			4
2024.09.13	01:05:32.403	0.84364	0.84368			6
2024.09.13	01:05:52.172	0.84363				2
2024.09.13	01:06:00.856	0.84363				2
2024.09.13	01:06:01.163	0.84361	0.84366			6
2024.09.13	01:06:01.734	0.84366	0.84372			6
2024.09.13	01:06:02.065	0.84367				2
2024.09.13	01:06:09.082	0.84365				2
2024.09.13	01:06:11.089	0.84367	0.84370			6
2024.09.13	01:06:44.379	0.84366				2
2024.09.13	01:06:59.244	0.84364				2
2024.09.13	01:07:00.546	0.84364				2
2024.09.13	01:07:07.373	0.84362	0.84366			6
2024.09.13	01:07:23.398	0.84363	0.84369			6
2024.09.13	01:07:32.488		0.84368			4
2024.09.13	01:07:33.776		0.84367			4
2024.09.13	01:07:34.369	0.84364	0.84366			6
2024.09.13	01:07:34.933	0.84362				2
2024.09.13	01:07:36.887	0.84365	0.84368			6
2024.09.13	01:07:41.101	0.84366	0.84369			6
2024.09.13	01:08:01.169	0.84366				2
2024.09.13	01:08:42.431		0.84369			4
2024.09.13	01:09:02.303	0.84366				2
2024.09.13	01:09:09.706	0.84369	0.84371			6
2024.09.13	01:09:10.624	0.84368	0.84370			6
2024.09.13	01:09:11.484		0.84369			4
2024.09.13	01:09:12.927	0.84367				2
2024.09.13	01:09:14.230	0.84370	0.84372			6
2024.09.13	01:09:23.768	0.84371				2
2024.09.13	01:09:28.490	0.84370				2
2024.09.13	01:09:29.648	0.84369	0.84374			6
2024.09.13	01:09:33.204		0.84373			4
2024.09.13	01:09:35.617		0.84370			4
2024.09.13	01:09:58.657	0.84366				2
2024.09.13	01:09:58.985	0.84367	0.84371			6
2024.09.13	01:09:59.721	0.84368				2
2024.09.13	01:10:00.202	0.84368	0.84372			6
2024.09.13	01:10:06.304	0.84367	0.84371			6
2024.09.13	01:10:09.572		0.84369			4
2024.09.13	01:10:10.181	0.84366				2
2024.09.13	01:10:13.582	0.84367				2
2024.09.13	01:10:13.969	0.84364	0.84367			6
2024.09.13	01:10:23.276	0.84366	0.84368			6
2024.09.13	01:10:24.038	0.84367				2
2024.09.13	01:11:00.876	0.84367				2
2024.09.13	01:11:19.697	0.84364	0.84365			6
2024.09.13	01:11:20.303	0.84365	0.84366			6
2024.09.13	01:11:33.381	0.84362	0.84368			6
2024.09.13	01:11:40.052	0.84364				2
2024.09.13	01:11:42.401	0.84363				2
2024.09.13	01:11:48.728	0.84364				2
2024.09.13	01:11:49.089	0.84365	0.84367			6
2024.09.13	01:11:56.922	0.84360	0.84368			6
2024.09.13	01:11:57.224	0.84362				2
2024.09.13	01:12:00.016	0.84362				2
2024.09.13	01:12:01.595	0.84363				2
2024.09.13	01:12:03.320	0.84366	0.84367			6
2024.09.13	01:12:30.619	0.84365				2
2024.09.13	01:12:59.380	0.84364	0.84366			6
2024.09.13	01:13:00.171	0.84364	0.84367			6
2024.09.13	01:13:04.925	0.84363	0.84368			6
2024.09.13	01:13:07.220	0.84364				2
2024.09.13	01:13:15.581	0.84363				2
2024.09.13	01:13:16.101	0.84364	0.84367			6
2024.09.13	01:13:20.460	0.84363				2
2024.09.13	01:13:21.193	0.84362				2
2024.09.13	01:13:25.212	0.84358	0.84366			6
2024.09.13	01:13:28.383	0.84359				2
2024.09.13	01:13:30.338	0.84361				2
2024.09.13	01:13:30.866	0.84362				2
2024.09.13	01:13:36.319	0.84363				2
2024.09.13	01:13:43.629	0.84361	0.84367			6
2024.09.13	01:13:54.383		0.84366			4
2024.09.13	01:14:01.664	0.84361				2
2024.09.13	01:14:06.594	0.84363	0.84367			6
2024.09.13	01:14:12.877	0.84364				2
2024.09.13	01:14:14.037	0.84361				2
2024.09.13	01:14:29.840	0.84362				2
2024.09.13	01:15:00.136	0.84363				2
2024.09.13	01:15:02.912	0.84362	0.84366			6
2024.09.13	01:15:03.444	0.84360				2
2024.09.13	01:15:03.981	0.84359				2
2024.09.13	01:15:04.706	0.84360	0.84365			6
2024.09.13	01:15:09.799		0.84364			4
2024.09.13	01:15:34.134		0.84362			4
2024.09.13	01:15:37.019	0.84361				2
2024.09.13	01:15:46.602	0.84360	0.84364			6
2024.09.13	01:16:01.806	0.84360				2
2024.09.13	01:16:32.505	0.84359				2
2024.09.13	01:16:48.807		0.84364			4
2024.09.13	01:17:00.034	0.84359				2
2024.09.13	01:17:29.586		0.84366			4
2024.09.13	01:17:34.576	0.84358	0.84364			6
2024.09.13	01:17:36.328	0.84357				2
2024.09.13	01:17:36.754	0.84360	0.84365			6
2024.09.13	01:17:43.664	0.84359				2
2024.09.13	01:17:52.412		0.84366			4
2024.09.13	01:18:00.512	0.84359				2
2024.09.13	01:18:04.884	0.84360				2
2024.09.13	01:18:05.491		0.84365			4
2024.09.13	01:18:14.994	0.84357	0.84364			6
2024.09.13	01:18:41.495	0.84356	0.84363			6
2024.09.13	01:18:43.684	0.84359				2
2024.09.13	01:18:44.182	0.84362				2
2024.09.13	01:18:44.505	0.84361	0.84362			6
2024.09.13	01:19:01.367	0.84361				2
2024.09.13	01:19:30.770	0.84362	0.84363			6
2024.09.13	01:19:57.076	0.84363	0.84364			6
2024.09.13	01:20:00.332	0.84363				2
2024.09.13	01:20:01.124	0.84360	0.84362			6
2024.09.13	01:20:01.426	0.84358				2
2024.09.13	01:20:02.050	0.84360	0.84361			6
2024.09.13	01:20:02.366	0.84359	0.84360			6
2024.09.13	01:20:07.555	0.84354	0.84359			6
2024.09.13	01:20:13.044	0.84353				2
2024.09.13	01:20:18.597	0.84352	0.84358			6
2024.09.13	01:20:19.719		0.84359			4
2024.09.13	01:20:23.133	0.84353				2
2024.09.13	01:20:34.470	0.84356	0.84358			6
2024.09.13	01:20:43.235	0.84357				2
2024.09.13	01:20:48.697	0.84356	0.84357			6
2024.09.13	01:20:49.386	0.84357	0.84358			6
2024.09.13	01:20:57.688	0.84356	0.84357			6
2024.09.13	01:20:58.009	0.84357	0.84358			6
2024.09.13	01:21:00.137	0.84357				2
2024.09.13	01:21:07.434	0.84356	0.84357			6
2024.09.13	01:21:07.910	0.84357	0.84358			6
2024.09.13	01:21:17.759	0.84356	0.84357			6
2024.09.13	01:21:18.328	0.84357	0.84358			6
2024.09.13	01:21:19.359	0.84353	0.84356			6
2024.09.13	01:21:20.498	0.84352				2
2024.09.13	01:21:21.507		0.84355			4
2024.09.13	01:21:28.737	0.84353	0.84354			6
2024.09.13	01:21:43.297	0.84354	0.84356			6
2024.09.13	01:21:44.260	0.84352				2
2024.09.13	01:21:48.247	0.84351	0.84355			6
2024.09.13	01:21:52.257	0.84354				2
2024.09.13	01:22:00.874	0.84354				2
2024.09.13	01:22:05.669	0.84351	0.84356			6
2024.09.13	01:22:05.974	0.84350				2
2024.09.13	01:22:08.450		0.84354			4
2024.09.13	01:22:08.810	0.84352				2
2024.09.13	01:22:13.534	0.84351				2
2024.09.13	01:22:17.593	0.84352	0.84353			6
2024.09.13	01:22:17.903		0.84354			4
2024.09.13	01:22:20.851	0.84353				2
2024.09.13	01:22:22.514	0.84352	0.84353			6
2024.09.13	01:22:24.067	0.84353	0.84354			6
2024.09.13	01:22:27.695	0.84352	0.84353			6
2024.09.13	01:22:29.752	0.84351				2
2024.09.13	01:22:33.807		0.84354			4
2024.09.13	01:22:50.137	0.84352				2
2024.09.13	01:22:50.662	0.84350				2
2024.09.13	01:22:52.040	0.84351				2
2024.09.13	01:22:59.594	0.84350				2
2024.09.13	01:22:59.904	0.84353	0.84355			6
2024.09.13	01:23:00.226	0.84353				2
2024.09.13	01:23:00.596	0.84350	0.84356			6
2024.09.13	01:23:03.555	0.84353	0.84354			6
2024.09.13	01:23:42.376	0.84354	0.84355			6
2024.09.13	01:24:00.154	0.84354				2
2024.09.13	01:24:39.033	0.84353	0.84354			6
2024.09.13	01:24:47.173	0.84351				2
2024.09.13	01:24:49.132		0.84353			4
2024.09.13	01:24:50.399	0.84353	0.84354			6
2024.09.13	01:24:50.871	0.84351				2
2024.09.13	01:24:51.726	0.84352	0.84353			6
2024.09.13	01:25:00.640	0.84352				2
2024.09.13	01:25:23.233	0.84353	0.84354			6
2024.09.13	01:25:23.544	0.84352	0.84353			6
2024.09.13	01:25:27.892	0.84351				2
2024.09.13	01:25:30.072	0.84353	0.84354			6
2024.09.13	01:25:35.289	0.84351	0.84352			6
2024.09.13	01:25:41.279	0.84350	0.84351			6
2024.09.13	01:25:43.025	0.84351	0.84352			6
2024.09.13	01:25:43.712	0.84350	0.84351			6
2024.09.13	01:26:00.154	0.84350				2
2024.09.13	01:26:13.543	0.84349	0.84350			6
2024.09.13	01:27:00.103	0.84349				2
2024.09.13	01:27:03.609	0.84350	0.84351			6
2024.09.13	01:27:03.916	0.84349	0.84350			6
2024.09.13	01:27:04.222	0.84350	0.84351			6
2024.09.13	01:27:22.967	0.84349	0.84350			6
2024.09.13	01:27:29.615	0.84350	0.84351			6
2024.09.13	01:27:32.044	0.84349	0.84350			6
2024.09.13	01:28:00.377	0.84349				2
2024.09.13	01:28:16.647	0.84348				2
2024.09.13	01:28:19.611		0.84349			4
2024.09.13	01:28:20.063	0.84349	0.84350			6
2024.09.13	01:28:29.628	0.84347				2
2024.09.13	01:28:30.117		0.84351			4
2024.09.13	01:28:30.858	0.84349	0.84350			6
2024.09.13	01:28:49.075	0.84347				2
2024.09.13	01:28:55.265	0.84349				2
2024.09.13	01:29:00.707	0.84349				2
2024.09.13	01:29:20.766	0.84350	0.84351			6
2024.09.13	01:29:21.382	0.84351	0.84352			6
2024.09.13	01:29:24.719	0.84350	0.84351			6
2024.09.13	01:30:00.310	0.84350				2
2024.09.13	01:30:01.835	0.84348	0.84350			6
2024.09.13	01:30:03.329	0.84350	0.84351			6
2024.09.13	01:30:06.079	0.84351	0.84352			6
2024.09.13	01:30:06.916	0.84352	0.84353			6
2024.09.13	01:30:07.591	0.84353	0.84354			6
2024.09.13	01:30:08.598	0.84354	0.84355			6
2024.09.13	01:30:10.881	0.84353	0.84354			6
2024.09.13	01:30:13.879	0.84351	0.84352			6
2024.09.13	01:30:14.211	0.84352	0.84353			6
2024.09.13	01:30:14.964	0.84353	0.84354			6
2024.09.13	01:30:16.111	0.84355	0.84356			6
2024.09.13	01:30:20.785	0.84354	0.84355			6
2024.09.13	01:30:23.017	0.84355	0.84356			6
2024.09.13	01:30:39.070	0.84356	0.84357			6
2024.09.13	01:30:56.412	0.84355	0.84356			6
2024.09.13	01:31:00.487	0.84355				2
2024.09.13	01:31:04.452	0.84354	0.84355			6
2024.09.13	01:31:07.392	0.84355	0.84356			6
2024.09.13	01:32:01.605	0.84355				2
2024.09.13	01:32:07.610		0.84356			4
2024.09.13	01:32:13.412	0.84356	0.84357			6
2024.09.13	01:32:20.330	0.84355	0.84356			6
2024.09.13	01:32:53.121	0.84356	0.84357			6
2024.09.13	01:33:00.407	0.84356				2
2024.09.13	01:33:04.252	0.84355	0.84356			6
2024.09.13	01:33:27.086	0.84353	0.84354			6
2024.09.13	01:33:27.431	0.84354	0.84355			6
2024.09.13	01:33:57.922	0.84355	0.84356			6
2024.09.13	01:34:00.325	0.84355				2
2024.09.13	01:34:08.174	0.84356	0.84357			6
2024.09.13	01:34:08.483	0.84355	0.84356			6
2024.09.13	01:34:30.959	0.84356	0.84357			6
2024.09.13	01:34:32.640	0.84355	0.84356			6
2024.09.13	01:34:42.186	0.84356	0.84357			6
2024.09.13	01:34:45.749	0.84357	0.84358			6
2024.09.13	01:34:47.979	0.84358	0.84359			6
2024.09.13	01:34:54.084	0.84359	0.84360			6
2024.09.13	01:35:00.367	0.84359				2
2024.09.13	01:35:03.399	0.84358	0.84359			6
2024.09.13	01:35:11.114	0.84359	0.84360			6
2024.09.13	01:35:19.461	0.84360	0.84361			6
2024.09.13	01:35:19.763	0.84359				2
2024.09.13	01:35:23.702		0.84360			4
2024.09.13	01:35:30.010	0.84360	0.84361			6
2024.09.13	01:35:31.688	0.84361	0.84362			6
2024.09.13	01:35:35.032	0.84363	0.84364			6
2024.09.13	01:35:36.360	0.84362	0.84363			6
2024.09.13	01:35:37.319	0.84361	0.84362			6
2024.09.13	01:35:48.303	0.84360	0.84361			6
2024.09.13	01:35:49.175	0.84361	0.84362			6
2024.09.13	01:35:49.538	0.84362	0.84363			6
2024.09.13	01:35:49.873	0.84361	0.84362			6
2024.09.13	01:35:59.759	0.84363	0.84364			6
2024.09.13	01:36:00.061	0.84362	0.84363			6
2024.09.13	01:36:06.112	0.84360	0.84361			6
2024.09.13	01:36:06.413	0.84361	0.84362			6
2024.09.13	01:36:10.330	0.84360	0.84361			6
2024.09.13	01:36:43.817	0.84359	0.84360			6
2024.09.13	01:36:47.907	0.84360	0.84361			6
2024.09.13	01:36:57.693	0.84361	0.84362			6
2024.09.13	01:37:00.636	0.84361				2
2024.09.13	01:37:06.098	0.84360	0.84361			6
2024.09.13	01:37:13.972	0.84359	0.84360			6
2024.09.13	01:37:55.834	0.84358	0.84359			6
2024.09.13	01:37:56.139	0.84359	0.84360			6
2024.09.13	01:37:56.469	0.84358	0.84359			6
2024.09.13	01:38:00.368	0.84358				2
2024.09.13	01:38:06.368	0.84360	0.84361			6
2024.09.13	01:38:14.777	0.84361	0.84362			6
2024.09.13	01:38:15.185	0.84360	0.84361			6
2024.09.13	01:39:00.678	0.84359	0.84360			6
2024.09.13	01:39:04.391	0.84360	0.84361			6
2024.09.13	01:39:43.772	0.84359	0.84362			6
2024.09.13	01:39:44.331		0.84361			4
2024.09.13	01:39:45.487		0.84360			4
2024.09.13	01:39:47.071	0.84360	0.84361			6
2024.09.13	01:39:47.385	0.84361	0.84362			6
2024.09.13	01:39:49.713	0.84362	0.84363			6
2024.09.13	01:39:55.839	0.84363	0.84364			6
2024.09.13	01:39:58.968	0.84362				2
2024.09.13	01:40:01.427	0.84362				2
2024.09.13	01:40:06.664		0.84365			4
2024.09.13	01:40:07.078	0.84363	0.84364			6
2024.09.13	01:40:16.260	0.84360	0.84361			6
2024.09.13	01:41:02.117	0.84359	0.84360			6
2024.09.13	01:41:03.061	0.84360	0.84361			6
2024.09.13	01:41:12.216	0.84361	0.84362			6
2024.09.13	01:41:30.647	0.84362	0.84363			6
2024.09.13	01:41:55.707	0.84360	0.84361			6
2024.09.13	01:42:01.662	0.84361	0.84362			6
2024.09.13	01:42:02.864	0.84360	0.84361			6
2024.09.13	01:42:28.260	0.84361	0.84362			6
2024.09.13	01:42:30.371	0.84363	0.84364			6
2024.09.13	01:42:30.702	0.84366	0.84367			6
2024.09.13	01:42:31.448	0.84365	0.84366			6
2024.09.13	01:42:32.217	0.84364	0.84365			6
2024.09.13	01:42:36.782	0.84365	0.84366			6
2024.09.13	01:42:47.693	0.84366	0.84367			6
2024.09.13	01:42:57.520	0.84367	0.84368			6
2024.09.13	01:43:03.136	0.84367				2
2024.09.13	01:43:07.049	0.84368	0.84369			6
2024.09.13	01:43:10.751	0.84369	0.84370			6
2024.09.13	01:43:54.411	0.84367	0.84368			6
2024.09.13	01:43:57.052	0.84369	0.84370			6
2024.09.13	01:44:02.202	0.84369				2
2024.09.13	01:44:55.580	0.84368	0.84369			6
2024.09.13	01:45:00.381	0.84368				2
2024.09.13	01:45:07.882	0.84369	0.84370			6
2024.09.13	01:45:10.294	0.84368	0.84369			6
2024.09.13	01:45:34.286	0.84367	0.84368			6
2024.09.13	01:45:39.463	0.84366	0.84367			6
2024.09.13	01:45:41.490	0.84365	0.84366			6
2024.09.13	01:46:01.559	0.84365				2
2024.09.13	01:46:06.485	0.84364	0.84365			6
2024.09.13	01:46:11.780	0.84363	0.84366			6
2024.09.13	01:46:14.371		0.84364			4
2024.09.13	01:46:24.567	0.84362				2
2024.09.13	01:46:58.508	0.84363				2
2024.09.13	01:47:00.075	0.84363				2
2024.09.13	01:47:17.175		0.84364			4
2024.09.13	01:47:19.281	0.84362	0.84363			6
2024.09.13	01:47:25.754	0.84359	0.84361			6
2024.09.13	01:47:31.535		0.84360			4
2024.09.13	01:48:00.772	0.84359				2
2024.09.13	01:48:31.654		0.84360			4
2024.09.13	01:48:39.352	0.84360	0.84361			6
2024.09.13	01:48:47.373	0.84359	0.84360			6
2024.09.13	01:49:05.097	0.84359				2
2024.09.13	01:49:09.517	0.84358	0.84359			6
2024.09.13	01:49:51.365	0.84359	0.84360			6
2024.09.13	01:49:57.109	0.84360	0.84361			6
2024.09.13	01:50:01.276	0.84360				2
2024.09.13	01:50:13.596	0.84362	0.84363			6
2024.09.13	01:51:05.375	0.84362				2
2024.09.13	01:51:07.792	0.84363	0.84364			6
2024.09.13	01:51:09.462	0.84364	0.84365			6
2024.09.13	01:51:39.384	0.84363	0.84364			6
2024.09.13	01:51:39.683	0.84364	0.84365			6
2024.09.13	01:51:54.422	0.84363	0.84364			6
2024.09.13	01:52:01.820	0.84363				2
2024.09.13	01:52:02.123	0.84361	0.84362			6
2024.09.13	01:52:07.172	0.84360	0.84361			6
2024.09.13	01:53:02.223	0.84360				2
2024.09.13	01:53:07.901		0.84361			4
2024.09.13	01:53:47.637	0.84359	0.84360			6
2024.09.13	01:54:03.576	0.84359				2
2024.09.13	01:54:50.260		0.84360			4
2024.09.13	01:55:01.176	0.84359				2
2024.09.13	01:55:23.681	0.84358	0.84359			6
2024.09.13	01:55:26.600	0.84359	0.84360			6
2024.09.13	01:55:53.446	0.84358	0.84359			6
2024.09.13	01:56:00.562	0.84358				2
2024.09.13	01:56:04.332	0.84359	0.84360			6
2024.09.13	01:56:07.626	0.84358	0.84359			6
2024.09.13	01:57:00.477	0.84358				2
2024.09.13	01:57:07.071	0.84359	0.84360			6
2024.09.13	01:57:29.071	0.84358	0.84359			6
2024.09.13	01:57:33.279	0.84360	0.84361			6
2024.09.13	01:58:00.876	0.84360				2
2024.09.13	01:58:17.524	0.84359	0.84360			6
2024.09.13	01:58:18.250	0.84360	0.84361			6
2024.09.13	01:58:38.543	0.84359	0.84360			6
2024.09.13	01:59:00.426	0.84358	0.84359			6
2024.09.13	01:59:09.681	0.84359	0.84360			6
2024.09.13	01:59:15.611	0.84358	0.84359			6
2024.09.13	01:59:36.206	0.84360	0.84361			6
2024.09.13	01:59:45.376	0.84361	0.84362			6
2024.09.13	01:59:50.404	0.84359	0.84360			6
2024.09.13	01:59:50.709	0.84360	0.84361			6
2024.09.13	01:59:51.395	0.84359	0.84360			6
2024.09.13	02:00:00.381	0.84359				2
2024.09.13	02:00:06.363	0.84357	0.84358			6
2024.09.13	02:00:17.372	0.84359	0.84360			6
2024.09.13	02:01:00.627	0.84359				2
2024.09.13	02:01:17.460		0.84360			4
2024.09.13	02:01:24.768	0.84358	0.84359			6
2024.09.13	02:01:57.053	0.84359	0.84360			6
2024.09.13	02:02:00.026	0.84359				2
2024.09.13	02:02:03.098	0.84358	0.84359			6
2024.09.13	02:02:12.797	0.84357	0.84358			6
2024.09.13	02:02:13.104	0.84355	0.84356			6
2024.09.13	02:02:14.387	0.84354	0.84355			6
2024.09.13	02:02:20.067	0.84355	0.84356			6
2024.09.13	02:02:51.756	0.84354	0.84355			6
2024.09.13	02:03:00.424	0.84354				2
2024.09.13	02:03:00.988	0.84351				2
2024.09.13	02:03:02.521	0.84354				2
2024.09.13	02:03:16.305	0.84355	0.84356			6
2024.09.13	02:03:35.190	0.84356	0.84357			6
2024.09.13	02:03:35.514	0.84357	0.84358			6
2024.09.13	02:03:50.843	0.84359	0.84360			6
2024.09.13	02:03:51.178	0.84360	0.84361			6
2024.09.13	02:03:51.483	0.84359				2
2024.09.13	02:03:51.944	0.84361	0.84362			6
2024.09.13	02:04:01.219	0.84363	0.84364			6
2024.09.13	02:04:09.710	0.84364	0.84365			6
2024.09.13	02:04:19.927		0.84366			4
2024.09.13	02:04:20.231	0.84367	0.84368			6
2024.09.13	02:04:21.809	0.84368	0.84369			6
2024.09.13	02:04:23.723	0.84367	0.84370			6
2024.09.13	02:04:25.269	0.84368	0.84369			6
2024.09.13	02:04:46.511	0.84370	0.84371			6
2024.09.13	02:04:46.991	0.84371	0.84372			6
2024.09.13	02:04:49.792	0.84372	0.84373			6
2024.09.13	02:04:50.158	0.84371	0.84372			6
2024.09.13	02:04:51.574	0.84369	0.84370			6
2024.09.13	02:05:00.366	0.84369				2
2024.09.13	02:05:02.658	0.84370	0.84371			6
2024.09.13	02:05:05.901	0.84369	0.84370			6
2024.09.13	02:05:11.317	0.84370	0.84371			6
2024.09.13	02:05:18.160	0.84367	0.84368			6
2024.09.13	02:05:18.462	0.84368	0.84369			6
2024.09.13	02:05:21.629	0.84367	0.84368			6
2024.09.13	02:05:33.327	0.84366	0.84367			6
2024.09.13	02:05:34.082	0.84365	0.84366			6
2024.09.13	02:05:40.183	0.84364	0.84365			6
2024.09.13	02:05:44.997	0.84365	0.84366			6
2024.09.13	02:05:45.627	0.84366	0.84367			6
2024.09.13	02:05:51.658	0.84367	0.84368			6
2024.09.13	02:05:59.684	0.84368	0.84369			6
2024.09.13	02:06:00.307	0.84368				2
2024.09.13	02:06:11.070	0.84367	0.84368			6
2024.09.13	02:06:14.590	0.84366	0.84367			6
2024.09.13	02:06:16.886	0.84364	0.84365			6
2024.09.13	02:06:25.368	0.84363	0.84364			6
2024.09.13	02:06:26.223	0.84364	0.84365			6
2024.09.13	02:06:39.693	0.84362	0.84363			6
2024.09.13	02:06:50.435	0.84361	0.84362			6
2024.09.13	02:06:51.116	0.84364	0.84365			6
2024.09.13	02:06:53.763	0.84363	0.84364			6
2024.09.13	02:07:00.235	0.84363				2
2024.09.13	02:07:09.254	0.84364	0.84365			6
2024.09.13	02:07:10.763	0.84363	0.84364			6
2024.09.13	02:07:15.299		0.84365			4
2024.09.13	02:07:18.141		0.84364			4
2024.09.13	02:07:21.546	0.84364	0.84365			6
2024.09.13	02:07:26.785	0.84365	0.84366			6
2024.09.13	02:07:33.084	0.84364	0.84365			6
2024.09.13	02:08:00.214	0.84364				2
2024.09.13	02:08:02.421	0.84363	0.84364			6
2024.09.13	02:08:44.315	0.84362	0.84363			6
2024.09.13	02:08:56.149	0.84363	0.84364			6
2024.09.13	02:08:56.667	0.84362	0.84363			6
2024.09.13	02:08:59.721	0.84363	0.84364			6
2024.09.13	02:09:00.541	0.84363				2
2024.09.13	02:09:01.565	0.84362	0.84363			6
2024.09.13	02:09:08.825	0.84360	0.84361			6
2024.09.13	02:09:09.146	0.84359	0.84360			6
2024.09.13	02:09:34.885	0.84358	0.84359			6
2024.09.13	02:09:37.798	0.84359	0.84360			6
2024.09.13	02:09:48.214	0.84361	0.84362			6
2024.09.13	02:09:50.042	0.84362	0.84363			6
2024.09.13	02:10:00.317	0.84362				2
2024.09.13	02:10:01.350	0.84360	0.84361			6
2024.09.13	02:10:09.324	0.84361	0.84362			6
2024.09.13	02:10:10.765	0.84360	0.84361			6
2024.09.13	02:10:27.535	0.84361	0.84362			6
2024.09.13	02:10:36.561	0.84360	0.84361			6
2024.09.13	02:10:39.998	0.84363	0.84364			6
2024.09.13	02:10:40.339	0.84360	0.84361			6
2024.09.13	02:10:46.179	0.84361	0.84362			6
2024.09.13	02:10:49.696	0.84360	0.84361			6
2024.09.13	02:10:51.276	0.84362	0.84363			6
2024.09.13	02:10:55.373	0.84363	0.84364			6
2024.09.13	02:11:00.536	0.84363	0.84365			6
2024.09.13	02:11:04.667		0.84364			4
2024.09.13	02:11:19.704	0.84361	0.84362			6
2024.09.13	02:11:20.614	0.84362	0.84363			6
2024.09.13	02:11:21.448	0.84363	0.84365			6
2024.09.13	02:11:28.733	0.84364				2
2024.09.13	02:11:41.365	0.84363				2
2024.09.13	02:11:46.356	0.84364				2
2024.09.13	02:11:49.576	0.84363	0.84364			6
2024.09.13	02:11:54.479	0.84362	0.84363			6
2024.09.13	02:12:00.187	0.84362				2
2024.09.13	02:12:17.125	0.84363	0.84364			6
2024.09.13	02:12:38.590	0.84364	0.84365			6
2024.09.13	02:12:44.880	0.84362	0.84363			6
2024.09.13	02:12:45.233	0.84363	0.84364			6
2024.09.13	02:13:00.809	0.84363				2
2024.09.13	02:13:03.022	0.84364	0.84365			6
2024.09.13	02:13:03.338	0.84363	0.84364			6
2024.09.13	02:13:14.186	0.84362	0.84363			6
2024.09.13	02:13:23.971	0.84361	0.84362			6
2024.09.13	02:13:34.175	0.84360	0.84361			6
2024.09.13	02:13:42.234	0.84361	0.84362			6
2024.09.13	02:13:59.207	0.84360	0.84361			6
2024.09.13	02:14:00.884	0.84360				2
2024.09.13	02:14:07.082	0.84361	0.84362			6
2024.09.13	02:14:16.384	0.84363	0.84364			6
2024.09.13	02:14:17.487		0.84365			4
2024.09.13	02:14:28.695	0.84365	0.84366			6
2024.09.13	02:14:49.604	0.84364	0.84365			6
2024.09.13	02:14:49.987	0.84365	0.84366			6
2024.09.13	02:14:53.702	0.84364	0.84365			6
2024.09.13	02:15:01.304	0.84364				2
2024.09.13	02:15:13.325	0.84365	0.84366			6
2024.09.13	02:15:13.639	0.84366	0.84367			6
2024.09.13	02:15:24.065	0.84367	0.84368			6
2024.09.13	02:15:24.499	0.84368	0.84369			6
2024.09.13	02:15:30.875	0.84369	0.84370			6
2024.09.13	02:15:37.153	0.84365	0.84366			6
2024.09.13	02:15:37.466	0.84366	0.84367			6
2024.09.13	02:15:50.813	0.84367	0.84368			6
2024.09.13	02:15:59.719	0.84368	0.84369			6
2024.09.13	02:16:01.057	0.84368				2
2024.09.13	02:16:06.005	0.84367	0.84368			6
2024.09.13	02:16:16.482	0.84366	0.84367			6
2024.09.13	02:16:17.121	0.84367	0.84368			6
2024.09.13	02:16:17.795	0.84366	0.84367			6
2024.09.13	02:16:18.180	0.84367	0.84368			6
2024.09.13	02:16:21.070	0.84366	0.84367			6
2024.09.13	02:16:24.411	0.84365	0.84366			6
2024.09.13	02:16:27.858	0.84364	0.84365			6
2024.09.13	02:16:34.791	0.84365	0.84366			6
2024.09.13	02:16:39.618	0.84364	0.84365			6
2024.09.13	02:16:45.562	0.84365	0.84366			6
2024.09.13	02:16:46.316	0.84364	0.84365			6
2024.09.13	02:16:47.786	0.84365	0.84366			6
2024.09.13	02:17:00.315	0.84365				2
2024.09.13	02:17:00.855	0.84366	0.84367			6
2024.09.13	02:17:01.175	0.84365	0.84366			6
2024.09.13	02:17:01.823	0.84364	0.84365			6
2024.09.13	02:17:33.345	0.84363	0.84364			6
2024.09.13	02:18:00.394	0.84363				2
2024.09.13	02:18:30.025	0.84362	0.84363			6
2024.09.13	02:18:41.695	0.84363	0.84364			6
2024.09.13	02:18:49.869	0.84364	0.84365			6
2024.09.13	02:18:56.908	0.84363	0.84364			6
2024.09.13	02:19:00.555	0.84363				2
2024.09.13	02:19:04.171	0.84364	0.84365			6
2024.09.13	02:19:04.478	0.84363	0.84364			6
2024.09.13	02:19:35.651		0.84366			4
2024.09.13	02:19:35.953	0.84364	0.84365			6
2024.09.13	02:19:40.628	0.84363	0.84364			6
2024.09.13	02:19:47.909	0.84364	0.84365			6
2024.09.13	02:20:02.429	0.84364				2
2024.09.13	02:20:12.788	0.84363	0.84364			6
2024.09.13	02:21:00.046	0.84363				2
2024.09.13	02:21:13.504		0.84364			4
2024.09.13	02:21:46.115	0.84364	0.84365			6
2024.09.13	02:21:57.369	0.84365	0.84367			6
2024.09.13	02:21:58.585	0.84364	0.84368			6
2024.09.13	02:21:59.186	0.84365	0.84366			6
2024.09.13	02:21:59.495	0.84363	0.84364			6
2024.09.13	02:22:00.243	0.84363				2
2024.09.13	02:22:01.573	0.84364	0.84365			6
2024.09.13	02:22:21.989		0.84366			4
2024.09.13	02:22:22.305	0.84365				2
2024.09.13	02:22:41.916	0.84364	0.84365			6
2024.09.13	02:23:00.518	0.84364				2
2024.09.13	02:23:01.247	0.84365	0.84366			6
2024.09.13	02:23:26.393	0.84364	0.84368			6
2024.09.13	02:23:33.225		0.84367			4
2024.09.13	02:23:42.091		0.84366			4
2024.09.13	02:23:42.422		0.84367			4
2024.09.13	02:23:42.903	0.84365	0.84366			6
2024.09.13	02:23:53.676	0.84366	0.84367			6
2024.09.13	02:24:00.355	0.84366				2
2024.09.13	02:24:34.763	0.84365	0.84369			6
2024.09.13	02:24:36.037	0.84366	0.84367			6
2024.09.13	02:25:00.031	0.84366				2
2024.09.13	02:25:05.885	0.84365	0.84366			6
2024.09.13	02:25:11.071	0.84366	0.84367			6
2024.09.13	02:25:20.969	0.84365	0.84366			6
2024.09.13	02:25:35.106	0.84364	0.84365			6
2024.09.13	02:26:00.582	0.84364				2
2024.09.13	02:26:35.310		0.84365			4
2024.09.13	02:26:35.698	0.84363	0.84364			6
2024.09.13	02:27:00.697	0.84363				2
2024.09.13	02:27:36.804		0.84364			4
2024.09.13	02:27:45.041	0.84364	0.84365			6
2024.09.13	02:28:00.174	0.84364				2
2024.09.13	02:28:02.567	0.84363	0.84364			6
2024.09.13	02:28:10.175	0.84362	0.84363			6
2024.09.13	02:28:17.503	0.84361	0.84362			6
2024.09.13	02:28:19.690	0.84362	0.84363			6
2024.09.13	02:28:28.730	0.84363	0.84364			6
2024.09.13	02:28:39.113	0.84362	0.84363			6
2024.09.13	02:28:42.284	0.84363	0.84364			6
2024.09.13	02:28:54.947	0.84362	0.84363			6
2024.09.13	02:29:00.625	0.84362				2
2024.09.13	02:29:07.268	0.84363	0.84364			6
2024.09.13	02:29:32.905	0.84359	0.84360			6
2024.09.13	02:29:33.318	0.84358	0.84359			6
2024.09.13	02:29:35.416	0.84359	0.84360			6
2024.09.13	02:30:00.026	0.84359				2
2024.09.13	02:30:04.380	0.84360	0.84361			6
2024.09.13	02:30:04.769	0.84359	0.84360			6
2024.09.13	02:30:17.861	0.84358	0.84359			6
2024.09.13	02:30:23.827	0.84357	0.84358			6
2024.09.13	02:30:38.776	0.84358	0.84359			6
2024.09.13	02:30:40.012	0.84357	0.84358			6
2024.09.13	02:31:00.469	0.84357				2
2024.09.13	02:31:41.362		0.84358			4
2024.09.13	02:31:49.901	0.84358	0.84359			6
2024.09.13	02:31:54.727	0.84357	0.84358			6
2024.09.13	02:31:55.034	0.84358	0.84359			6
2024.09.13	02:32:00.562	0.84358				2
2024.09.13	02:32:12.156	0.84357	0.84358			6
2024.09.13	02:32:29.115	0.84356	0.84357			6
2024.09.13	02:32:29.426	0.84354	0.84355			6
2024.09.13	02:32:31.589	0.84353	0.84354			6
2024.09.13	02:32:35.442	0.84352	0.84353			6
2024.09.13	02:32:55.174	0.84354	0.84355			6
2024.09.13	02:32:55.475	0.84353	0.84354			6
2024.09.13	02:32:55.787	0.84354	0.84355			6
2024.09.13	02:33:01.148	0.84354				2
2024.09.13	02:33:10.703	0.84353	0.84354			6
2024.09.13	02:33:30.560	0.84354	0.84355			6
2024.09.13	02:33:45.767	0.84352	0.84353			6
2024.09.13	02:33:46.392	0.84353	0.84354			6
2024.09.13	02:33:51.562	0.84352	0.84353			6
2024.09.13	02:34:00.562	0.84352				2
2024.09.13	02:34:08.388	0.84353	0.84354			6
2024.09.13	02:34:09.239	0.84352	0.84353			6
2024.09.13	02:34:47.520	0.84351	0.84352			6
2024.09.13	02:34:52.107	0.84352	0.84353			6
2024.09.13	02:35:00.280	0.84352				2
2024.09.13	02:35:01.601	0.84351	0.84352			6
2024.09.13	02:35:06.375	0.84352	0.84353			6
2024.09.13	02:35:07.601	0.84351	0.84352			6
2024.09.13	02:35:21.880	0.84353	0.84354			6
2024.09.13	02:35:55.787	0.84352	0.84353			6
2024.09.13	02:35:58.719	0.84353	0.84354			6
2024.09.13	02:36:00.390	0.84354	0.84355			6
2024.09.13	02:36:00.723	0.84353	0.84354			6
2024.09.13	02:36:06.974	0.84352	0.84353			6
2024.09.13	02:36:07.341	0.84353	0.84354			6
2024.09.13	02:36:08.347	0.84352	0.84353			6
2024.09.13	02:36:48.924	0.84350	0.84351			6
2024.09.13	02:37:00.544	0.84350				2
2024.09.13	02:37:29.641	0.84351	0.84352			6
2024.09.13	02:37:51.186	0.84350	0.84351			6
2024.09.13	02:37:58.233	0.84349	0.84350			6
2024.09.13	02:38:00.333	0.84349				2
2024.09.13	02:38:05.290	0.84350	0.84351			6
2024.09.13	02:38:48.763	0.84349	0.84350			6
2024.09.13	02:39:00.319	0.84349				2
2024.09.13	02:39:07.446	0.84348	0.84349			6
2024.09.13	02:39:08.116	0.84352	0.84353			6
2024.09.13	02:39:08.423	0.84351	0.84352			6
2024.09.13	02:39:14.657	0.84349	0.84350			6
2024.09.13	02:39:15.287	0.84350	0.84351			6
2024.09.13	02:39:18.012	0.84349	0.84350			6
2024.09.13	02:39:28.730	0.84348	0.84349			6
2024.09.13	02:39:31.246	0.84349	0.84350			6
2024.09.13	02:40:00.318	0.84349				2
2024.09.13	02:40:31.335		0.84350			4
2024.09.13	02:41:00.430	0.84349				2
2024.09.13	02:41:32.003		0.84350			4
2024.09.13	02:42:00.174	0.84349				2
2024.09.13	02:42:04.320	0.84348	0.84349			6
2024.09.13	02:42:06.454	0.84349	0.84350			6
2024.09.13	02:42:23.396	0.84348	0.84349			6
2024.09.13	02:42:55.178	0.84349	0.84350			6
2024.09.13	02:43:00.624	0.84349				2
2024.09.13	02:43:22.627	0.84350	0.84351			6
2024.09.13	02:44:00.285	0.84350				2
2024.09.13	02:44:06.403	0.84349	0.84350			6
2024.09.13	02:44:11.125	0.84350	0.84351			6
2024.09.13	02:44:42.385	0.84351	0.84352			6
2024.09.13	02:44:44.903	0.84350	0.84351			6
2024.09.13	02:44:46.536	0.84351	0.84352			6
2024.09.13	02:45:00.245	0.84351				2
2024.09.13	02:45:01.596	0.84349	0.84350			6
2024.09.13	02:45:03.523	0.84350	0.84351			6
2024.09.13	02:45:33.521	0.84351	0.84352			6
2024.09.13	02:45:33.914	0.84352	0.84353			6
2024.09.13	02:45:34.344	0.84351	0.84352			6
2024.09.13	02:45:40.779	0.84350	0.84351			6
2024.09.13	02:45:43.190	0.84351	0.84352			6
2024.09.13	02:45:43.504	0.84352	0.84353			6
2024.09.13	02:45:43.846	0.84354	0.84355			6
2024.09.13	02:45:44.167	0.84353	0.84354			6
2024.09.13	02:45:44.484	0.84354	0.84355			6
2024.09.13	02:45:46.594	0.84355	0.84356			6
2024.09.13	02:45:54.380	0.84354	0.84355			6
2024.09.13	02:45:56.943	0.84356	0.84357			6
2024.09.13	02:46:00.270	0.84356				2
2024.09.13	02:46:09.154	0.84355	0.84356			6
2024.09.13	02:46:37.292	0.84356	0.84357			6
2024.09.13	02:46:43.615	0.84357	0.84358			6
2024.09.13	02:47:00.029	0.84357				2
2024.09.13	02:47:06.676	0.84356	0.84357			6
2024.09.13	02:47:13.670	0.84357	0.84358			6
2024.09.13	02:47:14.138	0.84356	0.84357			6
2024.09.13	02:47:22.438	0.84357	0.84358			6
2024.09.13	02:47:29.143	0.84355	0.84356			6
2024.09.13	02:47:37.928	0.84354	0.84355			6
2024.09.13	02:47:52.381	0.84355	0.84356			6
2024.09.13	02:47:58.362	0.84354	0.84355			6
2024.09.13	02:48:01.340	0.84354				2
2024.09.13	02:48:24.478	0.84356	0.84357			6
2024.09.13	02:48:30.128	0.84358	0.84359			6
2024.09.13	02:48:30.642	0.84359	0.84360			6
2024.09.13	02:48:43.791	0.84357	0.84358			6
2024.09.13	02:48:44.134	0.84358	0.84359			6
2024.09.13	02:48:47.787	0.84357	0.84358			6
2024.09.13	02:48:48.957	0.84356	0.84357			6
2024.09.13	02:48:59.522	0.84357	0.84358			6
2024.09.13	02:49:00.284	0.84356	0.84357			6
2024.09.13	02:49:12.471	0.84357	0.84358			6
2024.09.13	02:49:19.179	0.84356	0.84357			6
2024.09.13	02:49:20.336	0.84357	0.84358			6
2024.09.13	02:49:24.140	0.84356	0.84357			6
2024.09.13	02:49:26.314	0.84355	0.84356			6
2024.09.13	02:49:45.963	0.84357	0.84358			6
2024.09.13	02:49:46.273	0.84358	0.84359			6
2024.09.13	02:49:52.328	0.84357	0.84358			6
2024.09.13	02:49:53.839	0.84359	0.84360			6
2024.09.13	02:50:00.355	0.84359				2
2024.09.13	02:50:01.129	0.84360	0.84361			6
2024.09.13	02:50:02.251		0.84362			4
2024.09.13	02:50:11.738		0.84361			4
2024.09.13	02:50:17.767	0.84361	0.84362			6
2024.09.13	02:50:29.693		0.84363			4
2024.09.13	02:50:34.811	0.84362				2
2024.09.13	02:50:37.849	0.84363	0.84364			6
2024.09.13	02:50:41.384	0.84364	0.84365			6
2024.09.13	02:50:41.729	0.84363	0.84364			6
2024.09.13	02:50:42.836	0.84364	0.84365			6
2024.09.13	02:50:47.502	0.84363	0.84364			6
2024.09.13	02:50:52.793	0.84364	0.84365			6
2024.09.13	02:50:59.237	0.84363	0.84364			6
2024.09.13	02:51:00.242	0.84363				2
2024.09.13	02:51:09.092	0.84362	0.84363			6
2024.09.13	02:51:09.405	0.84363	0.84364			6
2024.09.13	02:51:19.209	0.84364	0.84365			6
2024.09.13	02:51:19.579	0.84365	0.84366			6
2024.09.13	02:51:25.362	0.84366	0.84367			6
2024.09.13	02:51:26.859	0.84365	0.84366			6
2024.09.13	02:51:39.191	0.84366	0.84367			6
2024.09.13	02:52:00.874	0.84366				2
2024.09.13	02:52:10.285	0.84365	0.84366			6
2024.09.13	02:52:25.097	0.84360	0.84361			6
2024.09.13	02:52:46.155	0.84361	0.84362			6
2024.09.13	02:52:46.459	0.84362	0.84363			6
2024.09.13	02:52:46.776	0.84361	0.84362			6
2024.09.13	02:52:48.138	0.84362	0.84363			6
2024.09.13	02:52:48.484	0.84363	0.84364			6
2024.09.13	02:53:00.053	0.84363				2
2024.09.13	02:53:14.227	0.84364	0.84365			6
2024.09.13	02:53:15.779	0.84363	0.84364			6
2024.09.13	02:53:19.307	0.84364	0.84365			6
2024.09.13	02:53:21.453	0.84363	0.84364			6
2024.09.13	02:53:24.008	0.84362	0.84363			6
2024.09.13	02:53:24.351	0.84361	0.84362			6
2024.09.13	02:53:33.500	0.84362	0.84363			6
2024.09.13	02:53:37.432	0.84361	0.84362			6
2024.09.13	02:53:48.882	0.84360	0.84361			6
2024.09.13	02:53:54.424	0.84361	0.84362			6
2024.09.13	02:54:00.133	0.84361				2
2024.09.13	02:54:03.222	0.84360	0.84361			6
2024.09.13	02:54:04.236	0.84361	0.84362			6
2024.09.13	02:54:06.253	0.84362	0.84363			6
2024.09.13	02:54:10.381	0.84363	0.84364			6
2024.09.13	02:54:17.281	0.84364	0.84365			6
2024.09.13	02:54:19.564	0.84363	0.84364			6
2024.09.13	02:54:20.412	0.84364	0.84365			6
2024.09.13	02:54:24.299	0.84362	0.84363			6
2024.09.13	02:54:41.349	0.84361	0.84362			6
2024.09.13	02:54:42.349	0.84362	0.84363			6
2024.09.13	02:54:48.401	0.84361	0.84362			6
2024.09.13	02:54:53.537	0.84360	0.84361			6
2024.09.13	02:55:00.806	0.84360				2
2024.09.13	02:55:25.199	0.84362	0.84363			6
2024.09.13	02:55:34.333	0.84363	0.84364			6
2024.09.13	02:55:55.780	0.84362	0.84363			6
2024.09.13	02:56:00.082	0.84362				2
2024.09.13	02:56:13.010	0.84359	0.84360			6
2024.09.13	02:56:14.987	0.84360	0.84361			6
2024.09.13	02:56:35.751	0.84361	0.84362			6
2024.09.13	02:56:37.625	0.84360	0.84361			6
2024.09.13	02:56:44.608	0.84361	0.84362			6
2024.09.13	02:56:46.337	0.84360	0.84361			6
2024.09.13	02:56:56.763	0.84359	0.84360			6
2024.09.13	02:57:00.565	0.84359				2
2024.09.13	02:57:06.811	0.84360	0.84361			6
2024.09.13	02:57:16.905	0.84359	0.84360			6
2024.09.13	02:57:46.932	0.84358	0.84359			6
2024.09.13	02:57:47.606	0.84359	0.84360			6
2024.09.13	02:58:00.389	0.84359				2
2024.09.13	02:58:02.248	0.84360	0.84361			6
2024.09.13	02:58:02.627	0.84359	0.84360			6
2024.09.13	02:58:19.294	0.84360	0.84361			6
2024.09.13	02:58:25.393	0.84359	0.84360			6
2024.09.13	02:58:27.493	0.84360	0.84361			6
2024.09.13	02:58:42.489	0.84359	0.84360			6
2024.09.13	02:59:00.295	0.84359				2
2024.09.13	02:59:06.748	0.84360	0.84361			6
2024.09.13	02:59:07.432	0.84359	0.84360			6
2024.09.13	02:59:11.929	0.84360	0.84361			6
2024.09.13	02:59:26.089	0.84362	0.84363			6
2024.09.13	02:59:39.510	0.84360	0.84361			6
2024.09.13	02:59:40.574	0.84359	0.84360			6
2024.09.13	02:59:42.172	0.84361	0.84362			6
2024.09.13	02:59:44.677	0.84360	0.84361			6
2024.09.13	02:59:45.379	0.84361	0.84362			6
2024.09.13	02:59:47.054	0.84362	0.84363			6
2024.09.13	03:00:00.369	0.84361	0.84362			6
2024.09.13	03:00:01.668	0.84362	0.84363			6
2024.09.13	03:00:02.653	0.84361	0.84362			6
2024.09.13	03:00:04.383	0.84362	0.84363			6
2024.09.13	03:00:05.095	0.84363	0.84364			6
2024.09.13	03:00:13.432	0.84362	0.84363			6
2024.09.13	03:00:18.291	0.84361	0.84362			6
2024.09.13	03:00:20.681	0.84360	0.84361			6
2024.09.13	03:00:33.448	0.84364	0.84365			6
2024.09.13	03:00:34.351	0.84363	0.84364			6
2024.09.13	03:00:36.137	0.84364	0.84365			6
2024.09.13	03:00:42.343	0.84365	0.84366			6
2024.09.13	03:00:46.961	0.84366	0.84367			6
2024.09.13	03:00:48.661	0.84365	0.84366			6
2024.09.13	03:00:49.697	0.84364	0.84365			6
2024.09.13	03:00:58.901	0.84366	0.84367			6
2024.09.13	03:01:00.071	0.84366				2
2024.09.13	03:01:00.379	0.84365	0.84366			6
2024.09.13	03:01:02.546	0.84366	0.84367			6
2024.09.13	03:01:05.891	0.84367	0.84368			6
2024.09.13	03:01:06.236	0.84365	0.84366			6
2024.09.13	03:01:10.689	0.84367	0.84368			6
2024.09.13	03:01:15.697	0.84365	0.84366			6
2024.09.13	03:01:18.323	0.84364	0.84365			6
2024.09.13	03:01:20.014	0.84363	0.84364			6
2024.09.13	03:01:21.584	0.84364	0.84365			6
2024.09.13	03:01:23.576	0.84363	0.84364			6
2024.09.13	03:01:24.937	0.84365	0.84366			6
2024.09.13	03:01:25.620	0.84364	0.84365			6
2024.09.13	03:01:32.782	0.84363	0.84364			6
2024.09.13	03:01:34.722	0.84360	0.84361			6
2024.09.13	03:01:35.222	0.84361	0.84362			6
2024.09.13	03:01:39.368	0.84360	0.84361			6
2024.09.13	03:01:42.017	0.84362	0.84363			6
2024.09.13	03:01:45.912	0.84363	0.84364			6
2024.09.13	03:01:56.140	0.84362	0.84363			6
2024.09.13	03:01:57.928	0.84363	0.84364			6
2024.09.13	03:01:58.384	0.84364	0.84365			6
2024.09.13	03:02:00.428	0.84364				2
2024.09.13	03:02:03.396	0.84361	0.84362			6
2024.09.13	03:02:05.615	0.84360	0.84361			6
2024.09.13	03:02:19.992	0.84361	0.84362			6
2024.09.13	03:02:32.842	0.84360	0.84361			6
2024.09.13	03:02:34.043	0.84361	0.84362			6
2024.09.13	03:02:35.521	0.84360	0.84361			6
2024.09.13	03:02:36.937	0.84361	0.84362			6
2024.09.13	03:02:37.287	0.84360	0.84361			6
2024.09.13	03:02:38.233	0.84361	0.84362			6
2024.09.13	03:02:39.017	0.84360	0.84361			6
2024.09.13	03:02:39.597	0.84359	0.84360			6
2024.09.13	03:02:45.736	0.84358	0.84359			6
2024.09.13	03:02:48.982	0.84357	0.84358			6
2024.09.13	03:02:50.017	0.84356	0.84357			6
2024.09.13	03:02:56.250	0.84355	0.84356			6
2024.09.13	03:02:57.007	0.84356	0.84357			6
2024.09.13	03:02:59.686	0.84357	0.84358			6
2024.09.13	03:03:00.253	0.84357				2
2024.09.13	03:03:00.644	0.84356	0.84357			6
2024.09.13	03:03:01.426	0.84358	0.84359			6
2024.09.13	03:03:08.433	0.84359	0.84360			6
2024.09.13	03:03:09.749	0.84361	0.84362			6
2024.09.13	03:03:10.673	0.84362	0.84363			6
2024.09.13	03:03:14.001	0.84361	0.84362			6
2024.09.13	03:03:15.081	0.84362	0.84363			6
2024.09.13	03:03:22.631	0.84361	0.84362			6
2024.09.13	03:03:22.945	0.84360	0.84361			6
2024.09.13	03:03:23.991	0.84359	0.84360			6
2024.09.13	03:03:24.363	0.84360	0.84361			6
2024.09.13	03:03:25.950	0.84361	0.84362			6
2024.09.13	03:03:27.896	0.84360	0.84361			6
2024.09.13	03:03:29.608	0.84361	0.84362			6
2024.09.13	03:03:31.614	0.84360	0.84361			6
2024.09.13	03:03:36.038	0.84361	0.84362			6
2024.09.13	03:03:36.339	0.84360	0.84361			6
2024.09.13	03:03:46.103	0.84361	0.84362			6
2024.09.13	03:03:51.343	0.84360	0.84361			6
2024.09.13	03:03:52.127	0.84361	0.84362			6
2024.09.13	03:03:53.163	0.84360	0.84361			6
2024.09.13	03:03:53.580	0.84361	0.84362			6
2024.09.13	03:03:56.221	0.84360	0.84361			6
2024.09.13	03:04:00.205	0.84360				2
2024.09.13	03:04:03.285	0.84361	0.84362			6
2024.09.13	03:04:03.921	0.84360	0.84361			6
2024.09.13	03:04:07.537	0.84361	0.84362			6
2024.09.13	03:04:09.337	0.84362	0.84363			6
2024.09.13	03:04:10.654	0.84360	0.84361			6
2024.09.13	03:04:11.631	0.84361	0.84362			6
2024.09.13	03:04:13.734	0.84360	0.84361			6
2024.09.13	03:04:16.531	0.84357	0.84360			6
2024.09.13	03:04:18.186	0.84360	0.84361			6
2024.09.13	03:04:23.548	0.84361	0.84362			6
2024.09.13	03:04:33.169	0.84360	0.84361			6
2024.09.13	03:04:36.726	0.84361	0.84362			6
2024.09.13	03:04:37.725	0.84360	0.84361			6
2024.09.13	03:04:39.985	0.84359	0.84360			6
2024.09.13	03:04:40.722	0.84360	0.84361			6
2024.09.13	03:04:41.981	0.84359	0.84360			6
2024.09.13	03:04:42.324	0.84360	0.84361			6
2024.09.13	03:04:43.925	0.84359	0.84360			6
2024.09.13	03:04:55.072	0.84358	0.84359			6
2024.09.13	03:04:56.032	0.84359	0.84360			6
2024.09.13	03:04:59.658	0.84358	0.84359			6
2024.09.13	03:05:00.148	0.84358				2
2024.09.13	03:05:03.289	0.84357	0.84358			6
2024.09.13	03:05:04.403	0.84356	0.84357			6
2024.09.13	03:05:04.824	0.84357	0.84358			6
2024.09.13	03:05:29.408	0.84356	0.84357			6
2024.09.13	03:05:32.606	0.84357	0.84358			6
2024.09.13	03:05:34.144	0.84358	0.84359			6
2024.09.13	03:05:37.396	0.84357	0.84358			6
2024.09.13	03:05:38.457	0.84358	0.84359			6
2024.09.13	03:05:50.752	0.84357	0.84358			6
2024.09.13	03:05:54.121	0.84358	0.84359			6
2024.09.13	03:05:55.153	0.84357	0.84358			6
2024.09.13	03:05:55.626	0.84358	0.84359			6
2024.09.13	03:05:58.727	0.84359	0.84360			6
2024.09.13	03:06:00.051	0.84359				2
2024.09.13	03:06:01.375	0.84360	0.84361			6
2024.09.13	03:06:04.893	0.84361	0.84362			6
2024.09.13	03:06:07.475	0.84360	0.84361			6
2024.09.13	03:06:07.833	0.84361	0.84362			6
2024.09.13	03:06:11.375	0.84360	0.84361			6
2024.09.13	03:06:30.451	0.84359	0.84360			6
2024.09.13	03:06:32.049	0.84360	0.84361			6
2024.09.13	03:06:42.071	0.84359	0.84360			6
2024.09.13	03:06:42.414	0.84360	0.84361			6
2024.09.13	03:06:44.727	0.84361	0.84362			6
2024.09.13	03:06:45.728	0.84362	0.84363			6
2024.09.13	03:06:46.078	0.84363	0.84364			6
2024.09.13	03:06:49.332	0.84362	0.84363			6
2024.09.13	03:07:00.381	0.84362				2
2024.09.13	03:07:13.574	0.84361	0.84362			6
2024.09.13	03:07:14.189	0.84360	0.84361			6
2024.09.13	03:07:16.880	0.84361	0.84362			6
2024.09.13	03:07:20.682	0.84362	0.84363			6
2024.09.13	03:07:23.727	0.84361	0.84362			6
2024.09.13	03:07:24.037	0.84362	0.84363			6
2024.09.13	03:07:47.907	0.84361	0.84362			6
2024.09.13	03:07:52.883	0.84362	0.84363			6
2024.09.13	03:07:53.781	0.84361	0.84362			6
2024.09.13	03:07:55.333	0.84362	0.84363			6
2024.09.13	03:07:55.792	0.84361	0.84362			6
2024.09.13	03:07:56.402	0.84362	0.84363			6
2024.09.13	03:07:56.904	0.84360	0.84361			6
2024.09.13	03:07:57.224	0.84359	0.84360			6
2024.09.13	03:08:00.635	0.84359				2
2024.09.13	03:08:01.843	0.84360	0.84361			6
2024.09.13	03:08:02.273	0.84359	0.84360			6
2024.09.13	03:08:05.664	0.84360	0.84361			6
2024.09.13	03:08:05.968	0.84361	0.84362			6
2024.09.13	03:08:13.457	0.84360	0.84361			6
2024.09.13	03:08:15.816	0.84361	0.84362			6
2024.09.13	03:08:16.990	0.84360	0.84361			6
2024.09.13	03:08:22.925	0.84361	0.84362			6
2024.09.13	03:08:32.050	0.84362	0.84363			6
2024.09.13	03:08:43.844	0.84363	0.84364			6
2024.09.13	03:09:00.115	0.84363				2
2024.09.13	03:09:00.540	0.84362	0.84363			6
2024.09.13	03:09:03.566	0.84363	0.84364			6
2024.09.13	03:09:07.303	0.84362	0.84363			6
2024.09.13	03:09:07.965	0.84364	0.84365			6
2024.09.13	03:09:08.293	0.84361	0.84362			6
2024.09.13	03:09:10.990	0.84363	0.84364			6
2024.09.13	03:09:11.315	0.84362	0.84363			6
2024.09.13	03:09:12.013	0.84363	0.84364			6
2024.09.13	03:09:13.154	0.84362	0.84363			6
2024.09.13	03:09:14.008	0.84363	0.84364			6
2024.09.13	03:09:14.470	0.84362	0.84363			6
2024.09.13	03:09:19.413	0.84363	0.84364			6
2024.09.13	03:09:20.234	0.84362	0.84363			6
2024.09.13	03:09:20.626	0.84363	0.84364			6
2024.09.13	03:09:21.098	0.84362	0.84363			6
2024.09.13	03:09:21.669	0.84363	0.84364			6
2024.09.13	03:09:22.706	0.84362	0.84363			6
2024.09.13	03:09:26.748	0.84363	0.84364			6
2024.09.13	03:09:27.065	0.84362	0.84363			6
2024.09.13	03:09:27.410	0.84363	0.84364			6
2024.09.13	03:09:27.890	0.84362	0.84363			6
2024.09.13	03:09:28.673	0.84363	0.84364			6
2024.09.13	03:09:30.523	0.84364	0.84365			6
2024.09.13	03:09:31.326	0.84363	0.84364			6
2024.09.13	03:09:31.646	0.84362	0.84363			6
2024.09.13	03:09:34.307	0.84361	0.84362			6
2024.09.13	03:09:40.761	0.84362	0.84363			6
2024.09.13	03:09:41.923	0.84361	0.84362			6
2024.09.13	03:09:44.440	0.84360	0.84361			6
2024.09.13	03:09:53.379	0.84359	0.84360			6
2024.09.13	03:10:00.413	0.84356	0.84357			6
2024.09.13	03:10:02.524	0.84355	0.84356			6
2024.09.13	03:10:03.023	0.84356	0.84357			6
2024.09.13	03:10:04.649	0.84357	0.84358			6
2024.09.13	03:10:04.965	0.84356	0.84357			6
2024.09.13	03:10:16.783	0.84358	0.84359			6
2024.09.13	03:10:17.619	0.84359	0.84360			6
2024.09.13	03:10:25.148	0.84360	0.84361			6
2024.09.13	03:10:25.464	0.84359	0.84360			6
2024.09.13	03:10:28.046	0.84360	0.84361			6
2024.09.13	03:10:29.341	0.84359	0.84360			6
2024.09.13	03:10:31.309	0.84356	0.84357			6
2024.09.13	03:10:31.621	0.84355	0.84356			6
2024.09.13	03:10:31.974	0.84354	0.84355			6
2024.09.13	03:10:33.451	0.84355	0.84356			6
2024.09.13	03:10:36.562	0.84354	0.84355			6
2024.09.13	03:10:40.331	0.84357	0.84358			6
2024.09.13	03:10:40.633	0.84356	0.84357			6
2024.09.13	03:10:41.298	0.84355	0.84356			6
2024.09.13	03:10:42.776	0.84354	0.84355			6
2024.09.13	03:10:43.950	0.84353	0.84354			6
2024.09.13	03:10:48.232	0.84354	0.84355			6
2024.09.13	03:10:50.235	0.84353	0.84354			6
2024.09.13	03:10:50.687	0.84352	0.84353			6
2024.09.13	03:10:51.111	0.84353	0.84354			6
2024.09.13	03:10:51.423	0.84354	0.84355			6
2024.09.13	03:10:54.288	0.84355	0.84356			6
2024.09.13	03:10:56.336	0.84354	0.84355			6
2024.09.13	03:10:56.655	0.84352	0.84353			6
2024.09.13	03:10:59.571	0.84351	0.84352			6
2024.09.13	03:10:59.933	0.84354	0.84355			6
2024.09.13	03:11:00.245	0.84353	0.84354			6
2024.09.13	03:11:04.375	0.84352	0.84353			6
2024.09.13	03:11:04.688	0.84353	0.84354			6
2024.09.13	03:11:05.537	0.84352	0.84353			6
2024.09.13	03:11:13.456	0.84353	0.84354			6
2024.09.13	03:11:15.128	0.84352	0.84353			6
2024.09.13	03:11:32.610	0.84353	0.84354			6
2024.09.13	03:11:33.294	0.84352	0.84353			6
2024.09.13	03:11:36.261	0.84349	0.84350			6
2024.09.13	03:11:37.000	0.84350	0.84351			6
2024.09.13	03:11:38.274	0.84351	0.84352			6
2024.09.13	03:11:41.462	0.84352	0.84353			6
2024.09.13	03:11:46.325	0.84348	0.84349			6
2024.09.13	03:12:00.426	0.84348				2
2024.09.13	03:12:01.666	0.84347	0.84348			6
2024.09.13	03:12:01.987	0.84345	0.84346			6
2024.09.13	03:12:02.624	0.84344	0.84345			6
2024.09.13	03:12:03.944	0.84345	0.84346			6
2024.09.13	03:12:04.585	0.84346	0.84347			6
2024.09.13	03:12:06.426	0.84345	0.84346			6
2024.09.13	03:12:08.261	0.84346	0.84347			6
2024.09.13	03:12:10.666	0.84345	0.84346			6
2024.09.13	03:12:10.970	0.84346	0.84347			6
2024.09.13	03:12:11.449	0.84345	0.84346			6
2024.09.13	03:12:12.912	0.84346	0.84347			6
2024.09.13	03:12:14.198	0.84345	0.84346			6
2024.09.13	03:12:43.444	0.84346	0.84347			6
2024.09.13	03:12:44.885	0.84345	0.84346			6
2024.09.13	03:12:45.644	0.84346	0.84347			6
2024.09.13	03:12:53.465	0.84345	0.84346			6
2024.09.13	03:13:00.165	0.84345				2
2024.09.13	03:13:00.521	0.84346	0.84347			6
2024.09.13	03:13:03.183	0.84345	0.84346			6
2024.09.13	03:13:03.519	0.84346	0.84347			6
2024.09.13	03:13:03.954	0.84344	0.84345			6
2024.09.13	03:13:16.948	0.84343	0.84344			6
2024.09.13	03:13:23.257	0.84342	0.84343			6
2024.09.13	03:13:40.046	0.84343	0.84344			6
2024.09.13	03:13:43.867	0.84342	0.84343			6
2024.09.13	03:13:44.976	0.84344	0.84345			6
2024.09.13	03:13:54.112	0.84343	0.84344			6
2024.09.13	03:14:00.224	0.84343				2
2024.09.13	03:14:01.366	0.84344	0.84345			6
2024.09.13	03:14:02.927	0.84345	0.84346			6
2024.09.13	03:14:14.111	0.84347	0.84348			6
2024.09.13	03:14:26.424	0.84346	0.84347			6
2024.09.13	03:14:27.157	0.84345	0.84346			6
2024.09.13	03:14:27.506	0.84347	0.84348			6
2024.09.13	03:14:43.400	0.84348	0.84349			6
2024.09.13	03:14:44.433	0.84347	0.84348			6
2024.09.13	03:14:44.763	0.84348	0.84349			6
2024.09.13	03:14:45.157	0.84347	0.84348			6
2024.09.13	03:14:45.731	0.84346	0.84347			6
2024.09.13	03:14:47.805	0.84347	0.84348			6
2024.09.13	03:14:50.499	0.84346	0.84347			6
2024.09.13	03:14:51.185	0.84345	0.84346			6
2024.09.13	03:14:51.493	0.84346	0.84347			6
2024.09.13	03:14:54.034	0.84345	0.84346			6
2024.09.13	03:14:55.239	0.84346	0.84347			6
2024.09.13	03:14:56.184	0.84345	0.84346			6
2024.09.13	03:14:56.497	0.84344	0.84345			6
2024.09.13	03:15:00.323	0.84344				2
2024.09.13	03:15:01.526	0.84346	0.84347			6
2024.09.13	03:15:01.892	0.84347	0.84348			6
2024.09.13	03:15:03.022	0.84346	0.84347			6
2024.09.13	03:15:03.718	0.84347	0.84348			6
2024.09.13	03:15:04.732	0.84348	0.84349			6
2024.09.13	03:15:09.370	0.84349	0.84350			6
2024.09.13	03:15:14.518	0.84348	0.84349			6
2024.09.13	03:15:26.581	0.84347	0.84348			6
2024.09.13	03:15:34.043	0.84348	0.84349			6
2024.09.13	03:15:35.470	0.84346	0.84347			6
2024.09.13	03:15:37.418	0.84345	0.84346			6
2024.09.13	03:15:38.246	0.84346	0.84347			6
2024.09.13	03:15:41.040	0.84347	0.84348			6
2024.09.13	03:15:42.023	0.84348	0.84349			6
2024.09.13	03:15:57.916	0.84349	0.84350			6
2024.09.13	03:15:59.983	0.84348	0.84349			6
2024.09.13	03:16:00.286	0.84348				2
2024.09.13	03:16:06.913	0.84347	0.84348			6
2024.09.13	03:16:07.237	0.84348	0.84349			6
2024.09.13	03:16:07.696	0.84346	0.84347			6
2024.09.13	03:16:13.265	0.84347	0.84348			6
2024.09.13	03:16:15.373	0.84349	0.84350			6
2024.09.13	03:16:16.783	0.84347	0.84348			6
2024.09.13	03:16:18.916	0.84346	0.84347			6
2024.09.13	03:16:20.861	0.84347	0.84348			6
2024.09.13	03:16:30.444	0.84345	0.84346			6
2024.09.13	03:16:30.781	0.84346	0.84347			6
2024.09.13	03:16:31.709	0.84345	0.84346			6
2024.09.13	03:16:32.018	0.84344	0.84345			6
2024.09.13	03:16:35.074	0.84343	0.84344			6
2024.09.13	03:16:41.475	0.84342	0.84343			6
2024.09.13	03:16:43.329	0.84343	0.84344			6
2024.09.13	03:17:00.407	0.84343				2
2024.09.13	03:17:06.791	0.84339	0.84340			6
2024.09.13	03:17:07.105	0.84338	0.84339			6
2024.09.13	03:17:07.423	0.84337	0.84338			6
2024.09.13	03:17:07.733	0.84338	0.84339			6
2024.09.13	03:17:08.195	0.84336	0.84337			6
2024.09.13	03:17:08.510	0.84337	0.84338			6
2024.09.13	03:17:10.606	0.84335	0.84336			6
2024.09.13	03:17:12.036	0.84331	0.84332			6
2024.09.13	03:17:17.369	0.84330	0.84331			6
2024.09.13	03:17:24.282	0.84331	0.84332			6
2024.09.13	03:17:25.067	0.84330	0.84331			6
2024.09.13	03:17:25.572	0.84331	0.84332			6
2024.09.13	03:17:27.381	0.84330	0.84331			6
2024.09.13	03:17:27.886	0.84331	0.84332			6
2024.09.13	03:17:31.300	0.84330	0.84331			6
2024.09.13	03:17:31.644	0.84331	0.84332			6
2024.09.13	03:17:34.433	0.84330	0.84331			6
2024.09.13	03:17:37.026	0.84328	0.84329			6
2024.09.13	03:17:37.472	0.84327	0.84328			6
2024.09.13	03:17:42.379	0.84328	0.84329			6
2024.09.13	03:17:42.683	0.84329	0.84330			6
2024.09.13	03:17:45.141	0.84327	0.84328			6
2024.09.13	03:17:45.445	0.84328	0.84329			6
2024.09.13	03:17:51.354	0.84329	0.84330			6
2024.09.13	03:17:56.774	0.84328	0.84329			6
2024.09.13	03:17:59.720	0.84329	0.84330			6
2024.09.13	03:18:00.034	0.84329				2
2024.09.13	03:18:00.467	0.84328	0.84329			6
2024.09.13	03:18:05.690	0.84329	0.84330			6
2024.09.13	03:18:07.970	0.84328	0.84329			6
2024.09.13	03:18:12.728	0.84329	0.84330			6
2024.09.13	03:18:17.005	0.84328	0.84329			6
2024.09.13	03:18:30.897	0.84329	0.84330			6
2024.09.13	03:18:34.476	0.84330	0.84331			6
2024.09.13	03:18:40.729	0.84329	0.84330			6
2024.09.13	03:18:45.909	0.84330	0.84331			6
2024.09.13	03:18:54.502	0.84329	0.84330			6
2024.09.13	03:18:58.879	0.84330	0.84331			6
2024.09.13	03:19:00.531	0.84331	0.84332			6
2024.09.13	03:19:01.273	0.84330	0.84331			6
2024.09.13	03:19:03.746	0.84329	0.84330			6
2024.09.13	03:19:12.679	0.84328	0.84329			6
2024.09.13	03:19:12.986	0.84329	0.84330			6
2024.09.13	03:19:16.793	0.84330	0.84331			6
2024.09.13	03:19:28.362	0.84329	0.84330			6
2024.09.13	03:19:34.041	0.84327	0.84328			6
2024.09.13	03:19:43.030	0.84330	0.84331			6
2024.09.13	03:19:43.392	0.84331	0.84332			6
2024.09.13	03:19:44.321	0.84330	0.84331			6
2024.09.13	03:19:51.567	0.84329	0.84330			6
2024.09.13	03:19:56.414	0.84330	0.84331			6
2024.09.13	03:19:59.210	0.84329	0.84330			6
2024.09.13	03:19:59.980	0.84330	0.84331			6
2024.09.13	03:20:00.290	0.84330				2
2024.09.13	03:20:01.561	0.84329	0.84330			6
2024.09.13	03:20:11.451	0.84330	0.84331			6
2024.09.13	03:20:16.527	0.84329	0.84330			6
2024.09.13	03:20:21.561	0.84330	0.84331			6
2024.09.13	03:20:27.737	0.84329	0.84330			6
2024.09.13	03:20:28.092	0.84328	0.84329			6
2024.09.13	03:20:28.397	0.84329	0.84330			6
2024.09.13	03:20:28.719	0.84328	0.84329			6
2024.09.13	03:20:30.376	0.84329	0.84330			6
2024.09.13	03:20:36.773	0.84328	0.84329			6
2024.09.13	03:20:50.779	0.84329	0.84330			6
2024.09.13	03:20:51.715	0.84330	0.84331			6
2024.09.13	03:20:53.371	0.84329	0.84330			6
2024.09.13	03:21:00.257	0.84330	0.84331			6
2024.09.13	03:21:00.565	0.84329	0.84330			6
2024.09.13	03:21:00.878	0.84330	0.84331			6
2024.09.13	03:21:01.734	0.84329	0.84330			6
2024.09.13	03:21:02.054	0.84330	0.84331			6
2024.09.13	03:21:05.062	0.84329	0.84330			6
2024.09.13	03:21:05.365	0.84328	0.84329			6
2024.09.13	03:21:05.667	0.84329	0.84330			6
2024.09.13	03:21:06.978	0.84331	0.84332			6
2024.09.13	03:21:07.286	0.84333	0.84334			6
2024.09.13	03:21:08.177	0.84331				2
2024.09.13	03:21:08.734		0.84333			4
2024.09.13	03:21:09.662		0.84332			4
2024.09.13	03:21:12.251		0.84334			4
2024.09.13	03:21:15.467	0.84332	0.84333			6
2024.09.13	03:21:16.292	0.84331				2
2024.09.13	03:21:16.700	0.84332				2
2024.09.13	03:21:27.840	0.84331				2
2024.09.13	03:21:28.901	0.84332				2
2024.09.13	03:21:34.547	0.84333	0.84334			6
2024.09.13	03:21:56.230	0.84332	0.84333			6
2024.09.13	03:21:57.025	0.84331	0.84332			6
2024.09.13	03:21:57.458	0.84332	0.84333			6
2024.09.13	03:22:00.111	0.84332				2
2024.09.13	03:22:00.786	0.84331	0.84332			6
2024.09.13	03:22:06.472	0.84330	0.84331			6
2024.09.13	03:22:07.562	0.84329	0.84330			6
2024.09.13	03:22:13.262	0.84328	0.84329			6
2024.09.13	03:22:17.232	0.84329	0.84330			6
2024.09.13	03:22:19.046	0.84331	0.84332			6
2024.09.13	03:22:29.604	0.84335	0.84336			6
2024.09.13	03:22:29.918	0.84333	0.84334			6
2024.09.13	03:22:31.248	0.84334	0.84335			6
2024.09.13	03:22:31.564	0.84336	0.84337			6
2024.09.13	03:22:35.001	0.84335	0.84336			6
2024.09.13	03:22:50.875	0.84334	0.84335			6
2024.09.13	03:22:51.243	0.84333	0.84334			6
2024.09.13	03:22:52.220	0.84332	0.84333			6
2024.09.13	03:22:55.085	0.84333	0.84334			6
2024.09.13	03:22:56.466	0.84332	0.84333			6
2024.09.13	03:23:00.350	0.84332				2
2024.09.13	03:23:02.922	0.84333	0.84334			6
2024.09.13	03:23:15.714	0.84332	0.84333			6
2024.09.13	03:23:16.047	0.84331	0.84332			6
2024.09.13	03:23:20.447	0.84330	0.84331			6
2024.09.13	03:23:21.081	0.84329	0.84330			6
2024.09.13	03:23:25.207	0.84328	0.84329			6
2024.09.13	03:23:49.270	0.84327	0.84328			6
2024.09.13	03:23:56.343	0.84328	0.84329			6
2024.09.13	03:23:56.959	0.84329	0.84330			6
2024.09.13	03:23:57.511	0.84330	0.84331			6
2024.09.13	03:23:58.474	0.84329	0.84330			6
2024.09.13	03:23:58.830	0.84331	0.84332			6
2024.09.13	03:24:00.235	0.84331				2
2024.09.13	03:24:11.443	0.84330	0.84331			6
2024.09.13	03:24:12.504	0.84329	0.84330			6
2024.09.13	03:24:12.825	0.84327	0.84328			6
2024.09.13	03:24:13.784	0.84328	0.84329			6
2024.09.13	03:24:15.435	0.84330	0.84331			6
2024.09.13	03:24:16.041	0.84331	0.84332			6
2024.09.13	03:24:32.940	0.84330	0.84331			6
2024.09.13	03:24:45.803	0.84329	0.84330			6
2024.09.13	03:24:46.186	0.84330	0.84331			6
2024.09.13	03:24:51.096	0.84331	0.84332			6
2024.09.13	03:24:53.503	0.84332	0.84333			6
2024.09.13	03:25:00.465	0.84332				2
2024.09.13	03:25:26.311	0.84331	0.84332			6
2024.09.13	03:25:28.964	0.84332	0.84333			6
2024.09.13	03:25:29.604	0.84333	0.84334			6
2024.09.13	03:26:00.366	0.84333				2
2024.09.13	03:26:17.147	0.84334	0.84335			6
2024.09.13	03:26:17.465	0.84333	0.84334			6
2024.09.13	03:26:25.300	0.84332	0.84333			6
2024.09.13	03:26:25.653	0.84333	0.84334			6
2024.09.13	03:26:25.964	0.84332	0.84333			6
2024.09.13	03:26:35.728	0.84333	0.84334			6
2024.09.13	03:26:46.715	0.84332	0.84333			6
2024.09.13	03:26:47.048	0.84331	0.84332			6
2024.09.13	03:26:47.757	0.84332	0.84333			6
2024.09.13	03:26:51.572	0.84333	0.84334			6
2024.09.13	03:26:53.827	0.84332	0.84333			6
2024.09.13	03:26:59.974	0.84333	0.84334			6
2024.09.13	03:27:00.314	0.84333				2
2024.09.13	03:27:00.873	0.84332	0.84333			6
2024.09.13	03:27:02.114	0.84333	0.84334			6
2024.09.13	03:27:03.710	0.84337	0.84338			6
2024.09.13	03:27:11.212	0.84335	0.84336			6
2024.09.13	03:27:11.524	0.84336	0.84337			6
2024.09.13	03:27:13.616	0.84337	0.84338			6
2024.09.13	03:27:17.889	0.84338	0.84339			6
2024.09.13	03:27:20.871	0.84340	0.84341			6
2024.09.13	03:27:25.184	0.84341	0.84342			6
2024.09.13	03:27:27.893	0.84340	0.84341			6
2024.09.13	03:27:41.779	0.84339	0.84340			6
2024.09.13	03:27:43.114	0.84340	0.84341			6
2024.09.13	03:28:00.105	0.84340				2
2024.09.13	03:28:01.953	0.84341	0.84342			6
2024.09.13	03:28:02.636	0.84340	0.84341			6
2024.09.13	03:28:03.513	0.84341	0.84342			6
2024.09.13	03:28:14.642	0.84342	0.84343			6
2024.09.13	03:28:15.335	0.84343	0.84344			6
2024.09.13	03:28:27.698	0.84344	0.84345			6
2024.09.13	03:28:38.678	0.84345	0.84346			6
2024.09.13	03:28:39.393	0.84346	0.84347			6
2024.09.13	03:29:00.034	0.84346				2
2024.09.13	03:29:03.431	0.84347	0.84348			6
2024.09.13	03:29:10.977	0.84346	0.84347			6
2024.09.13	03:29:12.800	0.84347	0.84348			6
2024.09.13	03:29:14.496	0.84345	0.84346			6
2024.09.13	03:29:14.803	0.84344	0.84345			6
2024.09.13	03:29:23.320	0.84346	0.84347			6
2024.09.13	03:29:23.624	0.84345	0.84346			6
2024.09.13	03:29:24.949	0.84348	0.84349			6
2024.09.13	03:29:28.311	0.84347	0.84348			6
2024.09.13	03:29:31.004	0.84346	0.84347			6
2024.09.13	03:29:39.075	0.84348	0.84349			6
2024.09.13	03:29:41.977	0.84349	0.84350			6
2024.09.13	03:29:45.817	0.84348	0.84349			6
2024.09.13	03:29:46.201	0.84349	0.84350			6
2024.09.13	03:29:51.787	0.84348	0.84349			6
2024.09.13	03:30:00.522	0.84348				2
2024.09.13	03:30:08.981	0.84347	0.84348			6
2024.09.13	03:30:14.105	0.84348	0.84349			6
2024.09.13	03:30:22.091	0.84347	0.84348			6
2024.09.13	03:30:22.902	0.84346	0.84347			6
2024.09.13	03:30:23.223	0.84347	0.84348			6
2024.09.13	03:30:24.503	0.84346	0.84347			6
2024.09.13	03:30:26.624	0.84344	0.84345			6
2024.09.13	03:30:27.804	0.84343	0.84344			6
2024.09.13	03:30:30.550	0.84342	0.84343			6
2024.09.13	03:30:30.983	0.84343	0.84344			6
2024.09.13	03:30:45.830	0.84342	0.84343			6
2024.09.13	03:30:46.567	0.84339	0.84340			6
2024.09.13	03:30:47.680	0.84338	0.84339			6
2024.09.13	03:30:49.727	0.84337	0.84338			6
2024.09.13	03:30:52.277	0.84336	0.84337			6
2024.09.13	03:30:54.904	0.84335	0.84336			6
2024.09.13	03:31:00.269	0.84335				2
2024.09.13	03:31:02.892	0.84336	0.84337			6
2024.09.13	03:31:04.002	0.84335	0.84336			6
2024.09.13	03:31:06.136	0.84334	0.84335			6
2024.09.13	03:31:07.830	0.84335	0.84336			6
2024.09.13	03:31:08.143	0.84336	0.84337			6
2024.09.13	03:31:12.889	0.84335	0.84336			6
2024.09.13	03:31:13.524	0.84334	0.84335			6
2024.09.13	03:31:19.619	0.84335	0.84336			6
2024.09.13	03:31:21.443	0.84339	0.84340			6
2024.09.13	03:31:29.985	0.84340	0.84341			6
2024.09.13	03:31:33.704	0.84341	0.84342			6
2024.09.13	03:31:39.759	0.84340	0.84341			6
2024.09.13	03:31:41.052	0.84341	0.84342			6
2024.09.13	03:31:41.744		0.84343			4
2024.09.13	03:31:43.031		0.84342			4
2024.09.13	03:31:43.608		0.84343			4
2024.09.13	03:31:43.948		0.84342			4
2024.09.13	03:31:46.855		0.84343			4
2024.09.13	03:31:51.791	0.84342				2
2024.09.13	03:31:57.982	0.84343	0.84344			6
2024.09.13	03:31:58.303	0.84341	0.84343			6
2024.09.13	03:31:58.616	0.84342				2
2024.09.13	03:31:59.282		0.84344			4
2024.09.13	03:31:59.973	0.84343				2
2024.09.13	03:32:00.315	0.84343				2
2024.09.13	03:32:02.327	0.84342	0.84343			6
2024.09.13	03:32:03.022	0.84341				2
2024.09.13	03:32:04.320	0.84340	0.84341			6
2024.09.13	03:32:04.931		0.84342			4
2024.09.13	03:32:06.576		0.84341			4
2024.09.13	03:32:07.258	0.84342	0.84343			6
2024.09.13	03:32:09.209	0.84341				2
2024.09.13	03:32:12.724	0.84345	0.84346			6
2024.09.13	03:32:19.441	0.84343	0.84344			6
2024.09.13	03:32:22.588	0.84342	0.84343			6
2024.09.13	03:32:23.964	0.84343	0.84344			6
2024.09.13	03:32:32.838	0.84342	0.84343			6
2024.09.13	03:32:33.155	0.84343	0.84344			6
2024.09.13	03:32:33.732	0.84342	0.84343			6
2024.09.13	03:32:41.196	0.84338	0.84339			6
2024.09.13	03:32:43.605	0.84341	0.84342			6
2024.09.13	03:32:43.906	0.84342	0.84343			6
2024.09.13	03:32:45.964	0.84341	0.84342			6
2024.09.13	03:32:47.835	0.84342	0.84343			6
2024.09.13	03:32:48.160	0.84341	0.84342			6
2024.09.13	03:32:50.513	0.84342	0.84343			6
2024.09.13	03:32:51.612	0.84341	0.84342			6
2024.09.13	03:32:52.652	0.84342	0.84343			6
2024.09.13	03:33:00.259	0.84342				2
2024.09.13	03:33:04.600	0.84341	0.84342			6
2024.09.13	03:33:13.884	0.84342	0.84343			6
2024.09.13	03:33:16.502	0.84341	0.84342			6
2024.09.13	03:33:17.795	0.84340	0.84341			6
2024.09.13	03:33:22.857	0.84341	0.84342			6
2024.09.13	03:33:24.552	0.84340	0.84341			6
2024.09.13	03:33:26.009	0.84341	0.84342			6
2024.09.13	03:33:30.551	0.84340	0.84341			6
2024.09.13	03:33:30.864	0.84341	0.84342			6
2024.09.13	03:33:31.169	0.84339	0.84340			6
2024.09.13	03:33:31.495	0.84338	0.84339			6
2024.09.13	03:33:52.865	0.84339	0.84340			6
2024.09.13	03:33:55.729	0.84341	0.84342			6
2024.09.13	03:33:57.171	0.84338	0.84339			6
2024.09.13	03:33:58.160	0.84339	0.84340			6
2024.09.13	03:33:58.560	0.84338	0.84339			6
2024.09.13	03:34:00.647	0.84339	0.84340			6
2024.09.13	03:34:01.301	0.84338	0.84339			6
2024.09.13	03:34:02.050	0.84339	0.84340			6
2024.09.13	03:34:03.010	0.84338	0.84339			6
2024.09.13	03:34:15.463	0.84337	0.84338			6
2024.09.13	03:34:15.880	0.84338	0.84339			6
2024.09.13	03:34:16.195	0.84337	0.84338			6
2024.09.13	03:34:20.439	0.84338	0.84339			6
2024.09.13	03:34:20.765	0.84337	0.84338			6
2024.09.13	03:34:21.541	0.84336	0.84337			6
2024.09.13	03:34:25.282	0.84337	0.84338			6
2024.09.13	03:34:25.596	0.84336	0.84337			6
2024.09.13	03:34:25.959	0.84337	0.84338			6
2024.09.13	03:34:26.266	0.84338	0.84339			6
2024.09.13	03:34:26.675	0.84337	0.84338			6
2024.09.13	03:34:27.697	0.84338	0.84339			6
2024.09.13	03:34:45.756	0.84337	0.84338			6
2024.09.13	03:34:49.763	0.84338	0.84339			6
2024.09.13	03:34:50.067	0.84337	0.84338			6
2024.09.13	03:34:58.472	0.84338	0.84339			6
2024.09.13	03:34:58.784	0.84337	0.84338			6
2024.09.13	03:34:59.943	0.84338	0.84339			6
2024.09.13	03:35:00.326	0.84337	0.84338			6
2024.09.13	03:35:01.399	0.84336	0.84337			6
2024.09.13	03:35:02.157	0.84337	0.84338			6
2024.09.13	03:35:13.471	0.84338	0.84339			6
2024.09.13	03:35:14.143	0.84339	0.84340			6
2024.09.13	03:35:19.734	0.84338	0.84339			6
2024.09.13	03:35:36.606	0.84337	0.84338			6
2024.09.13	03:35:41.912	0.84338	0.84339			6
2024.09.13	03:35:42.572	0.84339	0.84340			6
2024.09.13	03:35:46.313	0.84338	0.84339			6
2024.09.13	03:35:47.097	0.84339	0.84340			6
2024.09.13	03:35:57.070	0.84340	0.84341			6
2024.09.13	03:35:58.976	0.84339	0.84340			6
2024.09.13	03:36:00.316	0.84339				2
2024.09.13	03:36:00.661	0.84340	0.84341			6
2024.09.13	03:36:04.397	0.84339	0.84340			6
2024.09.13	03:36:05.867	0.84340	0.84341			6
2024.09.13	03:36:07.334	0.84339	0.84340			6
2024.09.13	03:36:07.646	0.84338	0.84339			6
2024.09.13	03:36:09.357	0.84339	0.84340			6
2024.09.13	03:36:09.826	0.84338	0.84339			6
2024.09.13	03:36:10.364	0.84339	0.84340			6
2024.09.13	03:36:17.162	0.84340	0.84341			6
2024.09.13	03:36:18.730	0.84339	0.84340			6
2024.09.13	03:36:19.857	0.84340	0.84341			6
2024.09.13	03:36:22.947	0.84341	0.84342			6
2024.09.13	03:36:23.561	0.84340	0.84341			6
2024.09.13	03:36:23.864	0.84341	0.84342			6
2024.09.13	03:36:24.204	0.84342	0.84343			6
2024.09.13	03:36:25.221	0.84341	0.84342			6
2024.09.13	03:36:25.556	0.84340	0.84341			6
2024.09.13	03:36:32.342	0.84341	0.84342			6
2024.09.13	03:36:32.891	0.84340	0.84341			6
2024.09.13	03:36:39.772	0.84344	0.84345			6
2024.09.13	03:36:41.306	0.84345	0.84346			6
2024.09.13	03:36:42.063	0.84344	0.84345			6
2024.09.13	03:36:46.335	0.84343	0.84344			6
2024.09.13	03:36:47.028	0.84344	0.84345			6
2024.09.13	03:36:53.000	0.84343	0.84344			6
2024.09.13	03:36:57.269	0.84344	0.84345			6
2024.09.13	03:37:00.647	0.84344				2
2024.09.13	03:37:01.727	0.84345	0.84346			6
2024.09.13	03:37:02.391	0.84344	0.84345			6
2024.09.13	03:37:03.212	0.84343	0.84344			6
2024.09.13	03:37:03.516	0.84342	0.84343			6
2024.09.13	03:37:09.107	0.84343	0.84344			6
2024.09.13	03:37:09.411	0.84342	0.84343			6
2024.09.13	03:37:10.286	0.84343	0.84344			6
2024.09.13	03:37:11.446	0.84342	0.84343			6
2024.09.13	03:37:12.235	0.84344	0.84345			6
2024.09.13	03:37:12.957	0.84345	0.84346			6
2024.09.13	03:37:13.281	0.84344	0.84345			6
2024.09.13	03:37:22.652	0.84343	0.84344			6
2024.09.13	03:37:25.067	0.84342	0.84343			6
2024.09.13	03:37:26.852	0.84343	0.84344			6
2024.09.13	03:37:28.297	0.84342	0.84343			6
2024.09.13	03:37:30.045	0.84345	0.84346			6
2024.09.13	03:37:30.350	0.84344	0.84345			6
2024.09.13	03:37:33.046	0.84343	0.84344			6
2024.09.13	03:37:39.095	0.84344	0.84345			6
2024.09.13	03:37:40.671	0.84343	0.84344			6
2024.09.13	03:37:40.977	0.84344	0.84345			6
2024.09.13	03:37:42.904	0.84345	0.84346			6
2024.09.13	03:37:48.802	0.84346	0.84347			6
2024.09.13	03:37:59.443	0.84345	0.84346			6
2024.09.13	03:38:00.362	0.84344	0.84345			6
2024.09.13	03:38:00.833	0.84345	0.84346			6
2024.09.13	03:38:01.498	0.84344	0.84345			6
2024.09.13	03:38:02.183	0.84345	0.84346			6
2024.09.13	03:38:04.133	0.84344	0.84345			6
2024.09.13	03:38:04.442	0.84345	0.84346			6
2024.09.13	03:38:05.101	0.84343	0.84344			6
2024.09.13	03:38:05.718	0.84345	0.84346			6
2024.09.13	03:38:06.021	0.84344	0.84345			6
2024.09.13	03:38:09.385	0.84345	0.84346			6
2024.09.13	03:38:14.227	0.84344				2
2024.09.13	03:38:14.537	0.84346	0.84347			6
2024.09.13	03:38:15.585	0.84345	0.84346			6
2024.09.13	03:38:16.020	0.84346	0.84347			6
2024.09.13	03:38:17.916	0.84347	0.84348			6
2024.09.13	03:38:19.349	0.84348	0.84349			6
2024.09.13	03:38:20.851	0.84349	0.84350			6
2024.09.13	03:38:22.479	0.84350	0.84351			6
2024.09.13	03:38:22.783	0.84351	0.84352			6
2024.09.13	03:38:23.089	0.84352	0.84353			6
2024.09.13	03:38:23.476	0.84351	0.84352			6
2024.09.13	03:38:35.216	0.84350	0.84351			6
2024.09.13	03:38:38.247	0.84351	0.84352			6
2024.09.13	03:38:53.858	0.84352	0.84353			6
2024.09.13	03:38:56.754	0.84353	0.84354			6
2024.09.13	03:38:59.546	0.84352	0.84353			6
2024.09.13	03:38:59.925	0.84351	0.84352			6
2024.09.13	03:39:00.323	0.84351				2
2024.09.13	03:39:01.404	0.84352	0.84353			6
2024.09.13	03:39:03.660	0.84351	0.84352			6
2024.09.13	03:39:08.083	0.84350	0.84351			6
2024.09.13	03:39:14.718	0.84351	0.84352			6
2024.09.13	03:39:15.023	0.84352	0.84353			6
2024.09.13	03:39:16.857	0.84350	0.84351			6
2024.09.13	03:39:18.347	0.84349	0.84350			6
2024.09.13	03:39:19.228	0.84352	0.84353			6
2024.09.13	03:39:19.868	0.84353	0.84354			6
2024.09.13	03:39:21.592	0.84352	0.84353			6
2024.09.13	03:39:22.162	0.84353	0.84354			6
2024.09.13	03:39:22.464	0.84352	0.84353			6
2024.09.13	03:39:24.140	0.84353	0.84354			6
2024.09.13	03:39:25.228	0.84352				2
2024.09.13	03:39:25.613	0.84353				2
2024.09.13	03:39:32.562	0.84354	0.84355			6
2024.09.13	03:39:34.881	0.84353	0.84354			6
2024.09.13	03:39:36.392	0.84354	0.84355			6
2024.09.13	03:39:40.743	0.84353	0.84354			6
2024.09.13	03:39:41.046	0.84354	0.84355			6
2024.09.13	03:39:43.597	0.84353	0.84354			6
2024.09.13	03:39:44.103	0.84354	0.84355			6
2024.09.13	03:39:44.600	0.84353	0.84354			6
2024.09.13	03:39:51.071	0.84354	0.84355			6
2024.09.13	03:39:51.865	0.84353	0.84354			6
2024.09.13	03:39:53.380	0.84354	0.84355			6
2024.09.13	03:39:55.349	0.84353	0.84354			6
2024.09.13	03:40:00.717	0.84353				2
2024.09.13	03:40:03.535	0.84355	0.84356			6
2024.09.13	03:40:04.172	0.84356	0.84357			6
2024.09.13	03:40:07.322	0.84353	0.84354			6
2024.09.13	03:40:13.808	0.84351	0.84352			6
2024.09.13	03:40:18.039	0.84352	0.84353			6
2024.09.13	03:40:18.826	0.84353	0.84354			6
2024.09.13	03:40:21.582	0.84352	0.84353			6
2024.09.13	03:40:35.970	0.84351	0.84352			6
2024.09.13	03:40:45.206	0.84352	0.84353			6
2024.09.13	03:41:01.379	0.84352				2
2024.09.13	03:41:06.240	0.84351	0.84352			6
2024.09.13	03:41:10.311	0.84354	0.84355			6
2024.09.13	03:41:14.797	0.84355	0.84356			6
2024.09.13	03:41:15.108	0.84356	0.84357			6
2024.09.13	03:41:20.079	0.84357	0.84358			6
2024.09.13	03:41:20.432	0.84356	0.84357			6
2024.09.13	03:41:26.364	0.84357	0.84358			6
2024.09.13	03:41:27.673	0.84356	0.84357			6
2024.09.13	03:41:44.531	0.84357	0.84358			6
2024.09.13	03:41:45.470	0.84356	0.84357			6
2024.09.13	03:41:46.549	0.84355	0.84356			6
2024.09.13	03:41:49.116	0.84356	0.84357			6
2024.09.13	03:41:51.498	0.84357	0.84358			6
2024.09.13	03:41:57.266	0.84356	0.84357			6
2024.09.13	03:42:00.932	0.84356				2
2024.09.13	03:42:09.590	0.84357	0.84358			6
2024.09.13	03:42:09.906	0.84354	0.84355			6
2024.09.13	03:42:10.588	0.84353	0.84354			6
2024.09.13	03:42:18.132	0.84352	0.84353			6
2024.09.13	03:42:21.844	0.84353	0.84354			6
2024.09.13	03:42:23.488	0.84352	0.84353			6
2024.09.13	03:42:24.392	0.84353	0.84354			6
2024.09.13	03:42:25.244	0.84352	0.84353			6
2024.09.13	03:42:26.717	0.84354	0.84355			6
2024.09.13	03:42:27.136	0.84355	0.84356			6
2024.09.13	03:42:29.716	0.84353	0.84354			6
2024.09.13	03:42:30.037	0.84355	0.84356			6
2024.09.13	03:42:40.535	0.84354	0.84355			6
2024.09.13	03:42:42.105	0.84355	0.84356			6
2024.09.13	03:42:42.419	0.84354	0.84355			6
2024.09.13	03:42:43.627	0.84355	0.84356			6
2024.09.13	03:42:46.040	0.84356	0.84357			6
2024.09.13	03:42:46.460	0.84355	0.84356			6
2024.09.13	03:42:51.279	0.84356	0.84357			6
2024.09.13	03:42:51.586	0.84355	0.84356			6
2024.09.13	03:43:00.038	0.84354	0.84355			6
2024.09.13	03:43:01.423	0.84353	0.84354			6
2024.09.13	03:43:04.151	0.84354	0.84355			6
2024.09.13	03:43:04.463	0.84355	0.84356			6
2024.09.13	03:43:06.549	0.84354	0.84355			6
2024.09.13	03:43:10.387	0.84355	0.84356			6
2024.09.13	03:43:10.997	0.84354	0.84355			6
2024.09.13	03:43:12.151	0.84355	0.84356			6
2024.09.13	03:43:22.926	0.84356	0.84357			6
2024.09.13	03:43:23.310	0.84357	0.84358			6
2024.09.13	03:43:23.622	0.84355	0.84356			6
2024.09.13	03:43:25.338	0.84354	0.84355			6
2024.09.13	03:43:31.011	0.84353	0.84354			6
2024.09.13	03:43:34.480	0.84354	0.84355			6
2024.09.13	03:43:35.838	0.84352	0.84353			6
2024.09.13	03:43:36.499	0.84353	0.84354			6
2024.09.13	03:43:48.978	0.84354	0.84355			6
2024.09.13	03:44:00.135	0.84353	0.84354			6
2024.09.13	03:44:03.466	0.84352	0.84353			6
2024.09.13	03:44:06.289	0.84353	0.84354			6
2024.09.13	03:44:09.837	0.84352	0.84353			6
2024.09.13	03:44:10.786	0.84353	0.84354			6
2024.09.13	03:44:11.127	0.84352	0.84353			6
2024.09.13	03:44:17.513	0.84353	0.84354			6
2024.09.13	03:44:31.957	0.84355	0.84356			6
2024.09.13	03:44:32.265	0.84354	0.84355			6
2024.09.13	03:44:34.011	0.84355	0.84356			6
2024.09.13	03:44:37.261	0.84354	0.84355			6
2024.09.13	03:44:45.858	0.84355	0.84356			6
2024.09.13	03:44:48.385	0.84354	0.84355			6
2024.09.13	03:44:49.371	0.84355	0.84356			6
2024.09.13	03:44:49.693	0.84354	0.84355			6
2024.09.13	03:44:58.624	0.84355	0.84356			6
2024.09.13	03:44:59.119	0.84354	0.84355			6
2024.09.13	03:45:00.380	0.84354				2
2024.09.13	03:45:01.142	0.84355	0.84356			6
2024.09.13	03:45:02.237	0.84354	0.84355			6
2024.09.13	03:45:08.693	0.84355	0.84356			6
2024.09.13	03:45:09.030	0.84354	0.84355			6
2024.09.13	03:45:10.122	0.84355	0.84356			6
2024.09.13	03:45:10.428	0.84354	0.84355			6
2024.09.13	03:45:11.691	0.84355	0.84356			6
2024.09.13	03:45:15.339	0.84356	0.84357			6
2024.09.13	03:45:27.854	0.84355	0.84356			6
2024.09.13	03:45:28.193	0.84356	0.84357			6
2024.09.13	03:45:28.869	0.84357	0.84358			6
2024.09.13	03:45:29.647	0.84358	0.84359			6
2024.09.13	03:46:00.394	0.84358				2
2024.09.13	03:46:06.434	0.84357	0.84358			6
2024.09.13	03:46:10.867	0.84358	0.84359			6
2024.09.13	03:46:11.352	0.84357	0.84358			6
2024.09.13	03:46:17.376	0.84356	0.84357			6
2024.09.13	03:46:18.339	0.84357	0.84358			6
2024.09.13	03:46:49.514	0.84356	0.84357			6
2024.09.13	03:47:00.630	0.84355	0.84356			6
2024.09.13	03:47:05.123	0.84356	0.84357			6
2024.09.13	03:47:05.981	0.84355	0.84356			6
2024.09.13	03:47:06.993	0.84356	0.84357			6
2024.09.13	03:47:07.297	0.84355	0.84356			6
2024.09.13	03:47:08.501	0.84356	0.84357			6
2024.09.13	03:47:11.433	0.84353	0.84355			6
2024.09.13	03:47:14.389	0.84354				2
2024.09.13	03:47:15.659	0.84353				2
2024.09.13	03:47:16.149	0.84354				2
2024.09.13	03:47:25.477	0.84352	0.84353			6
2024.09.13	03:47:25.783	0.84353	0.84354			6
2024.09.13	03:47:33.794	0.84352	0.84353			6
2024.09.13	03:47:49.366	0.84350	0.84351			6
2024.09.13	03:47:50.797	0.84351	0.84352			6
2024.09.13	03:47:51.752	0.84350	0.84351			6
2024.09.13	03:47:56.975	0.84353	0.84354			6
2024.09.13	03:48:00.361	0.84353				2
2024.09.13	03:48:01.686	0.84351	0.84352			6
2024.09.13	03:48:01.996	0.84352	0.84353			6
2024.09.13	03:48:02.659	0.84351	0.84352			6
2024.09.13	03:48:04.005	0.84353	0.84354			6
2024.09.13	03:48:12.136	0.84354	0.84355			6
2024.09.13	03:48:18.802	0.84353	0.84354			6
2024.09.13	03:48:31.795	0.84351	0.84352			6
2024.09.13	03:48:40.674	0.84353	0.84354			6
2024.09.13	03:48:50.518	0.84354	0.84355			6
2024.09.13	03:48:51.476	0.84353	0.84354			6
2024.09.13	03:48:51.797	0.84354	0.84355			6
2024.09.13	03:48:52.133	0.84353	0.84354			6
2024.09.13	03:48:53.921	0.84350	0.84351			6
2024.09.13	03:49:01.305	0.84350				2
2024.09.13	03:49:09.933	0.84352	0.84353			6
2024.09.13	03:49:10.244	0.84353	0.84354			6
2024.09.13	03:49:26.749	0.84352	0.84353			6
2024.09.13	03:49:28.860	0.84353	0.84354			6
2024.09.13	03:49:48.927	0.84352	0.84353			6
2024.09.13	03:49:51.476	0.84351	0.84352			6
2024.09.13	03:49:55.825	0.84353	0.84354			6
2024.09.13	03:50:00.376	0.84353				2
2024.09.13	03:50:01.460	0.84352	0.84353			6
2024.09.13	03:50:01.794	0.84353	0.84354			6
2024.09.13	03:50:02.465	0.84355	0.84356			6
2024.09.13	03:50:02.916	0.84354	0.84355			6
2024.09.13	03:50:03.506	0.84358	0.84359			6
2024.09.13	03:50:07.322	0.84357	0.84358			6
2024.09.13	03:50:08.072	0.84358	0.84359			6
2024.09.13	03:50:09.847	0.84357	0.84358			6
2024.09.13	03:50:10.155	0.84358	0.84359			6
2024.09.13	03:50:12.178	0.84357	0.84358			6
2024.09.13	03:50:17.683	0.84358	0.84359			6
2024.09.13	03:50:20.229	0.84357	0.84358			6
2024.09.13	03:50:22.180	0.84358	0.84359			6
2024.09.13	03:50:22.521	0.84357	0.84358			6
2024.09.13	03:50:26.812	0.84358	0.84359			6
2024.09.13	03:50:28.377	0.84357	0.84358			6
2024.09.13	03:50:48.157	0.84356	0.84357			6
2024.09.13	03:50:48.463	0.84355	0.84356			6
2024.09.13	03:50:52.279	0.84354	0.84355			6
2024.09.13	03:50:53.546	0.84356	0.84357			6
2024.09.13	03:51:00.401	0.84356				2
2024.09.13	03:51:04.835	0.84358	0.84359			6
2024.09.13	03:51:06.052	0.84357	0.84358			6
2024.09.13	03:51:08.045	0.84358	0.84359			6
2024.09.13	03:51:10.325	0.84357	0.84358			6
2024.09.13	03:51:22.105	0.84356	0.84357			6
2024.09.13	03:51:29.310	0.84355	0.84356			6
2024.09.13	03:51:34.602	0.84356	0.84357			6
2024.09.13	03:51:35.258	0.84355	0.84356			6
2024.09.13	03:51:35.611	0.84356	0.84357			6
2024.09.13	03:52:00.286	0.84356				2
2024.09.13	03:52:05.803	0.84355	0.84356			6
2024.09.13	03:52:07.527	0.84354	0.84355			6
2024.09.13	03:52:08.089	0.84355	0.84356			6
2024.09.13	03:52:11.533	0.84356	0.84357			6
2024.09.13	03:52:11.862	0.84355	0.84356			6
2024.09.13	03:52:12.219	0.84357	0.84358			6
2024.09.13	03:52:13.580	0.84358	0.84359			6
2024.09.13	03:52:26.521	0.84359	0.84360			6
2024.09.13	03:52:49.226	0.84357	0.84358			6
2024.09.13	03:52:49.544	0.84355	0.84356			6
2024.09.13	03:52:49.850	0.84354	0.84355			6
2024.09.13	03:52:50.184	0.84355	0.84356			6
2024.09.13	03:52:52.142	0.84357	0.84358			6
2024.09.13	03:52:52.444	0.84358	0.84359			6
2024.09.13	03:52:52.763	0.84357	0.84358			6
2024.09.13	03:52:56.832	0.84358	0.84359			6
2024.09.13	03:52:57.998	0.84357	0.84358			6
2024.09.13	03:53:00.566	0.84357				2
2024.09.13	03:53:02.178	0.84356	0.84357			6
2024.09.13	03:53:04.555	0.84355	0.84356			6
2024.09.13	03:53:04.858	0.84354	0.84355			6
2024.09.13	03:53:06.894	0.84355	0.84356			6
2024.09.13	03:53:13.264	0.84354	0.84355			6
2024.09.13	03:53:13.592	0.84355	0.84356			6
2024.09.13	03:53:24.030	0.84356	0.84357			6
2024.09.13	03:53:27.563	0.84358	0.84359			6
2024.09.13	03:53:32.517	0.84359	0.84360			6
2024.09.13	03:53:40.288	0.84358	0.84359			6
2024.09.13	03:53:43.921	0.84359	0.84360			6
2024.09.13	03:53:45.481	0.84358	0.84359			6
2024.09.13	03:53:50.004	0.84359	0.84360			6
2024.09.13	03:53:50.613	0.84360	0.84361			6
2024.09.13	03:53:52.827	0.84359	0.84360			6
2024.09.13	03:53:53.887	0.84358	0.84359			6
2024.09.13	03:54:00.444	0.84358				2
2024.09.13	03:54:07.931	0.84359	0.84360			6
2024.09.13	03:54:08.385	0.84358	0.84359			6
2024.09.13	03:54:10.321	0.84359	0.84360			6
2024.09.13	03:54:11.006	0.84360	0.84361			6
2024.09.13	03:54:18.166	0.84361	0.84362			6
2024.09.13	03:54:18.485	0.84360	0.84361			6
2024.09.13	03:54:18.862	0.84361	0.84362			6
2024.09.13	03:54:20.042	0.84360	0.84361			6
2024.09.13	03:54:33.103	0.84359	0.84360			6
2024.09.13	03:54:33.423	0.84360	0.84361			6
2024.09.13	03:54:34.041	0.84359	0.84360			6
2024.09.13	03:54:34.665	0.84360	0.84361			6
2024.09.13	03:54:36.789	0.84361	0.84362			6
2024.09.13	03:54:37.421	0.84360	0.84361			6
2024.09.13	03:54:46.286	0.84359	0.84360			6
2024.09.13	03:54:49.886	0.84360	0.84361			6
2024.09.13	03:54:50.870	0.84359	0.84360			6
2024.09.13	03:54:55.654	0.84355	0.84356			6
2024.09.13	03:54:59.514	0.84351	0.84352			6
2024.09.13	03:55:00.124	0.84353	0.84354			6
2024.09.13	03:55:00.428	0.84355	0.84356			6
2024.09.13	03:55:02.063	0.84356	0.84357			6
2024.09.13	03:55:05.377	0.84357	0.84358			6
2024.09.13	03:55:06.162	0.84356	0.84357			6
2024.09.13	03:55:07.492	0.84357	0.84358			6
2024.09.13	03:55:08.876	0.84356	0.84357			6
2024.09.13	03:55:10.443	0.84357	0.84358			6
2024.09.13	03:55:10.764	0.84356	0.84357			6
2024.09.13	03:55:13.062	0.84357	0.84358			6
2024.09.13	03:55:15.022	0.84356	0.84357			6
2024.09.13	03:55:16.069	0.84357	0.84358			6
2024.09.13	03:55:18.398	0.84356	0.84357			6
2024.09.13	03:55:18.779	0.84355	0.84356			6
2024.09.13	03:55:22.324	0.84354	0.84355			6
2024.09.13	03:55:24.152	0.84355	0.84356			6
2024.09.13	03:55:27.906	0.84354	0.84355			6
2024.09.13	03:55:51.795	0.84353	0.84354			6
2024.09.13	03:55:52.538	0.84354	0.84355			6
2024.09.13	03:55:56.413	0.84355	0.84356			6
2024.09.13	03:55:57.121	0.84356	0.84357			6
2024.09.13	03:55:59.152	0.84355	0.84356			6
2024.09.13	03:56:00.209	0.84355				2
2024.09.13	03:56:09.522	0.84354	0.84355			6
2024.09.13	03:56:13.771	0.84355	0.84356			6
2024.09.13	03:56:15.241	0.84354	0.84355			6
2024.09.13	03:56:17.968	0.84358	0.84359			6
2024.09.13	03:56:23.560	0.84359	0.84360			6
2024.09.13	03:56:25.062	0.84360	0.84361			6
2024.09.13	03:56:27.191	0.84361	0.84362			6
2024.09.13	03:56:33.815	0.84359	0.84360			6
2024.09.13	03:56:35.429	0.84360	0.84361			6
2024.09.13	03:56:38.931	0.84359	0.84360			6
2024.09.13	03:56:39.237	0.84358	0.84359			6
2024.09.13	03:56:41.050	0.84356	0.84357			6
2024.09.13	03:56:43.162	0.84355	0.84356			6
2024.09.13	03:56:47.948	0.84356	0.84357			6
2024.09.13	03:56:48.282	0.84355	0.84356			6
2024.09.13	03:56:48.732	0.84354	0.84355			6
2024.09.13	03:56:50.563	0.84353	0.84354			6
2024.09.13	03:56:51.070	0.84355	0.84356			6
2024.09.13	03:56:51.968	0.84354	0.84355			6
2024.09.13	03:56:53.221	0.84351	0.84352			6
2024.09.13	03:56:59.049	0.84350	0.84351			6
2024.09.13	03:57:00.306	0.84350				2
2024.09.13	03:57:01.444	0.84349	0.84350			6
2024.09.13	03:57:04.714	0.84348	0.84349			6
2024.09.13	03:57:08.894	0.84347	0.84348			6
2024.09.13	03:57:09.631	0.84346	0.84347			6
2024.09.13	03:57:10.316	0.84345	0.84346			6
2024.09.13	03:57:10.623	0.84346	0.84347			6
2024.09.13	03:57:11.112	0.84345	0.84346			6
2024.09.13	03:57:12.629	0.84346	0.84347			6
2024.09.13	03:57:12.946	0.84344	0.84345			6
2024.09.13	03:57:15.175	0.84341	0.84342			6
2024.09.13	03:57:23.371	0.84342	0.84343			6
2024.09.13	03:57:25.693	0.84341	0.84342			6
2024.09.13	03:57:26.209	0.84344	0.84345			6
2024.09.13	03:57:27.986	0.84343	0.84344			6
2024.09.13	03:57:36.384	0.84344	0.84345			6
2024.09.13	03:57:40.398	0.84343	0.84344			6
2024.09.13	03:57:43.427	0.84344	0.84345			6
2024.09.13	03:57:43.794	0.84343	0.84344			6
2024.09.13	03:57:48.730	0.84344	0.84345			6
2024.09.13	03:57:54.626	0.84346	0.84347			6
2024.09.13	03:58:00.224	0.84347	0.84348			6
2024.09.13	03:58:01.207	0.84349	0.84350			6
2024.09.13	03:58:01.857	0.84348	0.84349			6
2024.09.13	03:58:03.410	0.84347	0.84348			6
2024.09.13	03:58:04.177	0.84348	0.84349			6
2024.09.13	03:58:12.807	0.84347	0.84348			6
2024.09.13	03:58:13.387	0.84346	0.84347			6
2024.09.13	03:58:15.608	0.84345	0.84346			6
2024.09.13	03:58:17.253	0.84346	0.84347			6
2024.09.13	03:58:24.756	0.84345	0.84346			6
2024.09.13	03:58:26.492	0.84344	0.84345			6
2024.09.13	03:58:26.795	0.84345	0.84346			6
2024.09.13	03:58:27.103	0.84346	0.84347			6
2024.09.13	03:58:31.172	0.84344	0.84345			6
2024.09.13	03:58:33.659	0.84343	0.84344			6
2024.09.13	03:58:37.537	0.84342	0.84343			6
2024.09.13	03:58:40.316	0.84340	0.84341			6
2024.09.13	03:58:42.405	0.84341	0.84342			6
2024.09.13	03:58:42.707	0.84340	0.84341			6
2024.09.13	03:58:46.083	0.84341	0.84342			6
2024.09.13	03:58:50.657	0.84339	0.84340			6
2024.09.13	03:58:50.978	0.84337	0.84338			6
2024.09.13	03:58:51.565	0.84336	0.84337			6
2024.09.13	03:58:53.229	0.84337	0.84338			6
2024.09.13	03:58:53.544	0.84338	0.84339			6
2024.09.13	03:58:54.656	0.84339	0.84340			6
2024.09.13	03:58:54.963	0.84340	0.84341			6
2024.09.13	03:58:56.034	0.84341	0.84342			6
2024.09.13	03:58:59.169	0.84340	0.84341			6
2024.09.13	03:59:00.323	0.84341	0.84342			6
2024.09.13	03:59:00.629	0.84342	0.84343			6
2024.09.13	03:59:00.948	0.84341	0.84342			6
2024.09.13	03:59:04.081	0.84342	0.84343			6
2024.09.13	03:59:04.408	0.84343	0.84344			6
2024.09.13	03:59:04.714	0.84342	0.84343			6
2024.09.13	03:59:06.931	0.84343	0.84344			6
2024.09.13	03:59:11.685	0.84342	0.84343			6
2024.09.13	03:59:15.281	0.84343	0.84344			6
2024.09.13	03:59:20.724	0.84344	0.84345			6
2024.09.13	03:59:21.639	0.84343	0.84344			6
2024.09.13	03:59:21.943	0.84344	0.84345			6
2024.09.13	03:59:23.115	0.84343	0.84344			6
2024.09.13	03:59:23.426	0.84342	0.84343			6
2024.09.13	03:59:27.078	0.84343	0.84344			6
2024.09.13	03:59:27.405	0.84342	0.84343			6
2024.09.13	03:59:30.382	0.84343	0.84344			6
2024.09.13	03:59:36.851	0.84345	0.84346			6
2024.09.13	03:59:37.969	0.84344	0.84345			6
2024.09.13	03:59:40.917	0.84343	0.84344			6
2024.09.13	04:00:00.278	0.84343				2
2024.09.13	04:00:00.594	0.84342	0.84343			6
2024.09.13	04:00:01.833	0.84341	0.84342			6
2024.09.13	04:00:02.155	0.84340	0.84341			6
2024.09.13	04:00:02.463	0.84339	0.84340			6
2024.09.13	04:00:02.777	0.84340	0.84341			6
2024.09.13	04:00:09.407	0.84339	0.84340			6
2024.09.13	04:00:15.439	0.84338	0.84339			6
2024.09.13	04:00:15.789	0.84339	0.84340			6
2024.09.13	04:00:16.146	0.84338	0.84339			6
2024.09.13	04:00:16.465	0.84337	0.84338			6
2024.09.13	04:00:17.615	0.84338	0.84339			6
2024.09.13	04:00:18.645	0.84337	0.84338			6
2024.09.13	04:00:19.060	0.84338	0.84339			6
2024.09.13	04:00:21.284	0.84337	0.84338			6
2024.09.13	04:00:24.509	0.84336	0.84337			6
2024.09.13	04:00:28.705	0.84338	0.84339			6
2024.09.13	04:00:29.738	0.84337	0.84338			6
2024.09.13	04:00:31.228	0.84339	0.84340			6
2024.09.13	04:00:35.063	0.84338	0.84339			6
2024.09.13	04:00:36.889	0.84339	0.84340			6
2024.09.13	04:00:38.157	0.84337	0.84338			6
2024.09.13	04:00:38.780	0.84336	0.84337			6
2024.09.13	04:00:39.084	0.84335	0.84336			6
2024.09.13	04:00:41.036	0.84336	0.84337			6
2024.09.13	04:00:41.421	0.84335	0.84336			6
2024.09.13	04:00:42.099	0.84336	0.84337			6
2024.09.13	04:00:44.885	0.84335	0.84336			6
2024.09.13	04:00:45.208	0.84336	0.84337			6
2024.09.13	04:00:46.267	0.84334	0.84335			6
2024.09.13	04:00:46.574	0.84335	0.84336			6
2024.09.13	04:00:46.920	0.84334	0.84335			6
2024.09.13	04:00:48.486	0.84335	0.84336			6
2024.09.13	04:00:49.156	0.84334	0.84335			6
2024.09.13	04:00:53.748	0.84333	0.84334			6
2024.09.13	04:00:55.965	0.84334	0.84335			6
2024.09.13	04:00:56.522	0.84333	0.84334			6
2024.09.13	04:01:00.466	0.84333				2
2024.09.13	04:01:02.564	0.84335	0.84336			6
2024.09.13	04:01:02.884	0.84334	0.84335			6
2024.09.13	04:01:03.188	0.84335	0.84336			6
2024.09.13	04:01:05.482	0.84334	0.84335			6
2024.09.13	04:01:06.131	0.84335	0.84336			6
2024.09.13	04:01:06.481	0.84336	0.84337			6
2024.09.13	04:01:06.796	0.84335	0.84336			6
2024.09.13	04:01:07.102	0.84334	0.84335			6
2024.09.13	04:01:07.628	0.84335	0.84336			6
2024.09.13	04:01:09.970	0.84334	0.84335			6
2024.09.13	04:01:10.288	0.84335	0.84336			6
2024.09.13	04:01:14.012	0.84333	0.84334			6
2024.09.13	04:01:14.982	0.84332	0.84333			6
2024.09.13	04:01:16.213	0.84336	0.84337			6
2024.09.13	04:01:17.289	0.84335	0.84336			6
2024.09.13	04:01:20.650	0.84336	0.84337			6
2024.09.13	04:01:21.536	0.84335	0.84336			6
2024.09.13	04:01:22.245	0.84336	0.84337			6
2024.09.13	04:01:23.452	0.84335	0.84336			6
2024.09.13	04:01:26.641	0.84336	0.84337			6
2024.09.13	04:01:26.988	0.84337	0.84338			6
2024.09.13	04:01:27.724	0.84336	0.84337			6
2024.09.13	04:01:29.125	0.84335	0.84336			6
2024.09.13	04:01:30.985	0.84334	0.84335			6
2024.09.13	04:01:32.242	0.84333	0.84334			6
2024.09.13	04:01:32.554	0.84334	0.84335			6
2024.09.13	04:01:33.244	0.84335	0.84336			6
2024.09.13	04:01:34.859	0.84334	0.84335			6
2024.09.13	04:01:36.352	0.84335	0.84336			6
2024.09.13	04:01:36.958	0.84334	0.84335			6
2024.09.13	04:01:37.317	0.84335	0.84336			6
2024.09.13	04:01:37.625	0.84336	0.84337			6
2024.09.13	04:01:38.375	0.84335	0.84336			6
2024.09.13	04:01:46.320	0.84334	0.84335			6
2024.09.13	04:01:47.407	0.84333	0.84334			6
2024.09.13	04:01:52.801	0.84334	0.84335			6
2024.09.13	04:01:55.690	0.84335	0.84336			6
2024.09.13	04:02:00.329	0.84335				2
2024.09.13	04:02:01.998	0.84334	0.84335			6
2024.09.13	04:02:02.305	0.84335	0.84336			6
2024.09.13	04:02:02.649	0.84333	0.84334			6
2024.09.13	04:02:28.871	0.84332	0.84333			6
2024.09.13	04:02:38.636	0.84331	0.84332			6
2024.09.13	04:02:38.980	0.84332	0.84333			6
2024.09.13	04:02:46.137	0.84329	0.84330			6
2024.09.13	04:02:47.141	0.84330	0.84331			6
2024.09.13	04:02:49.987	0.84329	0.84330			6
2024.09.13	04:02:52.805	0.84331	0.84332			6
2024.09.13	04:02:53.732	0.84330	0.84331			6
2024.09.13	04:02:54.289	0.84331	0.84332			6
2024.09.13	04:03:00.467	0.84331				2
2024.09.13	04:03:00.921	0.84329	0.84330			6
2024.09.13	04:03:03.466	0.84330	0.84331			6
2024.09.13	04:03:03.793	0.84329	0.84330			6
2024.09.13	04:03:05.453	0.84328	0.84329			6
2024.09.13	04:03:10.978	0.84330	0.84331			6
2024.09.13	04:03:11.283	0.84329	0.84330			6
2024.09.13	04:03:11.964	0.84328	0.84329			6
2024.09.13	04:03:12.966	0.84327	0.84328			6
2024.09.13	04:03:17.558	0.84328	0.84329			6
2024.09.13	04:03:22.921	0.84329	0.84330			6
2024.09.13	04:03:26.485	0.84328	0.84329			6
2024.09.13	04:03:34.087	0.84329	0.84330			6
2024.09.13	04:03:34.404	0.84330	0.84331			6
2024.09.13	04:03:36.710	0.84329	0.84330			6
2024.09.13	04:03:37.046	0.84330	0.84331			6
2024.09.13	04:03:37.350	0.84331	0.84332			6
2024.09.13	04:03:39.500	0.84330	0.84331			6
2024.09.13	04:03:41.563	0.84332	0.84333			6
2024.09.13	04:03:41.882	0.84331	0.84332			6
2024.09.13	04:03:42.909	0.84332	0.84333			6
2024.09.13	04:03:43.521	0.84333	0.84334			6
2024.09.13	04:03:53.260	0.84332	0.84333			6
2024.09.13	04:03:56.585	0.84333	0.84334			6
2024.09.13	04:03:56.903	0.84334	0.84335			6
2024.09.13	04:04:01.017	0.84334				2
2024.09.13	04:04:23.621	0.84335	0.84336			6
2024.09.13	04:04:26.894	0.84334	0.84335			6
2024.09.13	04:04:39.817	0.84336	0.84337			6
2024.09.13	04:04:40.143	0.84337	0.84338			6
2024.09.13	04:04:40.823	0.84336	0.84337			6
2024.09.13	04:04:42.028	0.84337	0.84338			6
2024.09.13	04:04:42.358	0.84338	0.84339			6
2024.09.13	04:04:44.593	0.84337	0.84338			6
2024.09.13	04:04:45.832	0.84338	0.84339			6
2024.09.13	04:04:48.820	0.84339	0.84340			6
2024.09.13	04:04:53.553	0.84338	0.84339			6
2024.09.13	04:04:56.250	0.84339	0.84340			6
2024.09.13	04:04:58.381	0.84338	0.84339			6
2024.09.13	04:04:59.956	0.84337	0.84338			6
2024.09.13	04:05:00.452	0.84337				2
2024.09.13	04:05:02.368	0.84336	0.84337			6
2024.09.13	04:05:04.001	0.84337	0.84338			6
2024.09.13	04:05:12.643	0.84336	0.84337			6
2024.09.13	04:05:36.300	0.84337	0.84338			6
2024.09.13	04:05:44.793	0.84338	0.84339			6
2024.09.13	04:06:00.180	0.84338				2
2024.09.13	04:06:04.427	0.84339	0.84340			6
2024.09.13	04:06:08.109	0.84343	0.84344			6
2024.09.13	04:06:09.738	0.84342	0.84343			6
2024.09.13	04:06:12.665	0.84344	0.84345			6
