<DATE>	<TIME>	<BID>	<ASK>	<LAST>	<VOLUME>	<FLAGS>
2024.10.16	00:00:00.418	0.83288	0.83467			6
2024.10.16	00:00:00.945	0.83277	0.83373			6
2024.10.16	00:00:01.718		0.83367			4
2024.10.16	00:00:30.899	0.83275				2
2024.10.16	00:01:00.616	0.83275				2
2024.10.16	00:01:13.622	0.83258	0.83368			6
2024.10.16	00:01:15.929		0.83385			4
2024.10.16	00:02:10.623	0.83258				2
2024.10.16	00:02:18.205		0.83385			4
2024.10.16	00:02:32.746	0.83264	0.83390			6
2024.10.16	00:02:51.620		0.83388			4
2024.10.16	00:02:52.475	0.83266				2
2024.10.16	00:02:53.942	0.83282				2
2024.10.16	00:02:56.809		0.83384			4
2024.10.16	00:02:58.445	0.83270				2
2024.10.16	00:03:00.751	0.83270				2
2024.10.16	00:03:04.762	0.83263	0.83390			6
2024.10.16	00:04:04.769	0.83266	0.83388			6
2024.10.16	00:04:07.777	0.83271	0.83384			6
2024.10.16	00:04:20.349	0.83266	0.83388			6
2024.10.16	00:05:00.454	0.83266				2
2024.10.16	00:05:06.102		0.83383			4
2024.10.16	00:05:10.411		0.83384			4
2024.10.16	00:05:12.364		0.83383			4
2024.10.16	00:05:15.231	0.83273	0.83384			6
2024.10.16	00:05:15.953	0.83243	0.83353			6
2024.10.16	00:05:16.366	0.83273	0.83384			6
2024.10.16	00:05:17.683	0.83269				2
2024.10.16	00:05:20.355		0.83383			4
2024.10.16	00:05:26.374		0.83384			4
2024.10.16	00:05:30.362		0.83383			4
2024.10.16	00:05:35.078		0.83382			4
2024.10.16	00:05:40.243		0.83383			4
2024.10.16	00:05:45.260		0.83384			4
2024.10.16	00:05:50.484		0.83382			4
2024.10.16	00:05:59.473		0.83380			4
2024.10.16	00:06:00.291	0.83269	0.83381			6
2024.10.16	00:06:02.261		0.83380			4
2024.10.16	00:06:04.955		0.83381			4
2024.10.16	00:06:06.400		0.83384			4
2024.10.16	00:06:16.157		0.83383			4
2024.10.16	00:06:18.371		0.83382			4
2024.10.16	00:06:37.335		0.83383			4
2024.10.16	00:06:38.428		0.83384			4
2024.10.16	00:06:48.372		0.83383			4
2024.10.16	00:07:04.519	0.83269				2
2024.10.16	00:07:10.369		0.83382			4
2024.10.16	00:07:17.943	0.83270				2
2024.10.16	00:07:36.361		0.83383			4
2024.10.16	00:07:40.381		0.83382			4
2024.10.16	00:07:44.765		0.83383			4
2024.10.16	00:07:52.363		0.83384			4
2024.10.16	00:08:00.369	0.83270				2
2024.10.16	00:08:02.362		0.83383			4
2024.10.16	00:08:46.035		0.83382			4
2024.10.16	00:08:46.356		0.83384			4
2024.10.16	00:08:56.252		0.83382			4
2024.10.16	00:09:20.615	0.83270				2
2024.10.16	00:09:56.257		0.83382			4
2024.10.16	00:10:00.346	0.83270	0.83384			6
2024.10.16	00:10:27.054		0.83380			4
2024.10.16	00:10:28.351		0.83383			4
2024.10.16	00:10:31.782		0.83384			4
2024.10.16	00:10:36.363		0.83383			4
2024.10.16	00:10:38.364		0.83381			4
2024.10.16	00:10:45.139		0.83382			4
2024.10.16	00:10:49.700		0.83383			4
2024.10.16	00:10:52.045		0.83382			4
2024.10.16	00:10:55.150		0.83381			4
2024.10.16	00:10:57.070	0.83275	0.83359			6
2024.10.16	00:11:00.740	0.83275				2
2024.10.16	00:11:57.334		0.83359			4
2024.10.16	00:12:08.359	0.83275				2
2024.10.16	00:12:12.066	0.83277	0.83357			6
2024.10.16	00:13:00.371	0.83277				2
2024.10.16	00:13:20.083		0.83357			4
2024.10.16	00:13:25.410	0.83278	0.83356			6
2024.10.16	00:14:00.760	0.83278				2
2024.10.16	00:14:25.935		0.83356			4
2024.10.16	00:14:51.770	0.83277	0.83357			6
2024.10.16	00:15:00.376	0.83277				2
2024.10.16	00:15:01.037	0.83278	0.83356			6
2024.10.16	00:15:01.866	0.83277	0.83357			6
2024.10.16	00:15:03.629	0.83276	0.83358			6
2024.10.16	00:16:00.596	0.83276				2
2024.10.16	00:16:07.001		0.83358			4
2024.10.16	00:16:07.962	0.83278	0.83356			6
2024.10.16	00:16:09.110	0.83276	0.83358			6
2024.10.16	00:16:12.087		0.83353			4
2024.10.16	00:16:13.403		0.83358			4
2024.10.16	00:16:28.911	0.83280	0.83355			6
2024.10.16	00:16:30.138		0.83356			4
2024.10.16	00:16:33.139		0.83357			4
2024.10.16	00:16:51.139		0.83356			4
2024.10.16	00:17:00.448	0.83280	0.83357			6
2024.10.16	00:17:06.143		0.83356			4
2024.10.16	00:17:29.829		0.83357			4
2024.10.16	00:18:00.377	0.83280				2
2024.10.16	00:18:15.738		0.83356			4
2024.10.16	00:18:46.541		0.83357			4
2024.10.16	00:19:01.576	0.83280				2
2024.10.16	00:19:17.090		0.83354			4
2024.10.16	00:19:19.040		0.83353			4
2024.10.16	00:20:00.376	0.83280				2
2024.10.16	00:20:17.120		0.83352			4
2024.10.16	00:20:26.162		0.83354			4
2024.10.16	00:20:30.741		0.83353			4
2024.10.16	00:20:51.743		0.83354			4
2024.10.16	00:21:03.227	0.83280				2
2024.10.16	00:21:19.939		0.83355			4
2024.10.16	00:21:26.649		0.83361			4
2024.10.16	00:21:28.343		0.83360			4
2024.10.16	00:21:32.869	0.83275	0.83374			6
2024.10.16	00:21:33.903		0.83372			4
2024.10.16	00:21:37.252	0.83274	0.83378			6
2024.10.16	00:21:39.404	0.83275	0.83376			6
2024.10.16	00:21:51.746	0.83276				2
2024.10.16	00:21:59.330		0.83375			4
2024.10.16	00:22:00.596	0.83276				2
2024.10.16	00:22:55.637	0.83277				2
2024.10.16	00:23:00.741	0.83276	0.83375			6
2024.10.16	00:23:06.387	0.83274	0.83378			6
2024.10.16	00:23:24.745		0.83377			4
2024.10.16	00:23:36.685		0.83373			4
2024.10.16	00:23:37.151		0.83372			4
2024.10.16	00:23:38.361		0.83377			4
2024.10.16	00:23:42.442	0.83273				2
2024.10.16	00:23:43.856		0.83378			4
2024.10.16	00:23:48.352		0.83373			4
2024.10.16	00:24:00.662	0.83273				2
2024.10.16	00:24:01.558	0.83276	0.83375			6
2024.10.16	00:24:20.088	0.83277	0.83374			6
2024.10.16	00:25:00.312	0.83277				2
2024.10.16	00:25:20.294		0.83374			4
2024.10.16	00:25:29.378	0.83275	0.83375			6
2024.10.16	00:25:30.360		0.83373			4
2024.10.16	00:25:32.877		0.83376			4
2024.10.16	00:25:36.136	0.83277	0.83374			6
2024.10.16	00:25:40.736		0.83373			4
2024.10.16	00:25:45.410		0.83374			4
2024.10.16	00:25:48.139	0.83278	0.83373			6
2024.10.16	00:25:48.749	0.83279	0.83372			6
2024.10.16	00:26:00.566	0.83279				2
2024.10.16	00:26:36.742		0.83371			4
2024.10.16	00:26:51.296	0.83280				2
2024.10.16	00:27:00.542	0.83280				2
2024.10.16	00:27:21.238	0.83282	0.83369			6
2024.10.16	00:27:25.359	0.83281	0.83370			6
2024.10.16	00:27:27.779	0.83282	0.83369			6
2024.10.16	00:27:34.357	0.83280	0.83370			6
2024.10.16	00:27:43.940		0.83371			4
2024.10.16	00:27:51.243	0.83279				2
2024.10.16	00:27:53.114	0.83280	0.83370			6
2024.10.16	00:27:54.035	0.83281				2
2024.10.16	00:28:03.025	0.83281				2
2024.10.16	00:28:57.907		0.83370			4
2024.10.16	00:29:05.770	0.83281				2
2024.10.16	00:29:30.401	0.83279	0.83371			6
2024.10.16	00:29:31.041		0.83372			4
2024.10.16	00:29:35.364	0.83280	0.83371			6
2024.10.16	00:29:37.378	0.83281	0.83370			6
2024.10.16	00:29:50.783		0.83369			4
2024.10.16	00:29:55.604	0.83282				2
2024.10.16	00:30:00.327	0.83282				2
2024.10.16	00:30:00.777	0.83283	0.83367			6
2024.10.16	00:30:01.374	0.83286	0.83365			6
2024.10.16	00:30:01.936	0.83287	0.83364			6
2024.10.16	00:30:07.436	0.83286				2
2024.10.16	00:30:13.835		0.83365			4
2024.10.16	00:30:22.766	0.83287	0.83364			6
2024.10.16	00:31:00.449	0.83287				2
2024.10.16	00:31:27.285		0.83364			4
2024.10.16	00:32:02.457	0.83287				2
2024.10.16	00:32:33.739	0.83286	0.83364			6
2024.10.16	00:32:54.667	0.83287				2
2024.10.16	00:33:03.895	0.83287				2
2024.10.16	00:33:13.757		0.83363			4
2024.10.16	00:33:18.309	0.83288				2
2024.10.16	00:33:30.271	0.83287				2
2024.10.16	00:34:09.467	0.83287				2
2024.10.16	00:34:09.785	0.83288				2
2024.10.16	00:34:19.377		0.83363			4
2024.10.16	00:34:23.878	0.83287	0.83364			6
2024.10.16	00:34:24.268	0.83288	0.83363			6
2024.10.16	00:35:01.945	0.83287				2
2024.10.16	00:35:09.786	0.83288				2
2024.10.16	00:35:24.800		0.83363			4
2024.10.16	00:35:39.225	0.83287				2
2024.10.16	00:35:39.536	0.83288				2
2024.10.16	00:35:48.730	0.83287				2
2024.10.16	00:35:49.909	0.83288				2
2024.10.16	00:36:00.611	0.83288				2
2024.10.16	00:36:08.881	0.83289	0.83362			6
2024.10.16	00:36:31.048		0.83361			4
2024.10.16	00:36:31.475		0.83362			4
2024.10.16	00:36:35.483		0.83356			4
2024.10.16	00:36:36.031		0.83362			4
2024.10.16	00:36:39.287		0.83361			4
2024.10.16	00:36:41.055	0.83290				2
2024.10.16	00:36:56.609	0.83289	0.83362			6
2024.10.16	00:36:56.925	0.83291	0.83360			6
2024.10.16	00:37:01.581	0.83291				2
2024.10.16	00:37:09.514	0.83290				2
2024.10.16	00:37:16.648	0.83291				2
2024.10.16	00:37:26.550	0.83290	0.83361			6
2024.10.16	00:37:26.981	0.83291	0.83359			6
2024.10.16	00:37:30.085		0.83360			4
2024.10.16	00:37:30.586		0.83359			4
2024.10.16	00:37:30.916		0.83360			4
2024.10.16	00:37:36.079	0.83292	0.83359			6
2024.10.16	00:37:54.742		0.83358			4
2024.10.16	00:38:01.668	0.83292				2
2024.10.16	00:38:02.222		0.83359			4
2024.10.16	00:38:07.833	0.83291				2
2024.10.16	00:38:08.331	0.83292				2
2024.10.16	00:38:08.903		0.83358			4
2024.10.16	00:38:10.408		0.83359			4
2024.10.16	00:38:15.459	0.83291	0.83360			6
2024.10.16	00:38:15.959	0.83292	0.83358			6
2024.10.16	00:38:16.475	0.83303	0.83369			6
2024.10.16	00:38:16.796	0.83302				2
2024.10.16	00:38:19.471	0.83300				2
2024.10.16	00:38:21.301	0.83301				2
2024.10.16	00:38:21.783	0.83300				2
2024.10.16	00:38:22.702	0.83302				2
2024.10.16	00:38:25.476	0.83303				2
2024.10.16	00:38:26.714	0.83302	0.83365			6
2024.10.16	00:38:30.537	0.83303	0.83369			6
2024.10.16	00:38:38.518		0.83365			4
2024.10.16	00:38:44.121	0.83302				2
2024.10.16	00:38:44.515	0.83303				2
2024.10.16	00:38:59.381	0.83304				2
2024.10.16	00:39:00.599	0.83304				2
2024.10.16	00:39:11.073	0.83302				2
2024.10.16	00:39:11.410	0.83301				2
2024.10.16	00:39:13.902	0.83305				2
2024.10.16	00:39:15.746	0.83307				2
2024.10.16	00:39:16.247	0.83305				2
2024.10.16	00:39:19.374	0.83313				2
2024.10.16	00:39:23.426	0.83312				2
2024.10.16	00:39:24.542	0.83313				2
2024.10.16	00:39:25.042	0.83312				2
2024.10.16	00:39:25.541	0.83313				2
2024.10.16	00:39:26.048	0.83312				2
2024.10.16	00:39:26.519	0.83313				2
2024.10.16	00:39:29.289	0.83314				2
2024.10.16	00:39:33.889	0.83313				2
2024.10.16	00:39:37.571	0.83312				2
2024.10.16	00:39:38.125	0.83313				2
2024.10.16	00:39:38.519		0.83365			4
2024.10.16	00:39:39.895	0.83314				2
2024.10.16	00:39:40.892	0.83313				2
2024.10.16	00:39:41.417	0.83314				2
2024.10.16	00:39:46.989	0.83312	0.83372			6
2024.10.16	00:39:47.335	0.83313	0.83343			6
2024.10.16	00:39:48.299	0.83312				2
2024.10.16	00:39:49.610		0.83365			4
2024.10.16	00:39:50.736	0.83313				2
2024.10.16	00:39:57.442	0.83312				2
2024.10.16	00:39:59.974	0.83311				2
2024.10.16	00:40:01.569	0.83311				2
2024.10.16	00:40:20.557	0.83309				2
2024.10.16	00:40:20.859	0.83307				2
2024.10.16	00:40:23.977	0.83308				2
2024.10.16	00:40:24.433		0.83368			4
2024.10.16	00:40:24.775	0.83310	0.83367			6
2024.10.16	00:40:26.237	0.83311	0.83366			6
2024.10.16	00:40:26.569	0.83309	0.83368			6
2024.10.16	00:40:27.484	0.83311	0.83366			6
2024.10.16	00:40:30.483		0.83365			4
2024.10.16	00:40:34.686		0.83366			4
2024.10.16	00:41:00.922	0.83311				2
2024.10.16	00:41:24.738	0.83310	0.83367			6
2024.10.16	00:41:34.688	0.83309	0.83368			6
2024.10.16	00:41:52.195	0.83308	0.83369			6
2024.10.16	00:42:00.375	0.83307				2
2024.10.16	00:42:00.708	0.83308				2
2024.10.16	00:42:06.437	0.83309	0.83368			6
2024.10.16	00:42:06.936	0.83308	0.83369			6
2024.10.16	00:42:26.206		0.83368			4
2024.10.16	00:42:30.744	0.83309				2
2024.10.16	00:42:46.476	0.83308				2
2024.10.16	00:42:49.897	0.83309				2
2024.10.16	00:42:54.509	0.83308	0.83369			6
2024.10.16	00:42:55.540	0.83309	0.83368			6
2024.10.16	00:43:00.599	0.83308				2
2024.10.16	00:43:01.455	0.83309				2
2024.10.16	00:43:08.538	0.83310	0.83367			6
2024.10.16	00:43:25.849		0.83366			4
2024.10.16	00:43:28.776	0.83311				2
2024.10.16	00:43:35.411	0.83313	0.83364			6
2024.10.16	00:43:44.504	0.83311	0.83366			6
2024.10.16	00:43:50.452	0.83313	0.83364			6
2024.10.16	00:43:50.982	0.83309	0.83367			6
2024.10.16	00:43:53.942	0.83311	0.83365			6
2024.10.16	00:44:00.208	0.83311				2
2024.10.16	00:44:01.441	0.83310	0.83367			6
2024.10.16	00:44:03.442	0.83307	0.83370			6
2024.10.16	00:44:03.828		0.83369			4
2024.10.16	00:44:05.217		0.83370			4
2024.10.16	00:44:05.610	0.83306	0.83368			6
2024.10.16	00:44:08.443	0.83307	0.83367			6
2024.10.16	00:44:10.276		0.83372			4
2024.10.16	00:44:10.700		0.83371			4
2024.10.16	00:44:15.738		0.83372			4
2024.10.16	00:44:22.184		0.83371			4
2024.10.16	00:44:24.020		0.83372			4
2024.10.16	00:44:26.759		0.83371			4
2024.10.16	00:44:27.860	0.83306	0.83372			6
2024.10.16	00:44:30.622	0.83307				2
2024.10.16	00:44:32.603	0.83308	0.83371			6
2024.10.16	00:44:47.616	0.83309	0.83370			6
2024.10.16	00:44:51.386	0.83308	0.83371			6
2024.10.16	00:44:55.361	0.83309	0.83370			6
2024.10.16	00:44:59.646	0.83308	0.83371			6
2024.10.16	00:45:00.422	0.83284	0.83349			6
2024.10.16	00:45:01.046	0.83287	0.83346			6
2024.10.16	00:45:01.399	0.83291	0.83342			6
2024.10.16	00:45:01.701	0.83280	0.83359			6
2024.10.16	00:45:02.015	0.83282	0.83330			6
2024.10.16	00:45:04.117	0.83280	0.83356			6
2024.10.16	00:45:07.521	0.83292	0.83344			6
2024.10.16	00:45:08.384		0.83355			4
2024.10.16	00:45:10.783		0.83357			4
2024.10.16	00:45:15.138		0.83356			4
2024.10.16	00:45:17.820		0.83362			4
2024.10.16	00:45:18.590		0.83361			4
2024.10.16	00:45:19.039		0.83356			4
2024.10.16	00:45:20.239		0.83355			4
2024.10.16	00:45:21.821		0.83343			4
2024.10.16	00:45:23.539		0.83342			4
2024.10.16	00:45:25.638		0.83341			4
2024.10.16	00:45:30.139		0.83340			4
2024.10.16	00:45:33.138		0.83338			4
2024.10.16	00:45:35.544		0.83337			4
2024.10.16	00:45:41.841		0.83336			4
2024.10.16	00:45:43.375		0.83337			4
2024.10.16	00:45:44.577		0.83336			4
2024.10.16	00:45:48.739		0.83335			4
2024.10.16	00:45:49.210		0.83334			4
2024.10.16	00:45:54.359		0.83333			4
2024.10.16	00:46:00.427	0.83291				2
2024.10.16	00:46:01.570		0.83335			4
2024.10.16	00:46:04.940	0.83294	0.83330			6
2024.10.16	00:46:26.883	0.83309	0.83337			6
2024.10.16	00:46:31.121		0.83336			4
2024.10.16	00:46:32.251	0.83296	0.83328			6
2024.10.16	00:46:41.880		0.83329			4
2024.10.16	00:46:43.082		0.83328			4
2024.10.16	00:46:48.707		0.83329			4
2024.10.16	00:46:54.339		0.83331			4
2024.10.16	00:46:59.268		0.83330			4
2024.10.16	00:46:59.748		0.83329			4
2024.10.16	00:47:00.304	0.83296				2
2024.10.16	00:47:01.917	0.83292	0.83327			6
2024.10.16	00:47:04.063	0.83296	0.83329			6
2024.10.16	00:47:19.938		0.83330			4
2024.10.16	00:47:52.955		0.83331			4
2024.10.16	00:48:00.129	0.83296	0.83330			6
2024.10.16	00:48:02.282		0.83331			4
2024.10.16	00:48:02.839		0.83330			4
2024.10.16	00:48:04.319		0.83331			4
2024.10.16	00:48:21.732		0.83330			4
2024.10.16	00:48:22.242		0.83331			4
2024.10.16	00:48:23.246		0.83339			4
2024.10.16	00:48:23.727		0.83334			4
2024.10.16	00:48:24.028		0.83339			4
2024.10.16	00:48:27.741		0.83338			4
2024.10.16	00:48:33.041	0.83286				2
2024.10.16	00:48:34.978		0.83334			4
2024.10.16	00:48:36.568		0.83338			4
2024.10.16	00:48:37.931	0.83285	0.83339			6
2024.10.16	00:48:40.699		0.83334			4
2024.10.16	00:48:45.180		0.83339			4
2024.10.16	00:48:50.643	0.83287	0.83337			6
2024.10.16	00:49:00.318	0.83287				2
2024.10.16	00:49:01.570	0.83289	0.83335			6
2024.10.16	00:49:02.126	0.83287	0.83337			6
2024.10.16	00:49:02.595		0.83332			4
2024.10.16	00:49:03.086		0.83329			4
2024.10.16	00:49:07.768	0.83288	0.83336			6
2024.10.16	00:49:11.035		0.83329			4
2024.10.16	00:49:12.739	0.83289				2
2024.10.16	00:49:21.540	0.83288	0.83336			6
2024.10.16	00:49:22.036	0.83287	0.83337			6
2024.10.16	00:49:22.694		0.83329			4
2024.10.16	00:49:23.195		0.83337			4
2024.10.16	00:49:23.692		0.83329			4
2024.10.16	00:49:33.684	0.83289				2
2024.10.16	00:49:46.672		0.83335			4
2024.10.16	00:49:49.062		0.83329			4
2024.10.16	00:49:50.726		0.83335			4
2024.10.16	00:49:51.742	0.83288	0.83336			6
2024.10.16	00:49:53.324	0.83289	0.83332			6
2024.10.16	00:49:55.751		0.83329			4
2024.10.16	00:49:56.918		0.83332			4
2024.10.16	00:49:58.381		0.83329			4
2024.10.16	00:50:00.420	0.83289	0.83332			6
2024.10.16	00:50:01.725	0.83290	0.83331			6
2024.10.16	00:50:03.795		0.83330			4
2024.10.16	00:50:05.302	0.83289				2
2024.10.16	00:50:10.681		0.83331			4
2024.10.16	00:50:13.385		0.83330			4
2024.10.16	00:50:14.045		0.83331			4
2024.10.16	00:50:16.038		0.83330			4
2024.10.16	00:50:16.542		0.83331			4
2024.10.16	00:50:17.037		0.83330			4
2024.10.16	00:50:17.541		0.83331			4
2024.10.16	00:50:18.032		0.83330			4
2024.10.16	00:50:18.542		0.83331			4
2024.10.16	00:50:19.038	0.83286	0.83315			6
2024.10.16	00:50:29.561	0.83280	0.83316			6
2024.10.16	00:50:30.315	0.83279	0.83315			6
2024.10.16	00:50:31.678	0.83298				2
2024.10.16	00:50:32.074	0.83296	0.83316			6
2024.10.16	00:50:32.908		0.83317			4
2024.10.16	00:50:34.224		0.83316			4
2024.10.16	00:50:39.090		0.83317			4
2024.10.16	00:50:40.034		0.83316			4
2024.10.16	00:51:00.416	0.83296	0.83317			6
2024.10.16	00:51:00.731		0.83316			4
2024.10.16	00:51:03.797	0.83279				2
2024.10.16	00:51:06.042	0.83296				2
2024.10.16	00:51:21.668	0.83293				2
2024.10.16	00:51:23.862	0.83296	0.83320			6
2024.10.16	00:51:24.169	0.83295	0.83328			6
2024.10.16	00:51:24.500	0.83294	0.83329			6
2024.10.16	00:51:24.808	0.83296	0.83327			6
2024.10.16	00:51:27.024	0.83297	0.83326			6
2024.10.16	00:51:27.772	0.83296	0.83328			6
2024.10.16	00:51:32.489		0.83327			4
2024.10.16	00:51:33.910		0.83328			4
2024.10.16	00:51:34.362	0.83288	0.83316			6
2024.10.16	00:51:34.940	0.83289				2
2024.10.16	00:51:35.894	0.83298	0.83325			6
2024.10.16	00:51:38.992	0.83284	0.83315			6
2024.10.16	00:51:40.934	0.83297	0.83327			6
2024.10.16	00:51:41.662	0.83299	0.83325			6
2024.10.16	00:51:46.054	0.83300	0.83334			6
2024.10.16	00:51:47.268	0.83298				2
2024.10.16	00:51:47.806	0.83301	0.83339			6
2024.10.16	00:51:48.140	0.83299	0.83324			6
2024.10.16	00:51:53.483	0.83301	0.83335			6
2024.10.16	00:51:53.879	0.83303				2
2024.10.16	00:51:54.410		0.83342			4
2024.10.16	00:51:54.721		0.83336			4
2024.10.16	00:51:55.514		0.83342			4
2024.10.16	00:51:55.974		0.83336			4
2024.10.16	00:51:56.421		0.83337			4
2024.10.16	00:51:58.290		0.83342			4
2024.10.16	00:51:58.778	0.83302				2
2024.10.16	00:51:59.620	0.83301	0.83335			6
2024.10.16	00:51:59.946	0.83302	0.83341			6
2024.10.16	00:52:00.415	0.83303				2
2024.10.16	00:52:05.133	0.83309	0.83344			6
2024.10.16	00:52:08.847	0.83311	0.83342			6
2024.10.16	00:52:14.238	0.83310	0.83343			6
2024.10.16	00:52:15.474	0.83311	0.83342			6
2024.10.16	00:52:16.955	0.83310	0.83343			6
2024.10.16	00:52:18.776	0.83309	0.83344			6
2024.10.16	00:52:19.902		0.83342			4
2024.10.16	00:52:20.830		0.83344			4
2024.10.16	00:52:23.297	0.83310	0.83343			6
2024.10.16	00:52:33.451	0.83311	0.83342			6
2024.10.16	00:52:36.356	0.83310	0.83343			6
2024.10.16	00:52:36.735		0.83346			4
2024.10.16	00:52:37.050	0.83314	0.83345			6
2024.10.16	00:52:40.339		0.83346			4
2024.10.16	00:52:41.439	0.83311	0.83342			6
2024.10.16	00:52:41.997	0.83314	0.83339			6
2024.10.16	00:52:42.544		0.83340			4
2024.10.16	00:52:43.979		0.83339			4
2024.10.16	00:52:45.810	0.83295	0.83328			6
2024.10.16	00:52:46.122	0.83300	0.83324			6
2024.10.16	00:52:46.878	0.83296	0.83328			6
2024.10.16	00:52:49.604	0.83295	0.83329			6
2024.10.16	00:53:00.119	0.83295				2
2024.10.16	00:53:21.525		0.83328			4
2024.10.16	00:53:27.893	0.83299	0.83325			6
2024.10.16	00:53:30.942	0.83296	0.83328			6
2024.10.16	00:53:45.141	0.83295				2
2024.10.16	00:53:49.041	0.83296				2
2024.10.16	00:53:52.340	0.83295				2
2024.10.16	00:53:55.321	0.83297	0.83327			6
2024.10.16	00:53:56.280	0.83295	0.83328			6
2024.10.16	00:54:00.139	0.83296				2
2024.10.16	00:54:02.880	0.83298	0.83326			6
2024.10.16	00:54:20.986	0.83300	0.83323			6
2024.10.16	00:54:21.526		0.83324			4
2024.10.16	00:54:21.844	0.83299				2
2024.10.16	00:54:22.700	0.83297	0.83327			6
2024.10.16	00:54:24.352		0.83326			4
2024.10.16	00:54:26.370	0.83296	0.83328			6
2024.10.16	00:54:27.982	0.83299	0.83325			6
2024.10.16	00:54:34.762	0.83297	0.83327			6
2024.10.16	00:54:36.800	0.83296				2
2024.10.16	00:54:40.340		0.83328			4
2024.10.16	00:55:00.322	0.83296				2
2024.10.16	00:55:08.244		0.83327			4
2024.10.16	00:55:08.840	0.83309	0.83332			6
2024.10.16	00:55:13.386	0.83308	0.83333			6
2024.10.16	00:55:14.643	0.83309	0.83332			6
2024.10.16	00:55:24.739	0.83310	0.83334			6
2024.10.16	00:55:37.389		0.83332			4
2024.10.16	00:55:37.712	0.83307	0.83335			6
2024.10.16	00:55:39.365	0.83308	0.83334			6
2024.10.16	00:55:39.680	0.83311	0.83335			6
2024.10.16	00:55:42.396	0.83312				2
2024.10.16	00:55:43.593	0.83311	0.83336			6
2024.10.16	00:55:46.422	0.83312	0.83335			6
2024.10.16	00:55:51.158	0.83309	0.83338			6
2024.10.16	00:55:51.501	0.83308	0.83337			6
2024.10.16	00:55:52.329	0.83301	0.83334			6
2024.10.16	00:55:52.639	0.83307	0.83343			6
2024.10.16	00:55:52.942		0.83344			4
2024.10.16	00:55:53.511	0.83310	0.83340			6
2024.10.16	00:56:01.596	0.83310				2
2024.10.16	00:56:02.902	0.83313	0.83337			6
2024.10.16	00:56:04.862	0.83314				2
2024.10.16	00:56:08.092	0.83313				2
2024.10.16	00:56:08.429	0.83312	0.83338			6
2024.10.16	00:56:10.361		0.83339			4
2024.10.16	00:56:13.008	0.83313	0.83338			6
2024.10.16	00:56:13.393	0.83314				2
2024.10.16	00:56:14.276	0.83313	0.83339			6
2024.10.16	00:56:15.521	0.83314	0.83337			6
2024.10.16	00:56:15.936	0.83313	0.83340			6
2024.10.16	00:56:16.273	0.83307	0.83344			6
2024.10.16	00:56:16.614	0.83315	0.83339			6
2024.10.16	00:56:23.697		0.83338			4
2024.10.16	00:56:30.442		0.83339			4
2024.10.16	00:56:31.603	0.83311	0.83335			6
2024.10.16	00:56:32.789	0.83312	0.83340			6
2024.10.16	00:56:35.276	0.83314				2
2024.10.16	00:56:40.600	0.83315	0.83339			6
2024.10.16	00:56:48.065	0.83308	0.83341			6
2024.10.16	00:56:48.391		0.83339			4
2024.10.16	00:56:50.327	0.83307	0.83338			6
2024.10.16	00:56:53.649	0.83308	0.83335			6
2024.10.16	00:56:59.547	0.83309	0.83334			6
2024.10.16	00:57:01.571	0.83309				2
2024.10.16	00:57:15.561	0.83308	0.83335			6
2024.10.16	00:57:17.845	0.83309	0.83334			6
2024.10.16	00:57:18.354	0.83308				2
2024.10.16	00:57:19.560	0.83309				2
2024.10.16	00:57:24.068		0.83335			4
2024.10.16	00:57:33.033	0.83305	0.83330			6
2024.10.16	00:57:36.109	0.83302				2
2024.10.16	00:57:39.378	0.83301	0.83337			6
2024.10.16	00:57:39.742		0.83340			4
2024.10.16	00:57:40.311	0.83306	0.83336			6
2024.10.16	00:57:41.440	0.83301	0.83331			6
2024.10.16	00:57:41.775	0.83303				2
2024.10.16	00:57:42.580	0.83308	0.83334			6
2024.10.16	00:57:45.868	0.83309	0.83335			6
2024.10.16	00:57:54.434		0.83336			4
2024.10.16	00:58:04.638	0.83309				2
2024.10.16	00:58:07.713	0.83310				2
2024.10.16	00:58:11.545	0.83309	0.83337			6
2024.10.16	00:58:12.025		0.83336			4
2024.10.16	00:58:16.427	0.83310				2
2024.10.16	00:58:37.316		0.83337			4
2024.10.16	00:58:45.220	0.83309	0.83336			6
2024.10.16	00:58:48.357	0.83306	0.83339			6
2024.10.16	00:58:49.586		0.83335			4
2024.10.16	00:58:50.797	0.83304	0.83336			6
2024.10.16	00:58:51.176		0.83340			4
2024.10.16	00:58:51.829		0.83337			4
2024.10.16	00:58:53.276		0.83336			4
2024.10.16	00:58:54.926	0.83305	0.83335			6
2024.10.16	00:58:55.300	0.83306				2
2024.10.16	00:59:00.312	0.83306	0.83334			6
2024.10.16	00:59:15.020		0.83335			4
2024.10.16	00:59:31.334		0.83338			4
2024.10.16	00:59:31.640		0.83335			4
2024.10.16	00:59:33.743		0.83338			4
2024.10.16	00:59:35.239		0.83336			4
2024.10.16	00:59:41.521	0.83305	0.83337			6
2024.10.16	00:59:51.858		0.83335			4
2024.10.16	00:59:52.685	0.83306				2
2024.10.16	00:59:53.912	0.83305				2
2024.10.16	00:59:54.338	0.83306	0.83336			6
2024.10.16	00:59:55.904	0.83308	0.83337			6
2024.10.16	00:59:56.240	0.83309	0.83338			6
2024.10.16	00:59:57.139		0.83339			4
2024.10.16	00:59:57.471	0.83308	0.83337			6
2024.10.16	00:59:57.794	0.83306	0.83336			6
2024.10.16	00:59:58.097	0.83305	0.83334			6
2024.10.16	00:59:58.406	0.83304				2
2024.10.16	01:00:00.312	0.83302	0.83336			6
2024.10.16	01:00:00.620	0.83303	0.83335			6
2024.10.16	01:00:00.927	0.83301	0.83339			6
2024.10.16	01:00:01.229	0.83303	0.83336			6
2024.10.16	01:00:01.534		0.83338			4
2024.10.16	01:00:02.377	0.83302	0.83334			6
2024.10.16	01:00:03.265	0.83301	0.83333			6
2024.10.16	01:00:04.382	0.83304	0.83338			6
2024.10.16	01:00:04.685		0.83332			4
2024.10.16	01:00:05.197		0.83335			4
2024.10.16	01:00:05.519		0.83340			4
2024.10.16	01:00:05.858		0.83336			4
2024.10.16	01:00:06.344	0.83303	0.83341			6
2024.10.16	01:00:07.040	0.83301	0.83336			6
2024.10.16	01:00:07.351	0.83304	0.83334			6
2024.10.16	01:00:07.694	0.83306	0.83336			6
2024.10.16	01:00:09.138	0.83307				2
2024.10.16	01:00:10.635	0.83306				2
2024.10.16	01:00:11.056	0.83303				2
2024.10.16	01:00:11.385	0.83302	0.83338			6
2024.10.16	01:00:12.091	0.83305	0.83335			6
2024.10.16	01:00:12.408	0.83307	0.83336			6
2024.10.16	01:00:12.798	0.83303	0.83333			6
2024.10.16	01:00:13.104		0.83332			4
2024.10.16	01:00:13.661		0.83331			4
2024.10.16	01:00:15.284	0.83304				2
2024.10.16	01:00:16.713	0.83302	0.83330			6
2024.10.16	01:00:17.020		0.83331			4
2024.10.16	01:00:18.180		0.83330			4
2024.10.16	01:00:20.292	0.83303				2
2024.10.16	01:00:20.603	0.83302	0.83329			6
2024.10.16	01:00:21.194	0.83305				2
2024.10.16	01:00:21.611	0.83307	0.83330			6
2024.10.16	01:00:21.975	0.83308	0.83335			6
2024.10.16	01:00:22.281	0.83310	0.83334			6
2024.10.16	01:00:22.582	0.83307	0.83329			6
2024.10.16	01:00:22.903	0.83306	0.83328			6
2024.10.16	01:00:23.231	0.83307	0.83329			6
2024.10.16	01:00:24.112	0.83306	0.83328			6
2024.10.16	01:00:25.407	0.83307	0.83332			6
2024.10.16	01:00:26.002	0.83310	0.83333			6
2024.10.16	01:00:26.351	0.83314				2
2024.10.16	01:00:26.653		0.83336			4
2024.10.16	01:00:28.755		0.83335			4
2024.10.16	01:00:30.326		0.83337			4
2024.10.16	01:00:30.643	0.83315	0.83339			6
2024.10.16	01:00:30.994	0.83316	0.83340			6
2024.10.16	01:00:31.652		0.83338			4
2024.10.16	01:00:32.655	0.83315				2
2024.10.16	01:00:32.977	0.83317				2
2024.10.16	01:00:34.654	0.83314				2
2024.10.16	01:00:36.305	0.83317	0.83327			6
2024.10.16	01:00:36.625		0.83332			4
2024.10.16	01:00:37.338	0.83316	0.83333			6
2024.10.16	01:00:37.729	0.83317	0.83332			6
2024.10.16	01:00:38.828		0.83333			4
2024.10.16	01:00:42.167	0.83315	0.83329			6
2024.10.16	01:00:42.848		0.83331			4
2024.10.16	01:00:43.599		0.83328			4
2024.10.16	01:00:46.143		0.83327			4
2024.10.16	01:00:48.958		0.83329			4
2024.10.16	01:00:57.386	0.83317	0.83330			6
2024.10.16	01:00:57.929	0.83315	0.83331			6
2024.10.16	01:01:00.312	0.83317	0.83330			6
2024.10.16	01:01:00.629	0.83318	0.83331			6
2024.10.16	01:01:01.309	0.83316	0.83332			6
2024.10.16	01:01:02.045		0.83333			4
2024.10.16	01:01:02.421	0.83318	0.83332			6
2024.10.16	01:01:03.472	0.83317				2
2024.10.16	01:01:05.375	0.83318	0.83330			6
2024.10.16	01:01:05.682	0.83316	0.83331			6
2024.10.16	01:01:08.161	0.83318				2
2024.10.16	01:01:09.604	0.83317				2
2024.10.16	01:01:10.939	0.83318				2
2024.10.16	01:01:11.932	0.83316	0.83333			6
2024.10.16	01:01:14.072		0.83332			4
2024.10.16	01:01:14.656		0.83333			4
2024.10.16	01:01:15.376		0.83330			4
2024.10.16	01:01:17.798	0.83315				2
2024.10.16	01:01:19.732		0.83331			4
2024.10.16	01:01:24.765		0.83330			4
2024.10.16	01:01:32.008		0.83331			4
2024.10.16	01:01:32.507	0.83321				2
2024.10.16	01:01:36.370		0.83333			4
2024.10.16	01:01:38.170		0.83332			4
2024.10.16	01:01:40.269		0.83333			4
2024.10.16	01:01:48.590	0.83322				2
2024.10.16	01:01:53.156		0.83330			4
2024.10.16	01:01:54.407	0.83330	0.83336			6
2024.10.16	01:01:54.711		0.83340			4
2024.10.16	01:01:55.380	0.83326	0.83335			6
2024.10.16	01:01:55.788		0.83336			4
2024.10.16	01:01:57.440		0.83335			4
2024.10.16	01:02:00.413	0.83326				2
2024.10.16	01:02:01.812	0.83328	0.83338			6
2024.10.16	01:02:04.975		0.83340			4
2024.10.16	01:02:07.241		0.83339			4
2024.10.16	01:02:10.460		0.83340			4
2024.10.16	01:02:10.785		0.83338			4
2024.10.16	01:02:12.383		0.83336			4
2024.10.16	01:02:17.829		0.83338			4
2024.10.16	01:02:25.971	0.83327				2
2024.10.16	01:02:31.357		0.83337			4
2024.10.16	01:02:38.375	0.83328	0.83338			6
2024.10.16	01:02:42.360	0.83333	0.83342			6
2024.10.16	01:02:47.358		0.83341			4
2024.10.16	01:02:48.916		0.83342			4
2024.10.16	01:03:00.449	0.83333				2
2024.10.16	01:03:04.102		0.83341			4
2024.10.16	01:03:22.746	0.83334	0.83342			6
2024.10.16	01:03:27.821		0.83343			4
2024.10.16	01:03:31.369		0.83342			4
2024.10.16	01:03:39.908		0.83341			4
2024.10.16	01:03:41.944		0.83342			4
2024.10.16	01:03:49.189		0.83344			4
2024.10.16	01:03:49.502		0.83343			4
2024.10.16	01:03:52.672		0.83341			4
2024.10.16	01:03:59.276		0.83342			4
2024.10.16	01:04:00.142	0.83334				2
2024.10.16	01:04:01.939		0.83341			4
2024.10.16	01:04:04.099		0.83342			4
2024.10.16	01:04:06.454		0.83343			4
2024.10.16	01:04:07.425		0.83342			4
2024.10.16	01:04:10.017		0.83343			4
2024.10.16	01:04:22.259	0.83333	0.83342			6
2024.10.16	01:04:22.566	0.83330	0.83339			6
2024.10.16	01:04:25.218		0.83338			4
2024.10.16	01:04:28.641		0.83339			4
2024.10.16	01:04:34.339		0.83338			4
2024.10.16	01:04:35.960	0.83332	0.83340			6
2024.10.16	01:04:40.377		0.83339			4
2024.10.16	01:04:40.773		0.83338			4
2024.10.16	01:04:56.833	0.83334	0.83340			6
2024.10.16	01:04:57.146		0.83339			4
2024.10.16	01:04:57.503		0.83340			4
2024.10.16	01:05:00.407	0.83335	0.83339			6
2024.10.16	01:05:01.229	0.83337				2
2024.10.16	01:05:04.190	0.83335				2
2024.10.16	01:05:15.455		0.83341			4
2024.10.16	01:05:19.668		0.83340			4
2024.10.16	01:05:37.703		0.83341			4
2024.10.16	01:05:53.631	0.83337				2
2024.10.16	01:06:00.276	0.83337				2
2024.10.16	01:06:06.778		0.83338			4
2024.10.16	01:06:08.648	0.83332	0.83336			6
2024.10.16	01:06:09.319		0.83337			4
2024.10.16	01:06:11.100	0.83329	0.83335			6
2024.10.16	01:06:21.937	0.83327				2
2024.10.16	01:06:23.049		0.83334			4
2024.10.16	01:06:25.038		0.83333			4
2024.10.16	01:07:00.494	0.83327				2
2024.10.16	01:07:31.575		0.83333			4
2024.10.16	01:07:53.002		0.83331			4
2024.10.16	01:08:00.375	0.83330				2
2024.10.16	01:08:00.684	0.83328				2
2024.10.16	01:08:02.423		0.83332			4
2024.10.16	01:08:27.869		0.83331			4
2024.10.16	01:08:31.940		0.83332			4
2024.10.16	01:08:32.819		0.83331			4
2024.10.16	01:08:36.882	0.83330	0.83334			6
2024.10.16	01:08:40.319	0.83331				2
2024.10.16	01:08:41.099		0.83335			4
2024.10.16	01:08:50.651		0.83336			4
2024.10.16	01:08:50.960		0.83335			4
2024.10.16	01:08:56.127	0.83335	0.83337			6
2024.10.16	01:09:01.943	0.83335	0.83338			6
2024.10.16	01:09:39.119	0.83336	0.83340			6
2024.10.16	01:09:39.741		0.83339			4
2024.10.16	01:09:42.415	0.83335	0.83338			6
2024.10.16	01:09:54.283		0.83339			4
2024.10.16	01:09:56.876		0.83338			4
2024.10.16	01:09:58.322	0.83338	0.83339			6
2024.10.16	01:09:58.640		0.83341			4
2024.10.16	01:10:00.391	0.83338	0.83339			6
2024.10.16	01:10:05.391	0.83336				2
2024.10.16	01:10:20.232	0.83335				2
2024.10.16	01:10:50.387		0.83340			4
2024.10.16	01:11:00.436	0.83336	0.83339			6
2024.10.16	01:11:00.795	0.83333	0.83337			6
2024.10.16	01:11:01.516		0.83336			4
2024.10.16	01:11:02.133	0.83332				2
2024.10.16	01:11:03.610	0.83333				2
2024.10.16	01:11:04.334	0.83332				2
2024.10.16	01:11:05.436		0.83335			4
2024.10.16	01:11:10.983	0.83331				2
2024.10.16	01:12:00.196	0.83331				2
2024.10.16	01:12:05.571		0.83335			4
2024.10.16	01:12:08.332	0.83330	0.83334			6
2024.10.16	01:12:13.940		0.83335			4
2024.10.16	01:12:18.146		0.83334			4
2024.10.16	01:12:21.379		0.83333			4
2024.10.16	01:12:55.702	0.83324	0.83330			6
2024.10.16	01:12:56.336		0.83328			4
2024.10.16	01:13:00.138	0.83324				2
2024.10.16	01:13:05.246		0.83329			4
2024.10.16	01:13:11.374		0.83328			4
2024.10.16	01:13:19.338	0.83325				2
2024.10.16	01:13:19.643		0.83329			4
2024.10.16	01:13:50.552	0.83326				2
2024.10.16	01:13:51.031		0.83330			4
2024.10.16	01:13:51.383	0.83321	0.83326			6
2024.10.16	01:13:51.685		0.83325			4
2024.10.16	01:14:00.057	0.83321				2
2024.10.16	01:14:05.277	0.83318	0.83322			6
2024.10.16	01:14:07.667	0.83320	0.83325			6
2024.10.16	01:14:08.026	0.83321				2
2024.10.16	01:14:24.048	0.83322	0.83326			6
2024.10.16	01:14:26.959	0.83323	0.83328			6
2024.10.16	01:14:34.467		0.83329			4
2024.10.16	01:14:35.399	0.83324				2
2024.10.16	01:14:37.414		0.83330			4
2024.10.16	01:14:45.471		0.83329			4
2024.10.16	01:14:55.070	0.83325				2
2024.10.16	01:14:56.826	0.83324				2
2024.10.16	01:15:00.381	0.83324	0.83327			6
2024.10.16	01:15:17.220	0.83321				2
2024.10.16	01:15:17.682		0.83328			4
2024.10.16	01:15:24.026	0.83320	0.83327			6
2024.10.16	01:15:25.534		0.83326			4
2024.10.16	01:15:28.746	0.83319	0.83325			6
2024.10.16	01:15:30.373	0.83318				2
2024.10.16	01:15:33.607		0.83324			4
2024.10.16	01:15:37.873		0.83322			4
2024.10.16	01:15:38.259	0.83319				2
2024.10.16	01:15:39.562		0.83323			4
2024.10.16	01:15:40.617		0.83324			4
2024.10.16	01:15:42.018		0.83322			4
2024.10.16	01:15:47.296	0.83318				2
2024.10.16	01:15:47.985	0.83317				2
2024.10.16	01:15:51.082	0.83319				2
2024.10.16	01:15:52.721		0.83323			4
2024.10.16	01:15:56.836	0.83317				2
2024.10.16	01:15:57.170	0.83319				2
2024.10.16	01:15:59.066	0.83318				2
2024.10.16	01:16:00.019	0.83319	0.83325			6
2024.10.16	01:16:00.533		0.83324			4
2024.10.16	01:16:03.921	0.83318				2
2024.10.16	01:16:04.664		0.83325			4
2024.10.16	01:16:07.443		0.83324			4
2024.10.16	01:16:10.384	0.83319	0.83326			6
2024.10.16	01:16:12.636		0.83325			4
2024.10.16	01:16:20.108		0.83321			4
2024.10.16	01:16:45.924		0.83322			4
2024.10.16	01:16:47.586	0.83318	0.83321			6
2024.10.16	01:16:50.366		0.83320			4
2024.10.16	01:16:57.949	0.83314	0.83318			6
2024.10.16	01:16:58.270	0.83315				2
2024.10.16	01:17:00.503	0.83315				2
2024.10.16	01:17:02.585		0.83320			4
2024.10.16	01:17:33.557	0.83316	0.83321			6
2024.10.16	01:17:33.874	0.83317				2
2024.10.16	01:17:34.192	0.83315	0.83320			6
2024.10.16	01:17:34.731	0.83316				2
2024.10.16	01:17:38.392	0.83315				2
2024.10.16	01:17:40.693		0.83321			4
2024.10.16	01:17:47.510		0.83320			4
2024.10.16	01:17:49.319		0.83321			4
2024.10.16	01:17:58.077	0.83316				2
2024.10.16	01:18:05.073	0.83318	0.83323			6
2024.10.16	01:18:15.274		0.83322			4
2024.10.16	01:18:15.972		0.83323			4
2024.10.16	01:18:27.665	0.83316				2
2024.10.16	01:18:28.227	0.83318				2
2024.10.16	01:18:49.477	0.83316	0.83322			6
2024.10.16	01:18:54.542	0.83317				2
2024.10.16	01:18:57.459	0.83316				2
2024.10.16	01:19:00.799	0.83316				2
2024.10.16	01:19:01.837	0.83317				2
2024.10.16	01:19:10.705	0.83316				2
2024.10.16	01:19:30.242	0.83317				2
2024.10.16	01:19:49.175	0.83318	0.83323			6
2024.10.16	01:19:53.641	0.83317				2
2024.10.16	01:19:54.113	0.83318				2
2024.10.16	01:19:55.014	0.83317				2
2024.10.16	01:19:56.877	0.83318				2
2024.10.16	01:20:00.315	0.83318				2
2024.10.16	01:20:01.404	0.83317	0.83322			6
2024.10.16	01:20:03.417	0.83318				2
2024.10.16	01:20:09.102		0.83323			4
2024.10.16	01:20:15.281	0.83319				2
2024.10.16	01:20:18.364	0.83318				2
2024.10.16	01:20:20.809	0.83319				2
2024.10.16	01:20:21.118	0.83318				2
2024.10.16	01:20:26.121		0.83322			4
2024.10.16	01:20:46.426		0.83323			4
2024.10.16	01:20:49.176		0.83322			4
2024.10.16	01:20:52.708	0.83322	0.83323			6
2024.10.16	01:20:53.045	0.83321				2
2024.10.16	01:20:54.504	0.83323	0.83326			6
2024.10.16	01:20:56.356	0.83324				2
2024.10.16	01:21:00.427	0.83324				2
2024.10.16	01:21:37.040	0.83323				2
2024.10.16	01:21:37.345	0.83324				2
2024.10.16	01:21:37.843	0.83323				2
2024.10.16	01:21:41.120	0.83324				2
2024.10.16	01:21:43.495	0.83323				2
2024.10.16	01:21:45.174	0.83324				2
2024.10.16	01:21:47.322	0.83323				2
2024.10.16	01:21:48.376	0.83324	0.83327			6
2024.10.16	01:22:00.029	0.83324				2
2024.10.16	01:22:06.102		0.83328			4
2024.10.16	01:22:06.484	0.83326	0.83329			6
2024.10.16	01:22:06.894	0.83327				2
2024.10.16	01:22:08.642	0.83325	0.83327			6
2024.10.16	01:22:10.837	0.83324				2
2024.10.16	01:22:22.271	0.83327	0.83329			6
2024.10.16	01:22:29.677	0.83326				2
2024.10.16	01:22:38.207	0.83327				2
2024.10.16	01:22:47.580	0.83330	0.83332			6
2024.10.16	01:22:53.228	0.83331	0.83334			6
2024.10.16	01:23:00.431	0.83331				2
2024.10.16	01:23:31.831		0.83333			4
2024.10.16	01:23:33.992	0.83329	0.83332			6
2024.10.16	01:23:38.007	0.83327	0.83330			6
2024.10.16	01:23:41.916	0.83329	0.83332			6
2024.10.16	01:23:42.352	0.83328				2
2024.10.16	01:23:43.962		0.83331			4
2024.10.16	01:23:51.043	0.83327	0.83329			6
2024.10.16	01:24:00.202	0.83326				2
2024.10.16	01:24:04.530	0.83327				2
2024.10.16	01:24:11.255	0.83326	0.83330			6
2024.10.16	01:24:30.357	0.83325				2
2024.10.16	01:24:44.431	0.83326	0.83329			6
2024.10.16	01:24:54.290	0.83324	0.83328			6
2024.10.16	01:24:58.359	0.83325				2
2024.10.16	01:24:59.888	0.83324	0.83325			6
2024.10.16	01:25:00.195	0.83324				2
2024.10.16	01:25:00.715		0.83326			4
2024.10.16	01:25:05.673	0.83323	0.83325			6
2024.10.16	01:25:05.976	0.83324				2
2024.10.16	01:25:08.347	0.83323				2
2024.10.16	01:25:23.999	0.83322				2
2024.10.16	01:25:28.639	0.83323				2
2024.10.16	01:25:29.105		0.83326			4
2024.10.16	01:25:35.367	0.83327	0.83328			6
2024.10.16	01:25:35.874		0.83329			4
2024.10.16	01:25:46.482	0.83329	0.83333			6
2024.10.16	01:25:47.106		0.83332			4
2024.10.16	01:25:49.490	0.83330	0.83333			6
2024.10.16	01:25:51.531	0.83333	0.83335			6
2024.10.16	01:25:54.263	0.83332	0.83334			6
2024.10.16	01:25:55.131	0.83333				2
2024.10.16	01:26:00.303	0.83333				2
2024.10.16	01:26:11.721	0.83332				2
2024.10.16	01:26:12.025		0.83333			4
2024.10.16	01:26:14.966	0.83330	0.83332			6
2024.10.16	01:26:18.846		0.83333			4
2024.10.16	01:26:34.158	0.83331	0.83332			6
2024.10.16	01:26:35.640		0.83333			4
2024.10.16	01:26:44.115		0.83332			4
2024.10.16	01:26:47.050		0.83336			4
2024.10.16	01:26:48.102	0.83330	0.83334			6
2024.10.16	01:27:00.444	0.83330	0.83332			6
2024.10.16	01:27:00.982	0.83329	0.83331			6
2024.10.16	01:27:10.477		0.83330			4
2024.10.16	01:27:12.377		0.83331			4
2024.10.16	01:27:14.188	0.83330				2
2024.10.16	01:27:49.044	0.83329				2
2024.10.16	01:27:51.402		0.83332			4
2024.10.16	01:27:53.221	0.83333	0.83336			6
2024.10.16	01:27:53.523	0.83335	0.83337			6
2024.10.16	01:28:02.088	0.83335				2
2024.10.16	01:28:16.578	0.83333				2
2024.10.16	01:28:19.674	0.83331				2
2024.10.16	01:28:20.001		0.83336			4
2024.10.16	01:28:25.349	0.83332	0.83337			6
2024.10.16	01:28:25.933		0.83336			4
2024.10.16	01:28:26.366	0.83331				2
2024.10.16	01:28:30.742	0.83332				2
2024.10.16	01:28:31.076	0.83331	0.83338			6
2024.10.16	01:28:33.685	0.83332				2
2024.10.16	01:28:39.319	0.83331				2
2024.10.16	01:28:46.312	0.83332	0.83336			6
2024.10.16	01:28:47.061	0.83331				2
2024.10.16	01:28:48.028	0.83332				2
2024.10.16	01:28:57.094	0.83331	0.83338			6
2024.10.16	01:28:58.254	0.83332				2
2024.10.16	01:28:58.626	0.83331				2
2024.10.16	01:29:03.534	0.83331				2
2024.10.16	01:29:03.983	0.83332	0.83337			6
2024.10.16	01:29:06.103		0.83338			4
2024.10.16	01:29:17.491		0.83339			4
2024.10.16	01:29:18.411		0.83337			4
2024.10.16	01:29:32.513	0.83333				2
2024.10.16	01:29:38.536	0.83332				2
2024.10.16	01:29:40.222	0.83333				2
2024.10.16	01:29:42.203		0.83336			4
2024.10.16	01:29:42.512	0.83334				2
2024.10.16	01:29:47.284	0.83333				2
2024.10.16	01:29:48.843		0.83337			4
2024.10.16	01:30:00.306	0.83335				2
2024.10.16	01:30:02.125		0.83338			4
2024.10.16	01:30:04.098		0.83337			4
2024.10.16	01:30:07.252	0.83336	0.83338			6
2024.10.16	01:30:17.770	0.83335				2
2024.10.16	01:30:21.041	0.83336				2
2024.10.16	01:30:22.984	0.83337				2
2024.10.16	01:30:23.317	0.83338	0.83339			6
2024.10.16	01:30:31.246	0.83336	0.83337			6
2024.10.16	01:31:01.007	0.83334	0.83335			6
2024.10.16	01:31:01.893	0.83333	0.83334			6
2024.10.16	01:31:03.210	0.83331	0.83333			6
2024.10.16	01:31:12.162		0.83332			4
2024.10.16	01:31:59.860	0.83330	0.83331			6
2024.10.16	01:32:00.973	0.83330				2
2024.10.16	01:32:10.599	0.83331	0.83332			6
2024.10.16	01:32:39.593	0.83330	0.83331			6
2024.10.16	01:32:40.071	0.83331	0.83332			6
2024.10.16	01:33:00.438	0.83331				2
2024.10.16	01:33:03.577	0.83330	0.83331			6
2024.10.16	01:33:16.317	0.83331	0.83332			6
2024.10.16	01:33:17.044	0.83333	0.83334			6
2024.10.16	01:33:17.721		0.83335			4
2024.10.16	01:33:19.155	0.83332	0.83333			6
2024.10.16	01:33:36.396	0.83333	0.83334			6
2024.10.16	01:33:38.690		0.83335			4
2024.10.16	01:33:40.687	0.83332	0.83333			6
2024.10.16	01:33:44.354	0.83335	0.83336			6
2024.10.16	01:33:45.710	0.83334	0.83335			6
2024.10.16	01:34:03.613	0.83333	0.83334			6
2024.10.16	01:34:11.710	0.83331	0.83332			6
2024.10.16	01:34:57.682	0.83330	0.83331			6
2024.10.16	01:35:00.516	0.83329				2
2024.10.16	01:35:04.991	0.83330				2
2024.10.16	01:35:08.302		0.83332			4
2024.10.16	01:35:18.978	0.83331				2
2024.10.16	01:35:27.365	0.83330				2
2024.10.16	01:35:28.940		0.83331			4
2024.10.16	01:35:32.702	0.83331	0.83334			6
2024.10.16	01:35:33.427		0.83333			4
2024.10.16	01:36:02.847	0.83330	0.83332			6
2024.10.16	01:37:01.637	0.83330				2
2024.10.16	01:37:03.353		0.83332			4
2024.10.16	01:37:15.224	0.83331				2
2024.10.16	01:37:29.629	0.83328	0.83330			6
2024.10.16	01:37:36.502	0.83331	0.83333			6
2024.10.16	01:37:37.561	0.83332				2
2024.10.16	01:37:42.630	0.83333	0.83334			6
2024.10.16	01:37:50.155	0.83332	0.83333			6
2024.10.16	01:37:56.595	0.83333	0.83334			6
2024.10.16	01:37:58.499	0.83332				2
2024.10.16	01:37:59.313		0.83333			4
2024.10.16	01:38:01.129	0.83330	0.83332			6
2024.10.16	01:38:01.492	0.83331				2
2024.10.16	01:38:12.140	0.83330	0.83331			6
2024.10.16	01:38:42.494	0.83329				2
2024.10.16	01:38:42.879	0.83330				2
2024.10.16	01:39:00.003	0.83330				2
2024.10.16	01:39:01.448	0.83328	0.83329			6
2024.10.16	01:39:01.940	0.83329	0.83330			6
2024.10.16	01:39:16.341	0.83328	0.83329			6
2024.10.16	01:39:16.793		0.83330			4
2024.10.16	01:39:18.240	0.83327	0.83328			6
2024.10.16	01:39:23.994		0.83329			4
2024.10.16	01:39:31.982	0.83326	0.83327			6
2024.10.16	01:39:44.733	0.83325				2
2024.10.16	01:39:47.242	0.83326				2
2024.10.16	01:40:00.269	0.83326				2
2024.10.16	01:40:03.461	0.83327	0.83329			6
2024.10.16	01:40:03.764	0.83326				2
2024.10.16	01:40:18.195	0.83327				2
2024.10.16	01:40:18.844		0.83328			4
2024.10.16	01:40:24.670	0.83326				2
2024.10.16	01:40:27.929		0.83327			4
2024.10.16	01:40:35.017	0.83327	0.83329			6
2024.10.16	01:40:43.630		0.83328			4
2024.10.16	01:40:43.965		0.83329			4
2024.10.16	01:40:56.278		0.83328			4
2024.10.16	01:41:00.006	0.83327				2
2024.10.16	01:41:00.937	0.83326	0.83327			6
2024.10.16	01:41:08.808	0.83327	0.83328			6
2024.10.16	01:41:15.297		0.83329			4
2024.10.16	01:41:30.680		0.83330			4
2024.10.16	01:41:36.412	0.83328	0.83329			6
2024.10.16	01:42:00.064	0.83328				2
2024.10.16	01:42:03.833		0.83330			4
2024.10.16	01:42:05.962	0.83329				2
2024.10.16	01:42:06.652	0.83328				2
2024.10.16	01:42:07.484	0.83329				2
2024.10.16	01:42:30.378	0.83330	0.83331			6
2024.10.16	01:42:32.343	0.83329	0.83330			6
2024.10.16	01:43:00.445	0.83329				2
2024.10.16	01:43:31.534	0.83327	0.83331			6
2024.10.16	01:43:32.451	0.83328	0.83330			6
2024.10.16	01:43:35.729	0.83329				2
2024.10.16	01:43:49.790		0.83331			4
2024.10.16	01:43:52.111	0.83328				2
2024.10.16	01:43:52.573		0.83330			4
2024.10.16	01:43:54.857	0.83330	0.83331			6
2024.10.16	01:44:00.715	0.83330				2
2024.10.16	01:44:01.997	0.83329	0.83330			6
2024.10.16	01:44:06.739	0.83328				2
2024.10.16	01:44:16.100		0.83329			4
2024.10.16	01:44:18.225	0.83327	0.83328			6
2024.10.16	01:44:36.606	0.83328	0.83329			6
2024.10.16	01:44:37.150	0.83329	0.83330			6
2024.10.16	01:44:38.793	0.83328	0.83329			6
2024.10.16	01:44:44.559	0.83330	0.83331			6
2024.10.16	01:44:57.247	0.83329	0.83330			6
2024.10.16	01:45:00.491	0.83329				2
2024.10.16	01:45:02.274	0.83330	0.83331			6
2024.10.16	01:45:05.579	0.83329				2
2024.10.16	01:45:06.170		0.83330			4
2024.10.16	01:45:16.395	0.83330	0.83331			6
2024.10.16	01:45:19.198	0.83331	0.83332			6
2024.10.16	01:45:23.800	0.83329	0.83330			6
2024.10.16	01:45:39.659	0.83330	0.83331			6
2024.10.16	01:45:42.236	0.83329	0.83330			6
2024.10.16	01:46:02.017	0.83329				2
2024.10.16	01:46:06.740	0.83328	0.83329			6
2024.10.16	01:46:09.494	0.83327	0.83328			6
2024.10.16	01:46:10.562		0.83330			4
2024.10.16	01:46:12.984		0.83329			4
2024.10.16	01:46:20.484		0.83330			4
2024.10.16	01:46:31.634	0.83328	0.83329			6
2024.10.16	01:46:31.958	0.83327	0.83328			6
2024.10.16	01:46:49.393		0.83329			4
2024.10.16	01:46:59.299		0.83328			4
2024.10.16	01:46:59.607	0.83326				2
2024.10.16	01:47:00.607	0.83326				2
2024.10.16	01:47:36.455		0.83329			4
2024.10.16	01:47:38.114		0.83328			4
2024.10.16	01:48:00.051	0.83326				2
2024.10.16	01:48:00.511	0.83327	0.83329			6
2024.10.16	01:48:04.178	0.83326				2
2024.10.16	01:48:05.510	0.83327	0.83328			6
2024.10.16	01:48:36.401		0.83329			4
2024.10.16	01:48:41.587	0.83328				2
2024.10.16	01:48:49.937	0.83327				2
2024.10.16	01:48:52.570	0.83328				2
2024.10.16	01:49:03.632	0.83328				2
2024.10.16	01:49:36.444		0.83329			4
2024.10.16	01:50:00.793	0.83328				2
2024.10.16	01:50:02.398	0.83327	0.83328			6
2024.10.16	01:50:26.351	0.83326				2
2024.10.16	01:50:28.370	0.83327	0.83330			6
2024.10.16	01:50:28.723		0.83329			4
2024.10.16	01:50:33.226	0.83328				2
2024.10.16	01:50:57.526	0.83329	0.83330			6
2024.10.16	01:51:00.461	0.83329				2
2024.10.16	01:51:03.554	0.83328	0.83329			6
2024.10.16	01:51:19.939	0.83329	0.83330			6
2024.10.16	01:51:20.794	0.83328	0.83329			6
2024.10.16	01:51:35.570	0.83327	0.83328			6
2024.10.16	01:51:44.678		0.83329			4
2024.10.16	01:51:46.187		0.83330			4
2024.10.16	01:51:55.211		0.83328			4
2024.10.16	01:51:59.890	0.83326				2
2024.10.16	01:52:00.205	0.83326	0.83327			6
2024.10.16	01:52:11.134	0.83327	0.83330			6
2024.10.16	01:52:17.814		0.83329			4
2024.10.16	01:52:18.373		0.83328			4
2024.10.16	01:52:50.551	0.83326				2
2024.10.16	01:53:00.407	0.83326				2
2024.10.16	01:53:01.381		0.83330			4
2024.10.16	01:53:03.088	0.83327	0.83329			6
2024.10.16	01:53:06.229	0.83326	0.83328			6
2024.10.16	01:53:28.302	0.83325	0.83326			6
2024.10.16	01:53:28.610	0.83323	0.83325			6
2024.10.16	01:53:30.883	0.83322	0.83323			6
2024.10.16	01:53:31.911		0.83324			4
2024.10.16	01:53:47.226		0.83323			4
2024.10.16	01:53:50.281		0.83324			4
2024.10.16	01:53:59.240		0.83323			4
2024.10.16	01:54:00.575	0.83322				2
2024.10.16	01:54:17.841		0.83325			4
2024.10.16	01:54:33.103	0.83321	0.83324			6
2024.10.16	01:54:33.506		0.83323			4
2024.10.16	01:54:33.824		0.83322			4
2024.10.16	01:54:47.401		0.83323			4
2024.10.16	01:54:53.091	0.83322				2
2024.10.16	01:54:54.317		0.83324			4
2024.10.16	01:54:56.337		0.83323			4
2024.10.16	01:55:00.500	0.83322				2
2024.10.16	01:55:02.304	0.83321	0.83322			6
2024.10.16	01:55:55.492		0.83324			4
2024.10.16	01:55:55.805	0.83322	0.83323			6
2024.10.16	01:56:00.078	0.83322				2
2024.10.16	01:56:04.075	0.83321				2
2024.10.16	01:56:04.423		0.83322			4
2024.10.16	01:57:00.528	0.83321	0.83323			6
2024.10.16	01:57:03.329	0.83322	0.83324			6
2024.10.16	01:57:30.413		0.83323			4
2024.10.16	01:57:36.415		0.83325			4
2024.10.16	01:57:36.952		0.83324			4
2024.10.16	01:57:48.115		0.83326			4
2024.10.16	01:57:51.898		0.83325			4
2024.10.16	01:57:53.830		0.83326			4
2024.10.16	01:57:55.013		0.83324			4
2024.10.16	01:57:57.471		0.83326			4
2024.10.16	01:58:00.178	0.83322				2
2024.10.16	01:58:09.919		0.83327			4
2024.10.16	01:58:10.248	0.83323				2
2024.10.16	01:58:15.385		0.83325			4
2024.10.16	01:58:35.298	0.83322	0.83324			6
2024.10.16	01:58:36.317	0.83323	0.83325			6
2024.10.16	01:58:44.377		0.83326			4
2024.10.16	01:58:47.471		0.83325			4
2024.10.16	01:58:55.084		0.83326			4
2024.10.16	01:59:00.314	0.83323	0.83325			6
2024.10.16	01:59:02.035	0.83322				2
2024.10.16	01:59:13.467	0.83320	0.83321			6
2024.10.16	01:59:23.989	0.83321	0.83322			6
2024.10.16	01:59:28.576		0.83323			4
2024.10.16	01:59:30.767		0.83322			4
2024.10.16	01:59:31.472		0.83323			4
2024.10.16	01:59:32.862	0.83322				2
2024.10.16	01:59:48.336	0.83321				2
2024.10.16	01:59:50.601	0.83322				2
2024.10.16	01:59:54.501		0.83324			4
2024.10.16	01:59:58.972	0.83323				2
2024.10.16	02:00:00.346	0.83323	0.83326			6
2024.10.16	02:00:02.011	0.83322	0.83323			6
2024.10.16	02:00:03.106		0.83325			4
2024.10.16	02:00:08.539	0.83323	0.83324			6
2024.10.16	02:00:17.702	0.83322				2
2024.10.16	02:00:28.367		0.83325			4
2024.10.16	02:00:28.671	0.83320	0.83323			6
2024.10.16	02:00:28.987		0.83321			4
2024.10.16	02:00:43.133	0.83321	0.83322			6
2024.10.16	02:00:43.790	0.83320	0.83321			6
2024.10.16	02:01:02.256	0.83320				2
2024.10.16	02:01:07.001		0.83322			4
2024.10.16	02:01:09.052	0.83321				2
2024.10.16	02:01:09.898	0.83320	0.83321			6
2024.10.16	02:01:11.035	0.83321	0.83322			6
2024.10.16	02:01:11.482	0.83320	0.83321			6
2024.10.16	02:01:59.204	0.83317	0.83318			6
2024.10.16	02:02:00.166	0.83317				2
2024.10.16	02:02:12.015	0.83316	0.83317			6
2024.10.16	02:02:38.386	0.83315	0.83316			6
2024.10.16	02:02:42.094	0.83316	0.83317			6
2024.10.16	02:02:47.998	0.83317	0.83318			6
2024.10.16	02:02:54.298	0.83316	0.83317			6
2024.10.16	02:03:00.229	0.83316				2
2024.10.16	02:03:10.205	0.83317	0.83320			6
2024.10.16	02:03:10.753	0.83316	0.83319			6
2024.10.16	02:03:12.088		0.83318			4
2024.10.16	02:03:46.121		0.83319			4
2024.10.16	02:03:46.426		0.83318			4
2024.10.16	02:03:53.958		0.83317			4
2024.10.16	02:04:00.697	0.83316				2
2024.10.16	02:04:03.264	0.83315				2
2024.10.16	02:04:04.146		0.83316			4
2024.10.16	02:04:13.567	0.83312	0.83313			6
2024.10.16	02:04:19.472	0.83311				2
2024.10.16	02:04:33.165		0.83316			4
2024.10.16	02:04:35.346		0.83313			4
2024.10.16	02:04:47.089	0.83314	0.83315			6
2024.10.16	02:04:49.520	0.83313	0.83314			6
2024.10.16	02:04:52.088	0.83314	0.83315			6
2024.10.16	02:04:53.722	0.83315	0.83316			6
2024.10.16	02:05:00.548	0.83315				2
2024.10.16	02:05:08.191	0.83314	0.83315			6
2024.10.16	02:05:16.533	0.83313	0.83314			6
2024.10.16	02:05:17.654	0.83312				2
2024.10.16	02:05:18.345		0.83313			4
2024.10.16	02:05:18.664	0.83311	0.83314			6
2024.10.16	02:05:19.185		0.83313			4
2024.10.16	02:05:20.139	0.83312	0.83315			6
2024.10.16	02:05:21.313		0.83313			4
2024.10.16	02:05:31.055	0.83311				2
2024.10.16	02:05:31.376	0.83312				2
2024.10.16	02:05:57.140	0.83313	0.83315			6
2024.10.16	02:05:58.835	0.83311	0.83312			6
2024.10.16	02:06:00.354	0.83311				2
2024.10.16	02:06:01.273	0.83312	0.83313			6
2024.10.16	02:06:01.612	0.83311	0.83312			6
2024.10.16	02:06:02.065	0.83312	0.83313			6
2024.10.16	02:06:05.579	0.83311	0.83312			6
2024.10.16	02:06:06.361	0.83312	0.83313			6
2024.10.16	02:06:09.063	0.83311				2
2024.10.16	02:06:19.391	0.83313	0.83314			6
2024.10.16	02:06:22.949	0.83314	0.83316			6
2024.10.16	02:06:24.937	0.83313	0.83314			6
2024.10.16	02:06:28.904	0.83315	0.83316			6
2024.10.16	02:06:30.091	0.83316	0.83317			6
2024.10.16	02:06:30.481	0.83317	0.83318			6
2024.10.16	02:06:56.780	0.83316	0.83317			6
2024.10.16	02:07:00.113	0.83316				2
2024.10.16	02:07:04.009	0.83318	0.83319			6
2024.10.16	02:07:06.437	0.83317	0.83318			6
2024.10.16	02:07:12.147		0.83320			4
2024.10.16	02:07:16.905	0.83318				2
2024.10.16	02:07:33.313	0.83317				2
2024.10.16	02:07:33.660		0.83318			4
2024.10.16	02:07:34.020	0.83318	0.83319			6
2024.10.16	02:07:38.616	0.83317				2
2024.10.16	02:07:38.924	0.83318				2
2024.10.16	02:07:44.083	0.83319	0.83320			6
2024.10.16	02:07:45.082	0.83320	0.83321			6
2024.10.16	02:07:45.393	0.83321	0.83322			6
2024.10.16	02:07:45.728	0.83320	0.83321			6
2024.10.16	02:07:49.550	0.83319	0.83320			6
2024.10.16	02:07:50.268	0.83318	0.83319			6
2024.10.16	02:08:01.406	0.83318				2
2024.10.16	02:08:10.313	0.83320	0.83322			6
2024.10.16	02:08:29.555	0.83321				2
2024.10.16	02:08:59.749	0.83323	0.83324			6
2024.10.16	02:09:00.055	0.83323				2
2024.10.16	02:09:01.133	0.83322	0.83323			6
2024.10.16	02:09:02.360		0.83324			4
2024.10.16	02:09:04.467	0.83321				2
2024.10.16	02:09:06.345		0.83322			4
2024.10.16	02:09:12.786	0.83319	0.83320			6
2024.10.16	02:09:15.495	0.83318	0.83319			6
2024.10.16	02:09:25.597	0.83317	0.83318			6
2024.10.16	02:09:44.552	0.83316	0.83317			6
2024.10.16	02:09:50.013		0.83318			4
2024.10.16	02:10:00.087	0.83316				2
2024.10.16	02:10:05.671		0.83317			4
2024.10.16	02:10:11.898		0.83318			4
2024.10.16	02:10:16.411		0.83317			4
2024.10.16	02:10:38.554	0.83317	0.83318			6
2024.10.16	02:10:54.155	0.83316	0.83317			6
2024.10.16	02:10:56.528	0.83315	0.83316			6
2024.10.16	02:10:57.391	0.83316	0.83317			6
2024.10.16	02:11:00.517	0.83316				2
2024.10.16	02:11:03.596	0.83315	0.83316			6
2024.10.16	02:11:08.172	0.83314	0.83315			6
2024.10.16	02:11:09.497	0.83313	0.83314			6
2024.10.16	02:11:11.761	0.83314	0.83315			6
2024.10.16	02:11:13.480	0.83312	0.83313			6
2024.10.16	02:11:13.799	0.83311	0.83312			6
2024.10.16	02:11:44.521	0.83312	0.83313			6
2024.10.16	02:11:45.908	0.83313	0.83314			6
2024.10.16	02:12:00.411	0.83313				2
2024.10.16	02:12:36.727		0.83315			4
2024.10.16	02:13:00.604	0.83313				2
2024.10.16	02:13:09.502		0.83314			4
2024.10.16	02:13:13.638		0.83315			4
2024.10.16	02:13:16.477	0.83316	0.83317			6
2024.10.16	02:14:06.347	0.83316				2
2024.10.16	02:14:17.427		0.83317			4
2024.10.16	02:14:32.147	0.83315	0.83316			6
2024.10.16	02:14:35.776	0.83316	0.83317			6
2024.10.16	02:14:40.999	0.83317	0.83318			6
2024.10.16	02:14:49.480	0.83316	0.83317			6
2024.10.16	02:15:00.388	0.83317	0.83318			6
2024.10.16	02:15:04.268	0.83315	0.83316			6
2024.10.16	02:16:02.153	0.83315				2
2024.10.16	02:16:04.793		0.83316			4
2024.10.16	02:16:35.043	0.83314	0.83315			6
2024.10.16	02:16:40.621	0.83315	0.83316			6
2024.10.16	02:17:00.584	0.83315				2
2024.10.16	02:17:14.526	0.83317	0.83318			6
2024.10.16	02:17:49.403	0.83315	0.83317			6
2024.10.16	02:17:49.724	0.83314	0.83315			6
2024.10.16	02:17:53.500	0.83313	0.83314			6
2024.10.16	02:18:00.320	0.83313				2
2024.10.16	02:18:20.224	0.83314	0.83315			6
2024.10.16	02:18:24.035	0.83313	0.83314			6
2024.10.16	02:18:34.089	0.83314	0.83315			6
2024.10.16	02:18:37.132	0.83313	0.83314			6
2024.10.16	02:18:37.448	0.83312	0.83313			6
2024.10.16	02:18:53.243	0.83311	0.83312			6
2024.10.16	02:18:56.462	0.83310	0.83311			6
2024.10.16	02:18:56.807	0.83309	0.83310			6
2024.10.16	02:19:00.242	0.83309				2
2024.10.16	02:19:04.717	0.83308	0.83309			6
2024.10.16	02:19:05.031		0.83310			4
2024.10.16	02:19:09.186	0.83305	0.83306			6
2024.10.16	02:19:09.494	0.83306	0.83307			6
2024.10.16	02:19:12.267	0.83305	0.83306			6
2024.10.16	02:19:49.245	0.83306	0.83307			6
2024.10.16	02:19:52.294	0.83307	0.83308			6
2024.10.16	02:19:53.280	0.83306	0.83307			6
2024.10.16	02:20:00.167	0.83306				2
2024.10.16	02:20:07.031	0.83307	0.83309			6
2024.10.16	02:20:16.680	0.83306	0.83307			6
2024.10.16	02:21:01.461	0.83306				2
2024.10.16	02:21:02.791	0.83305	0.83306			6
2024.10.16	02:21:11.872	0.83306	0.83307			6
2024.10.16	02:21:16.006	0.83305	0.83306			6
2024.10.16	02:21:51.050	0.83306	0.83307			6
2024.10.16	02:22:00.747	0.83306				2
2024.10.16	02:22:53.191		0.83307			4
2024.10.16	02:23:04.393	0.83308	0.83309			6
2024.10.16	02:23:45.554	0.83309	0.83310			6
2024.10.16	02:24:00.460	0.83309				2
2024.10.16	02:24:05.500	0.83307	0.83308			6
2024.10.16	02:24:07.028	0.83308	0.83309			6
2024.10.16	02:24:14.348	0.83307	0.83308			6
2024.10.16	02:24:47.744	0.83306	0.83307			6
2024.10.16	02:25:00.373	0.83306				2
2024.10.16	02:25:07.325	0.83307	0.83308			6
2024.10.16	02:25:45.073	0.83306	0.83307			6
2024.10.16	02:26:00.382	0.83306				2
2024.10.16	02:26:44.511	0.83307	0.83308			6
2024.10.16	02:26:52.382	0.83306				2
2024.10.16	02:27:07.382	0.83308	0.83309			6
2024.10.16	02:27:11.589	0.83305	0.83307			6
2024.10.16	02:27:17.683	0.83307	0.83308			6
2024.10.16	02:27:48.858	0.83306	0.83309			6
2024.10.16	02:27:59.106	0.83308				2
2024.10.16	02:28:00.012	0.83308				2
2024.10.16	02:28:03.690	0.83307	0.83308			6
2024.10.16	02:28:16.832	0.83306	0.83307			6
2024.10.16	02:28:19.110		0.83309			4
2024.10.16	02:29:00.505	0.83306				2
2024.10.16	02:29:20.215		0.83309			4
2024.10.16	02:29:37.790	0.83308				2
2024.10.16	02:29:56.014	0.83307				2
2024.10.16	02:30:00.094	0.83307				2
2024.10.16	02:30:01.502		0.83310			4
2024.10.16	02:30:07.127	0.83308	0.83309			6
2024.10.16	02:30:25.164	0.83307	0.83310			6
2024.10.16	02:30:28.252	0.83309				2
2024.10.16	02:30:37.751	0.83308				2
2024.10.16	02:30:41.150	0.83307				2
2024.10.16	02:30:45.588	0.83308	0.83309			6
2024.10.16	02:30:54.510	0.83310	0.83311			6
2024.10.16	02:31:02.378	0.83310				2
2024.10.16	02:31:07.020	0.83308	0.83309			6
2024.10.16	02:31:07.359	0.83307	0.83311			6
2024.10.16	02:31:08.054	0.83309	0.83310			6
2024.10.16	02:31:16.801	0.83310	0.83311			6
2024.10.16	02:31:54.506	0.83311	0.83312			6
2024.10.16	02:31:58.218	0.83310	0.83311			6
2024.10.16	02:31:59.448	0.83311	0.83312			6
2024.10.16	02:32:00.571	0.83311				2
2024.10.16	02:32:21.570	0.83303	0.83306			6
2024.10.16	02:32:26.788	0.83302	0.83305			6
2024.10.16	02:32:27.107		0.83306			4
2024.10.16	02:32:27.496		0.83305			4
2024.10.16	02:32:28.436	0.83303				2
2024.10.16	02:32:29.098	0.83302				2
2024.10.16	02:32:29.487	0.83303				2
2024.10.16	02:32:31.071	0.83304	0.83306			6
2024.10.16	02:32:34.792		0.83307			4
2024.10.16	02:32:38.640		0.83306			4
2024.10.16	02:32:51.110	0.83303				2
2024.10.16	02:32:51.410	0.83304				2
2024.10.16	02:32:51.855		0.83307			4
2024.10.16	02:33:05.386	0.83304				2
2024.10.16	02:33:10.134	0.83303	0.83306			6
2024.10.16	02:33:10.468	0.83304				2
2024.10.16	02:33:28.335	0.83303				2
2024.10.16	02:33:28.702	0.83302	0.83305			6
2024.10.16	02:33:30.985	0.83303				2
2024.10.16	02:33:32.231	0.83302	0.83306			6
2024.10.16	02:33:39.578	0.83303				2
2024.10.16	02:33:41.022	0.83304				2
2024.10.16	02:34:03.761	0.83304				2
2024.10.16	02:34:09.342		0.83307			4
2024.10.16	02:34:19.882	0.83305				2
2024.10.16	02:34:22.355	0.83304				2
2024.10.16	02:34:28.344	0.83301	0.83302			6
2024.10.16	02:35:00.381	0.83301				2
2024.10.16	02:35:12.101	0.83300	0.83301			6
2024.10.16	02:35:15.209	0.83298	0.83299			6
2024.10.16	02:35:18.244	0.83301	0.83302			6
2024.10.16	02:35:29.275	0.83300	0.83301			6
2024.10.16	02:35:30.930	0.83298	0.83299			6
2024.10.16	02:35:33.185	0.83297	0.83298			6
2024.10.16	02:35:40.355	0.83298	0.83299			6
2024.10.16	02:35:56.589	0.83299	0.83300			6
2024.10.16	02:36:00.487	0.83299				2
2024.10.16	02:36:05.096	0.83300	0.83301			6
2024.10.16	02:36:09.468	0.83299	0.83300			6
2024.10.16	02:36:15.522		0.83302			4
2024.10.16	02:36:15.823	0.83300	0.83301			6
2024.10.16	02:36:18.473	0.83299	0.83302			6
2024.10.16	02:36:20.584	0.83300	0.83301			6
2024.10.16	02:36:20.887	0.83301	0.83302			6
2024.10.16	02:36:21.587	0.83300	0.83301			6
2024.10.16	02:36:23.640	0.83301	0.83302			6
2024.10.16	02:36:27.209	0.83300				2
2024.10.16	02:36:27.599		0.83301			4
2024.10.16	02:36:27.915	0.83299				2
2024.10.16	02:36:37.694	0.83298	0.83299			6
2024.10.16	02:36:38.281	0.83297	0.83300			6
2024.10.16	02:36:38.593	0.83298	0.83299			6
2024.10.16	02:36:52.177	0.83297	0.83298			6
2024.10.16	02:36:56.322		0.83299			4
2024.10.16	02:37:00.008	0.83297	0.83298			6
2024.10.16	02:37:07.704	0.83298	0.83299			6
2024.10.16	02:37:09.421	0.83296	0.83298			6
2024.10.16	02:37:18.339	0.83297				2
2024.10.16	02:37:19.907	0.83296				2
2024.10.16	02:37:29.700	0.83294	0.83299			6
2024.10.16	02:37:30.561		0.83298			4
2024.10.16	02:37:39.660	0.83295				2
2024.10.16	02:37:40.628	0.83294				2
2024.10.16	02:37:43.345	0.83295				2
2024.10.16	02:37:44.345		0.83299			4
2024.10.16	02:37:44.667	0.83294				2
2024.10.16	02:37:45.704		0.83298			4
2024.10.16	02:38:01.924	0.83297				2
2024.10.16	02:38:13.601	0.83296				2
2024.10.16	02:38:14.862	0.83297				2
2024.10.16	02:38:33.228	0.83298	0.83299			6
2024.10.16	02:38:38.374	0.83299	0.83300			6
2024.10.16	02:38:43.197	0.83300	0.83302			6
2024.10.16	02:38:44.120		0.83301			4
2024.10.16	02:38:45.427	0.83301	0.83302			6
2024.10.16	02:38:48.376	0.83303	0.83304			6
2024.10.16	02:38:49.305	0.83301	0.83302			6
2024.10.16	02:38:49.606	0.83303	0.83304			6
2024.10.16	02:38:58.342	0.83304	0.83305			6
2024.10.16	02:39:00.074	0.83304				2
2024.10.16	02:39:01.541	0.83305	0.83306			6
2024.10.16	02:39:14.559	0.83304				2
2024.10.16	02:39:15.635	0.83305				2
2024.10.16	02:40:00.598	0.83305				2
2024.10.16	02:40:03.219		0.83306			4
2024.10.16	02:40:11.283	0.83304	0.83305			6
2024.10.16	02:40:51.163	0.83303	0.83304			6
2024.10.16	02:41:00.137	0.83303				2
2024.10.16	02:41:08.722	0.83302	0.83303			6
2024.10.16	02:41:09.635	0.83301	0.83302			6
2024.10.16	02:41:13.994	0.83300	0.83301			6
2024.10.16	02:41:18.382	0.83301	0.83302			6
2024.10.16	02:42:04.895	0.83301				2
2024.10.16	02:42:20.010		0.83302			4
2024.10.16	02:42:22.178	0.83299				2
2024.10.16	02:42:24.659	0.83301				2
2024.10.16	02:42:24.963	0.83299				2
2024.10.16	02:42:26.547	0.83295	0.83299			6
2024.10.16	02:42:44.525	0.83297				2
2024.10.16	02:43:02.482	0.83297				2
2024.10.16	02:43:27.386		0.83299			4
2024.10.16	02:43:31.540		0.83298			4
2024.10.16	02:43:32.345	0.83298	0.83299			6
2024.10.16	02:43:44.515	0.83299	0.83300			6
2024.10.16	02:44:00.602	0.83299				2
2024.10.16	02:44:45.430		0.83300			4
2024.10.16	02:44:55.837	0.83298	0.83299			6
2024.10.16	02:45:00.465	0.83298				2
2024.10.16	02:45:10.632	0.83297				2
2024.10.16	02:45:11.065	0.83296				2
2024.10.16	02:45:14.129	0.83298				2
2024.10.16	02:45:31.426	0.83296				2
2024.10.16	02:45:32.800	0.83299	0.83300			6
2024.10.16	02:45:34.666	0.83298	0.83299			6
2024.10.16	02:45:39.893	0.83299	0.83300			6
2024.10.16	02:46:00.033	0.83299				2
2024.10.16	02:46:19.137	0.83300	0.83301			6
2024.10.16	02:46:26.652	0.83297				2
2024.10.16	02:46:28.762	0.83298				2
2024.10.16	02:46:30.998	0.83299				2
2024.10.16	02:46:31.378	0.83300				2
2024.10.16	02:46:52.395	0.83299				2
2024.10.16	02:46:57.404	0.83298				2
2024.10.16	02:46:58.082	0.83297				2
2024.10.16	02:47:01.005	0.83297				2
2024.10.16	02:47:14.037	0.83295	0.83300			6
2024.10.16	02:47:26.385		0.83299			4
2024.10.16	02:47:29.058	0.83294				2
2024.10.16	02:47:29.933	0.83295				2
2024.10.16	02:47:37.014	0.83294				2
2024.10.16	02:47:37.324	0.83298	0.83301			6
2024.10.16	02:47:41.997	0.83297				2
2024.10.16	02:47:43.911	0.83298				2
2024.10.16	02:47:44.226		0.83302			4
2024.10.16	02:47:51.451	0.83299				2
2024.10.16	02:48:01.078	0.83299				2
2024.10.16	02:48:06.639	0.83300				2
2024.10.16	02:48:36.670	0.83299	0.83303			6
2024.10.16	02:48:39.073		0.83302			4
2024.10.16	02:48:43.460	0.83300				2
2024.10.16	02:48:52.227	0.83298	0.83301			6
2024.10.16	02:49:00.359	0.83298				2
2024.10.16	02:49:09.381	0.83297				2
2024.10.16	02:49:15.723	0.83301	0.83303			6
2024.10.16	02:49:16.045	0.83299	0.83301			6
2024.10.16	02:49:16.354	0.83300				2
2024.10.16	02:49:16.691		0.83302			4
2024.10.16	02:49:24.722	0.83301	0.83303			6
2024.10.16	02:49:28.903		0.83302			4
2024.10.16	02:49:44.505	0.83300	0.83303			6
2024.10.16	02:49:51.765	0.83301	0.83302			6
2024.10.16	02:49:54.827	0.83300	0.83301			6
2024.10.16	02:49:56.913	0.83299	0.83303			6
2024.10.16	02:50:01.427	0.83300	0.83302			6
2024.10.16	02:50:03.042	0.83301	0.83303			6
2024.10.16	02:50:11.264	0.83299	0.83302			6
2024.10.16	02:50:12.034	0.83298				2
2024.10.16	02:50:15.737		0.83303			4
2024.10.16	02:50:19.369	0.83300				2
2024.10.16	02:50:19.702	0.83301				2
2024.10.16	02:50:21.389	0.83300				2
2024.10.16	02:50:44.130	0.83301				2
2024.10.16	02:50:44.922	0.83300				2
2024.10.16	02:50:54.520	0.83301	0.83304			6
2024.10.16	02:51:00.252	0.83301				2
2024.10.16	02:51:28.081	0.83302				2
2024.10.16	02:51:56.582		0.83304			4
2024.10.16	02:52:00.632	0.83302				2
2024.10.16	02:52:04.080		0.83303			4
2024.10.16	02:52:05.644		0.83304			4
2024.10.16	02:52:12.720		0.83303			4
2024.10.16	02:52:16.058		0.83304			4
2024.10.16	02:52:32.913		0.83303			4
2024.10.16	02:52:46.113	0.83303	0.83304			6
2024.10.16	02:52:55.248	0.83300	0.83301			6
2024.10.16	02:52:55.648	0.83298	0.83300			6
2024.10.16	02:52:55.952		0.83301			4
2024.10.16	02:52:56.836	0.83299				2
2024.10.16	02:53:00.360	0.83297				2
2024.10.16	02:53:01.039	0.83298	0.83300			6
2024.10.16	02:53:03.055		0.83301			4
2024.10.16	02:53:03.470	0.83299				2
2024.10.16	02:53:03.874	0.83300				2
2024.10.16	02:53:04.669	0.83299	0.83302			6
2024.10.16	02:53:05.029	0.83297	0.83300			6
2024.10.16	02:53:05.344	0.83296				2
2024.10.16	02:53:06.146	0.83295	0.83299			6
2024.10.16	02:53:06.959	0.83300	0.83301			6
2024.10.16	02:53:07.264	0.83299	0.83300			6
2024.10.16	02:53:10.332	0.83300	0.83301			6
2024.10.16	02:53:10.855	0.83299				2
2024.10.16	02:53:12.088		0.83300			4
2024.10.16	02:53:13.622	0.83300	0.83301			6
2024.10.16	02:53:14.351		0.83302			4
2024.10.16	02:53:15.676	0.83303	0.83304			6
2024.10.16	02:53:15.983	0.83304	0.83305			6
2024.10.16	02:53:26.377	0.83303	0.83304			6
2024.10.16	02:53:39.567	0.83298	0.83302			6
2024.10.16	02:53:41.068	0.83300				2
2024.10.16	02:53:42.003	0.83301				2
2024.10.16	02:53:44.107	0.83299				2
2024.10.16	02:53:44.778	0.83301				2
2024.10.16	02:53:46.351	0.83300				2
2024.10.16	02:53:48.106	0.83301				2
2024.10.16	02:53:50.098	0.83302	0.83303			6
2024.10.16	02:53:52.870	0.83298	0.83301			6
2024.10.16	02:53:53.485	0.83299				2
2024.10.16	02:53:55.366	0.83301	0.83302			6
2024.10.16	02:53:55.696	0.83302	0.83303			6
2024.10.16	02:54:00.320	0.83302				2
2024.10.16	02:54:00.887	0.83303	0.83304			6
2024.10.16	02:54:01.192	0.83306	0.83307			6
2024.10.16	02:54:03.112	0.83305	0.83306			6
2024.10.16	02:54:06.845	0.83302	0.83305			6
2024.10.16	02:54:07.376	0.83303				2
2024.10.16	02:54:09.802		0.83304			4
2024.10.16	02:54:12.228	0.83304	0.83305			6
2024.10.16	02:54:14.275	0.83305	0.83306			6
2024.10.16	02:54:17.354	0.83304	0.83305			6
2024.10.16	02:54:19.201	0.83303	0.83304			6
2024.10.16	02:54:19.778	0.83304	0.83305			6
2024.10.16	02:54:20.383	0.83305	0.83306			6
2024.10.16	02:54:23.232	0.83304	0.83305			6
2024.10.16	02:54:23.561	0.83303	0.83304			6
2024.10.16	02:54:25.160	0.83302	0.83303			6
2024.10.16	02:54:26.694	0.83300	0.83301			6
2024.10.16	02:54:40.336	0.83298	0.83299			6
2024.10.16	02:54:42.470	0.83299	0.83300			6
2024.10.16	02:54:42.817	0.83300	0.83301			6
2024.10.16	02:54:43.732	0.83301	0.83302			6
2024.10.16	02:54:51.442	0.83300	0.83301			6
2024.10.16	02:55:00.309	0.83300				2
2024.10.16	02:55:02.684	0.83302	0.83303			6
2024.10.16	02:55:18.230	0.83303	0.83304			6
2024.10.16	02:55:23.060	0.83301	0.83303			6
2024.10.16	02:55:23.377	0.83302				2
2024.10.16	02:55:26.798	0.83303	0.83304			6
2024.10.16	02:55:34.127	0.83300	0.83301			6
2024.10.16	02:55:34.494	0.83301	0.83302			6
2024.10.16	02:55:34.884	0.83302	0.83303			6
2024.10.16	02:55:37.558	0.83303	0.83304			6
2024.10.16	02:55:39.458	0.83304	0.83305			6
2024.10.16	02:55:39.764	0.83303	0.83304			6
2024.10.16	02:55:42.112	0.83304	0.83305			6
2024.10.16	02:55:42.426	0.83303	0.83304			6
2024.10.16	02:55:52.377	0.83304	0.83305			6
2024.10.16	02:55:58.001	0.83305	0.83306			6
2024.10.16	02:56:01.079	0.83305				2
2024.10.16	02:56:06.384	0.83306	0.83307			6
2024.10.16	02:56:19.858	0.83304	0.83305			6
2024.10.16	02:56:20.488	0.83305	0.83306			6
2024.10.16	02:56:32.283	0.83304	0.83305			6
2024.10.16	02:56:33.310	0.83305	0.83306			6
2024.10.16	02:56:33.639	0.83304	0.83305			6
2024.10.16	02:56:33.942	0.83305	0.83306			6
2024.10.16	02:56:35.258	0.83304	0.83305			6
2024.10.16	02:56:36.456	0.83302	0.83303			6
2024.10.16	02:56:45.477	0.83301	0.83302			6
2024.10.16	02:56:48.330	0.83302	0.83303			6
2024.10.16	02:56:56.653	0.83301	0.83302			6
2024.10.16	02:56:58.778	0.83302	0.83303			6
2024.10.16	02:57:01.421	0.83302				2
2024.10.16	02:57:07.674	0.83301	0.83302			6
2024.10.16	02:57:09.857	0.83300	0.83301			6
2024.10.16	02:57:11.377	0.83301	0.83302			6
2024.10.16	02:57:16.623	0.83300	0.83301			6
2024.10.16	02:57:17.446	0.83297	0.83298			6
2024.10.16	02:57:17.813	0.83298	0.83299			6
2024.10.16	02:57:20.040	0.83297	0.83298			6
2024.10.16	02:57:21.506	0.83298	0.83299			6
2024.10.16	02:57:28.911	0.83300	0.83301			6
2024.10.16	02:57:29.541	0.83299	0.83300			6
2024.10.16	02:57:29.980	0.83298	0.83299			6
2024.10.16	02:57:30.345	0.83300	0.83301			6
2024.10.16	02:57:30.691	0.83301	0.83302			6
2024.10.16	02:57:40.545	0.83299	0.83300			6
2024.10.16	02:57:48.584	0.83300	0.83301			6
2024.10.16	02:57:49.381	0.83299				2
2024.10.16	02:57:53.591	0.83300				2
2024.10.16	02:57:54.035	0.83302	0.83303			6
2024.10.16	02:57:54.736	0.83300	0.83301			6
2024.10.16	02:57:55.347	0.83304	0.83305			6
2024.10.16	02:57:55.650	0.83307	0.83308			6
2024.10.16	02:57:55.967	0.83306	0.83307			6
2024.10.16	02:58:00.151	0.83306				2
2024.10.16	02:58:00.463	0.83305	0.83306			6
2024.10.16	02:58:07.240	0.83306	0.83307			6
2024.10.16	02:58:08.843	0.83308	0.83309			6
2024.10.16	02:58:09.655	0.83309	0.83310			6
2024.10.16	02:58:10.817	0.83310	0.83311			6
2024.10.16	02:58:18.357	0.83309	0.83310			6
2024.10.16	02:58:18.664	0.83308				2
2024.10.16	02:58:18.968		0.83309			4
2024.10.16	02:58:22.040	0.83311	0.83312			6
2024.10.16	02:58:25.249	0.83309	0.83311			6
2024.10.16	02:58:25.913		0.83310			4
2024.10.16	02:58:27.067	0.83311	0.83312			6
2024.10.16	02:58:32.069	0.83310	0.83311			6
2024.10.16	02:58:33.836	0.83311	0.83312			6
2024.10.16	02:58:36.277	0.83310	0.83311			6
2024.10.16	02:58:42.705	0.83311	0.83312			6
2024.10.16	02:58:43.406	0.83310	0.83311			6
2024.10.16	02:58:43.713	0.83311	0.83312			6
2024.10.16	02:58:44.396	0.83310	0.83311			6
2024.10.16	02:58:46.340	0.83311	0.83312			6
2024.10.16	02:58:47.013	0.83310	0.83311			6
2024.10.16	02:58:51.178	0.83309	0.83310			6
2024.10.16	02:58:51.483	0.83306	0.83308			6
2024.10.16	02:58:51.855	0.83305				2
2024.10.16	02:58:52.363	0.83306				2
2024.10.16	02:58:57.408	0.83309	0.83310			6
2024.10.16	02:59:00.218	0.83309				2
2024.10.16	02:59:10.842	0.83308	0.83309			6
2024.10.16	02:59:15.024	0.83307	0.83308			6
2024.10.16	02:59:17.106	0.83309	0.83310			6
2024.10.16	02:59:21.540	0.83308	0.83309			6
2024.10.16	02:59:22.979	0.83305	0.83308			6
2024.10.16	02:59:23.712		0.83307			4
2024.10.16	02:59:24.341	0.83304	0.83306			6
2024.10.16	02:59:25.399		0.83305			4
2024.10.16	02:59:29.745	0.83305	0.83306			6
2024.10.16	02:59:41.834		0.83307			4
2024.10.16	02:59:42.561	0.83304	0.83308			6
2024.10.16	02:59:43.001	0.83305	0.83306			6
2024.10.16	02:59:51.250	0.83304	0.83305			6
2024.10.16	02:59:51.608	0.83305	0.83306			6
2024.10.16	02:59:52.780	0.83304				2
2024.10.16	02:59:53.492	0.83305				2
2024.10.16	02:59:53.804	0.83304	0.83305			6
2024.10.16	02:59:54.502	0.83305	0.83306			6
2024.10.16	03:00:00.203	0.83304	0.83305			6
2024.10.16	03:00:01.169	0.83303	0.83304			6
2024.10.16	03:00:01.825	0.83301	0.83302			6
2024.10.16	03:00:02.132	0.83303	0.83304			6
2024.10.16	03:00:04.528	0.83302	0.83303			6
2024.10.16	03:00:04.918	0.83301	0.83302			6
2024.10.16	03:00:05.233	0.83302	0.83303			6
2024.10.16	03:00:07.401	0.83301	0.83302			6
2024.10.16	03:00:08.053	0.83299				2
2024.10.16	03:00:08.436	0.83300	0.83303			6
2024.10.16	03:00:08.741	0.83301	0.83304			6
2024.10.16	03:00:10.169	0.83302	0.83303			6
2024.10.16	03:00:11.137	0.83301				2
2024.10.16	03:00:12.174	0.83302				2
2024.10.16	03:00:13.653	0.83301	0.83302			6
2024.10.16	03:00:14.329		0.83304			4
2024.10.16	03:00:15.074		0.83303			4
2024.10.16	03:00:16.229		0.83304			4
2024.10.16	03:00:17.718	0.83302	0.83303			6
2024.10.16	03:00:18.525	0.83301	0.83304			6
2024.10.16	03:00:18.893		0.83303			4
2024.10.16	03:00:19.234	0.83302				2
2024.10.16	03:00:20.373	0.83303	0.83304			6
2024.10.16	03:00:21.580	0.83302	0.83303			6
2024.10.16	03:00:26.715	0.83303	0.83304			6
2024.10.16	03:00:27.098	0.83304	0.83305			6
2024.10.16	03:00:29.550	0.83303				2
2024.10.16	03:00:30.306	0.83305	0.83306			6
2024.10.16	03:00:39.394	0.83306	0.83307			6
2024.10.16	03:00:39.698	0.83305	0.83306			6
2024.10.16	03:00:40.006	0.83306	0.83307			6
2024.10.16	03:00:46.354	0.83307	0.83308			6
2024.10.16	03:00:46.996	0.83308	0.83309			6
2024.10.16	03:00:48.202	0.83310	0.83311			6
2024.10.16	03:00:48.506	0.83311	0.83312			6
2024.10.16	03:00:53.096	0.83313	0.83314			6
2024.10.16	03:00:54.858	0.83312	0.83313			6
2024.10.16	03:00:57.741	0.83313	0.83314			6
2024.10.16	03:00:58.193	0.83312	0.83313			6
2024.10.16	03:00:59.282	0.83314	0.83315			6
2024.10.16	03:00:59.658	0.83312	0.83313			6
2024.10.16	03:01:00.387	0.83311	0.83312			6
2024.10.16	03:01:14.417	0.83310	0.83311			6
2024.10.16	03:01:14.722	0.83311	0.83312			6
2024.10.16	03:01:20.404	0.83313	0.83314			6
2024.10.16	03:01:22.691		0.83315			4
2024.10.16	03:01:24.227	0.83314				2
2024.10.16	03:01:26.956	0.83313	0.83314			6
2024.10.16	03:01:28.475		0.83315			4
2024.10.16	03:01:31.815	0.83312	0.83314			6
2024.10.16	03:01:32.138	0.83313				2
2024.10.16	03:01:32.445		0.83315			4
2024.10.16	03:01:35.377	0.83314				2
2024.10.16	03:01:36.614	0.83315	0.83316			6
2024.10.16	03:01:41.602	0.83314	0.83315			6
2024.10.16	03:01:43.115	0.83315	0.83316			6
2024.10.16	03:01:47.891	0.83316	0.83317			6
2024.10.16	03:01:49.737	0.83317	0.83318			6
2024.10.16	03:01:50.080	0.83318	0.83319			6
2024.10.16	03:01:58.492	0.83319	0.83320			6
2024.10.16	03:02:00.131	0.83318	0.83319			6
2024.10.16	03:02:01.053	0.83319	0.83320			6
2024.10.16	03:02:04.380	0.83320	0.83321			6
2024.10.16	03:02:05.384	0.83319	0.83320			6
2024.10.16	03:02:08.346	0.83318	0.83319			6
2024.10.16	03:02:10.001	0.83319	0.83320			6
2024.10.16	03:02:12.236	0.83318	0.83319			6
2024.10.16	03:02:13.311	0.83317	0.83318			6
2024.10.16	03:02:13.627	0.83314	0.83315			6
2024.10.16	03:02:17.323	0.83315	0.83316			6
2024.10.16	03:02:22.764	0.83316	0.83317			6
2024.10.16	03:02:24.422	0.83315	0.83316			6
2024.10.16	03:02:26.510	0.83313	0.83314			6
2024.10.16	03:02:32.351	0.83312	0.83313			6
2024.10.16	03:02:41.124	0.83311	0.83312			6
2024.10.16	03:02:52.828	0.83312	0.83313			6
2024.10.16	03:02:53.664	0.83311	0.83312			6
2024.10.16	03:03:00.442	0.83311				2
2024.10.16	03:03:01.026	0.83310	0.83311			6
2024.10.16	03:03:02.398	0.83311	0.83312			6
2024.10.16	03:03:02.723	0.83310	0.83311			6
2024.10.16	03:03:09.721	0.83312	0.83313			6
2024.10.16	03:03:13.099	0.83311	0.83312			6
2024.10.16	03:03:15.836	0.83310	0.83311			6
2024.10.16	03:03:16.888	0.83311	0.83312			6
2024.10.16	03:03:24.100	0.83312	0.83313			6
2024.10.16	03:03:29.603	0.83314	0.83315			6
2024.10.16	03:03:30.225	0.83316	0.83317			6
2024.10.16	03:03:30.565	0.83315	0.83316			6
2024.10.16	03:03:31.339	0.83316	0.83317			6
2024.10.16	03:03:31.699	0.83315	0.83316			6
2024.10.16	03:03:38.354	0.83314	0.83315			6
2024.10.16	03:03:40.757	0.83315	0.83316			6
2024.10.16	03:03:41.524	0.83316	0.83317			6
2024.10.16	03:03:42.574	0.83315	0.83316			6
2024.10.16	03:03:44.063	0.83314	0.83315			6
2024.10.16	03:03:50.595	0.83315	0.83316			6
2024.10.16	03:03:55.387	0.83314	0.83315			6
2024.10.16	03:04:00.373	0.83314				2
2024.10.16	03:04:01.413	0.83315	0.83316			6
2024.10.16	03:04:01.821	0.83314	0.83315			6
2024.10.16	03:04:05.983	0.83315	0.83316			6
2024.10.16	03:04:06.327	0.83316	0.83317			6
2024.10.16	03:04:07.007	0.83315	0.83316			6
2024.10.16	03:04:07.890	0.83316	0.83317			6
2024.10.16	03:04:08.815	0.83315	0.83316			6
2024.10.16	03:04:10.362	0.83316	0.83317			6
2024.10.16	03:04:10.736	0.83315	0.83316			6
2024.10.16	03:04:18.210	0.83316	0.83317			6
2024.10.16	03:04:30.548	0.83318	0.83319			6
2024.10.16	03:04:32.034	0.83319	0.83320			6
2024.10.16	03:04:34.071	0.83318	0.83319			6
2024.10.16	03:04:45.003	0.83317	0.83318			6
2024.10.16	03:04:51.517	0.83315	0.83317			6
2024.10.16	03:04:56.381	0.83314				2
2024.10.16	03:04:57.105	0.83316				2
2024.10.16	03:04:59.126	0.83317	0.83318			6
2024.10.16	03:04:59.707	0.83316	0.83317			6
2024.10.16	03:05:00.206	0.83316				2
2024.10.16	03:05:03.525	0.83317	0.83318			6
2024.10.16	03:05:25.349	0.83316	0.83317			6
2024.10.16	03:05:26.521	0.83315				2
2024.10.16	03:05:26.824		0.83316			4
2024.10.16	03:05:30.624	0.83316	0.83317			6
2024.10.16	03:05:30.961	0.83317	0.83318			6
2024.10.16	03:05:31.341	0.83316	0.83317			6
2024.10.16	03:05:32.321	0.83317	0.83318			6
2024.10.16	03:05:34.155	0.83316	0.83317			6
2024.10.16	03:05:35.825	0.83315	0.83316			6
2024.10.16	03:05:36.379	0.83317	0.83318			6
2024.10.16	03:05:38.319	0.83319	0.83320			6
2024.10.16	03:05:41.685	0.83320	0.83321			6
2024.10.16	03:05:41.987	0.83319	0.83320			6
2024.10.16	03:05:42.304	0.83320	0.83321			6
2024.10.16	03:05:42.647	0.83319	0.83320			6
2024.10.16	03:05:42.995	0.83320	0.83321			6
2024.10.16	03:05:48.326	0.83318	0.83320			6
2024.10.16	03:05:49.000	0.83319				2
2024.10.16	03:05:50.683	0.83318				2
2024.10.16	03:05:52.415	0.83319				2
2024.10.16	03:05:52.716	0.83320	0.83321			6
2024.10.16	03:05:53.409	0.83319	0.83320			6
2024.10.16	03:05:53.726	0.83320	0.83321			6
2024.10.16	03:05:54.251	0.83318	0.83320			6
2024.10.16	03:05:55.814	0.83319				2
2024.10.16	03:05:56.550	0.83318	0.83319			6
2024.10.16	03:06:00.023	0.83318				2
2024.10.16	03:06:05.968	0.83317	0.83318			6
2024.10.16	03:06:08.431	0.83318	0.83319			6
2024.10.16	03:06:12.068	0.83317	0.83318			6
2024.10.16	03:06:15.342	0.83319	0.83320			6
2024.10.16	03:06:17.446	0.83320	0.83321			6
2024.10.16	03:06:24.042	0.83321	0.83322			6
2024.10.16	03:06:31.665	0.83322	0.83323			6
2024.10.16	03:06:31.994	0.83321	0.83322			6
2024.10.16	03:06:33.382	0.83324	0.83325			6
2024.10.16	03:06:34.055	0.83323	0.83324			6
2024.10.16	03:06:36.667	0.83322	0.83323			6
2024.10.16	03:06:37.480	0.83324	0.83325			6
2024.10.16	03:06:39.090	0.83323	0.83324			6
2024.10.16	03:06:39.412	0.83324	0.83325			6
2024.10.16	03:06:39.760	0.83323	0.83324			6
2024.10.16	03:06:41.985	0.83322	0.83323			6
2024.10.16	03:06:43.939	0.83323	0.83324			6
2024.10.16	03:06:44.242	0.83324	0.83325			6
2024.10.16	03:06:49.962	0.83323	0.83324			6
2024.10.16	03:06:57.811	0.83324	0.83325			6
2024.10.16	03:06:59.021	0.83322	0.83324			6
2024.10.16	03:07:00.481	0.83322				2
2024.10.16	03:07:01.102	0.83323				2
2024.10.16	03:07:07.361		0.83325			4
2024.10.16	03:07:08.265	0.83324				2
2024.10.16	03:07:10.787	0.83323	0.83324			6
2024.10.16	03:07:11.589	0.83324	0.83325			6
2024.10.16	03:07:12.231	0.83323	0.83324			6
2024.10.16	03:07:17.094	0.83325	0.83326			6
2024.10.16	03:07:17.403	0.83323	0.83324			6
2024.10.16	03:07:18.423	0.83324	0.83325			6
2024.10.16	03:07:20.539	0.83323	0.83324			6
2024.10.16	03:07:21.866	0.83324	0.83325			6
2024.10.16	03:07:22.793	0.83323	0.83324			6
2024.10.16	03:07:26.098	0.83324	0.83325			6
2024.10.16	03:07:36.280	0.83325	0.83326			6
2024.10.16	03:07:41.163	0.83327	0.83328			6
2024.10.16	03:07:41.582	0.83325	0.83326			6
2024.10.16	03:07:43.876	0.83326	0.83327			6
2024.10.16	03:07:46.284	0.83324	0.83325			6
2024.10.16	03:07:53.195	0.83325	0.83326			6
2024.10.16	03:07:53.581	0.83324	0.83325			6
2024.10.16	03:07:56.525	0.83325	0.83326			6
2024.10.16	03:08:00.321	0.83325				2
2024.10.16	03:08:00.624	0.83324	0.83325			6
2024.10.16	03:08:00.956	0.83325	0.83326			6
2024.10.16	03:08:04.176	0.83324	0.83325			6
2024.10.16	03:08:05.810	0.83325	0.83326			6
2024.10.16	03:08:06.112	0.83324	0.83325			6
2024.10.16	03:08:07.823	0.83323				2
2024.10.16	03:08:08.717	0.83324				2
2024.10.16	03:08:12.216	0.83323	0.83324			6
2024.10.16	03:08:15.215	0.83324	0.83325			6
2024.10.16	03:08:18.360	0.83323	0.83324			6
2024.10.16	03:08:19.892	0.83322	0.83323			6
2024.10.16	03:08:20.302	0.83321				2
2024.10.16	03:08:20.639		0.83322			4
2024.10.16	03:08:20.997	0.83324	0.83325			6
2024.10.16	03:08:22.354	0.83323	0.83324			6
2024.10.16	03:08:23.934	0.83324	0.83325			6
2024.10.16	03:08:32.178	0.83323	0.83324			6
2024.10.16	03:08:33.007	0.83324	0.83325			6
2024.10.16	03:08:33.325	0.83323	0.83324			6
2024.10.16	03:08:33.645	0.83325	0.83326			6
2024.10.16	03:08:33.971	0.83324	0.83325			6
2024.10.16	03:08:34.467	0.83325	0.83326			6
2024.10.16	03:08:42.584	0.83326	0.83327			6
2024.10.16	03:08:44.706	0.83325	0.83326			6
2024.10.16	03:08:45.014	0.83326	0.83327			6
2024.10.16	03:08:51.171	0.83325	0.83326			6
2024.10.16	03:09:00.317	0.83325				2
2024.10.16	03:09:10.579	0.83326	0.83327			6
2024.10.16	03:09:15.633	0.83325	0.83326			6
2024.10.16	03:09:18.022	0.83324	0.83325			6
2024.10.16	03:09:18.428	0.83325	0.83326			6
2024.10.16	03:09:21.550	0.83326	0.83327			6
2024.10.16	03:09:27.695	0.83325	0.83326			6
2024.10.16	03:09:28.060	0.83326	0.83327			6
2024.10.16	03:09:29.779	0.83325	0.83326			6
2024.10.16	03:09:35.121	0.83322	0.83323			6
2024.10.16	03:09:42.022	0.83323	0.83324			6
2024.10.16	03:09:42.428	0.83324	0.83325			6
2024.10.16	03:09:48.809	0.83323	0.83324			6
2024.10.16	03:09:49.163	0.83322	0.83323			6
2024.10.16	03:09:49.736	0.83321	0.83322			6
2024.10.16	03:09:56.388	0.83320	0.83321			6
2024.10.16	03:09:57.329	0.83321	0.83322			6
2024.10.16	03:10:00.425	0.83321				2
2024.10.16	03:10:05.331	0.83322	0.83323			6
2024.10.16	03:10:08.050	0.83323	0.83324			6
2024.10.16	03:10:11.079	0.83324	0.83325			6
2024.10.16	03:10:16.776	0.83323	0.83324			6
2024.10.16	03:10:21.693	0.83324	0.83325			6
2024.10.16	03:10:22.005	0.83323	0.83324			6
2024.10.16	03:10:22.864	0.83322	0.83323			6
2024.10.16	03:10:24.798	0.83323	0.83324			6
2024.10.16	03:10:26.066	0.83322	0.83323			6
2024.10.16	03:10:26.400	0.83321	0.83322			6
2024.10.16	03:10:29.527	0.83320	0.83321			6
2024.10.16	03:10:43.539	0.83319	0.83320			6
2024.10.16	03:10:50.302	0.83320	0.83321			6
2024.10.16	03:10:50.989	0.83316	0.83317			6
2024.10.16	03:11:00.373	0.83316				2
2024.10.16	03:11:00.688	0.83315	0.83316			6
2024.10.16	03:11:03.817	0.83313	0.83314			6
2024.10.16	03:11:06.076	0.83312	0.83313			6
2024.10.16	03:11:09.335	0.83311	0.83312			6
2024.10.16	03:11:13.390	0.83310	0.83311			6
2024.10.16	03:11:18.606	0.83311	0.83312			6
2024.10.16	03:11:19.434	0.83310	0.83311			6
2024.10.16	03:11:23.270	0.83311	0.83312			6
2024.10.16	03:11:24.022	0.83310	0.83311			6
2024.10.16	03:11:24.889	0.83311	0.83312			6
2024.10.16	03:11:26.213	0.83312	0.83313			6
2024.10.16	03:11:29.127	0.83313	0.83314			6
2024.10.16	03:11:30.186	0.83312	0.83313			6
2024.10.16	03:11:34.202	0.83311	0.83312			6
2024.10.16	03:11:44.294	0.83309	0.83310			6
2024.10.16	03:11:50.132	0.83308	0.83309			6
2024.10.16	03:11:51.161	0.83309	0.83310			6
2024.10.16	03:11:52.584	0.83310	0.83311			6
2024.10.16	03:11:56.597	0.83309	0.83310			6
2024.10.16	03:11:57.805	0.83310	0.83311			6
2024.10.16	03:11:58.834	0.83309	0.83310			6
2024.10.16	03:12:00.439	0.83309				2
2024.10.16	03:12:03.833	0.83308	0.83309			6
2024.10.16	03:12:04.300	0.83309	0.83310			6
2024.10.16	03:12:04.952	0.83308	0.83309			6
2024.10.16	03:12:06.173	0.83307	0.83308			6
2024.10.16	03:12:13.355	0.83309	0.83310			6
2024.10.16	03:12:14.038	0.83308	0.83309			6
2024.10.16	03:12:14.430	0.83309	0.83310			6
2024.10.16	03:12:14.739	0.83308	0.83309			6
2024.10.16	03:12:16.432	0.83307	0.83308			6
2024.10.16	03:12:25.701	0.83309	0.83310			6
2024.10.16	03:12:29.881	0.83310	0.83311			6
2024.10.16	03:12:33.069	0.83309	0.83310			6
2024.10.16	03:12:57.085	0.83310	0.83311			6
2024.10.16	03:13:00.431	0.83309	0.83310			6
2024.10.16	03:13:02.780	0.83308	0.83309			6
2024.10.16	03:13:08.393	0.83307	0.83308			6
2024.10.16	03:13:08.702	0.83306	0.83307			6
2024.10.16	03:13:11.800	0.83305	0.83306			6
2024.10.16	03:13:12.267	0.83306	0.83307			6
2024.10.16	03:13:22.107	0.83308	0.83309			6
2024.10.16	03:13:31.050	0.83307	0.83308			6
2024.10.16	03:13:43.291	0.83306	0.83307			6
2024.10.16	03:13:43.600	0.83308	0.83309			6
2024.10.16	03:13:52.294	0.83309	0.83310			6
2024.10.16	03:13:54.742	0.83308	0.83309			6
2024.10.16	03:13:55.058	0.83309	0.83310			6
2024.10.16	03:13:58.557	0.83308	0.83309			6
2024.10.16	03:14:00.389	0.83309	0.83310			6
2024.10.16	03:14:04.476	0.83310	0.83311			6
2024.10.16	03:14:10.339	0.83309	0.83310			6
2024.10.16	03:14:11.921	0.83310	0.83311			6
2024.10.16	03:14:12.226	0.83309	0.83310			6
2024.10.16	03:14:13.251	0.83310	0.83311			6
2024.10.16	03:14:26.181	0.83309	0.83310			6
2024.10.16	03:14:39.115	0.83308	0.83309			6
2024.10.16	03:14:43.318	0.83309	0.83310			6
2024.10.16	03:14:44.376	0.83315	0.83316			6
2024.10.16	03:14:47.171	0.83316	0.83317			6
2024.10.16	03:14:47.484	0.83317	0.83318			6
2024.10.16	03:14:48.208	0.83316	0.83317			6
2024.10.16	03:14:48.870	0.83315	0.83316			6
2024.10.16	03:14:51.763	0.83316	0.83317			6
2024.10.16	03:14:57.716	0.83315	0.83316			6
2024.10.16	03:15:00.476	0.83316	0.83317			6
2024.10.16	03:15:01.338	0.83315	0.83316			6
2024.10.16	03:15:02.904	0.83316	0.83317			6
2024.10.16	03:15:06.453	0.83318	0.83319			6
2024.10.16	03:15:08.398	0.83317	0.83318			6
2024.10.16	03:15:11.754	0.83318	0.83319			6
2024.10.16	03:15:12.812	0.83320	0.83321			6
2024.10.16	03:15:17.059	0.83319	0.83320			6
2024.10.16	03:15:39.978	0.83318	0.83319			6
2024.10.16	03:15:47.596	0.83317	0.83318			6
2024.10.16	03:15:47.910	0.83316	0.83317			6
2024.10.16	03:15:51.564	0.83315	0.83316			6
2024.10.16	03:15:59.473	0.83317	0.83318			6
2024.10.16	03:16:00.134	0.83317				2
2024.10.16	03:16:02.527	0.83318	0.83319			6
2024.10.16	03:16:03.790	0.83323	0.83324			6
2024.10.16	03:16:04.106	0.83324	0.83325			6
2024.10.16	03:16:13.460	0.83322	0.83323			6
2024.10.16	03:16:13.764	0.83324	0.83325			6
2024.10.16	03:16:15.867	0.83323	0.83324			6
2024.10.16	03:16:26.742	0.83324	0.83325			6
2024.10.16	03:16:28.114	0.83323	0.83324			6
2024.10.16	03:16:33.554	0.83324	0.83325			6
2024.10.16	03:16:33.881	0.83323	0.83324			6
2024.10.16	03:16:36.165	0.83324	0.83325			6
2024.10.16	03:16:36.851	0.83323	0.83324			6
2024.10.16	03:16:37.304	0.83325	0.83326			6
2024.10.16	03:16:37.613	0.83324	0.83325			6
2024.10.16	03:16:38.383	0.83326	0.83327			6
2024.10.16	03:16:39.245	0.83325	0.83326			6
2024.10.16	03:16:48.528	0.83324	0.83325			6
2024.10.16	03:16:57.901	0.83322	0.83323			6
2024.10.16	03:16:59.539	0.83320	0.83321			6
2024.10.16	03:17:00.249	0.83318	0.83319			6
2024.10.16	03:17:05.722	0.83319	0.83320			6
2024.10.16	03:17:07.988	0.83318	0.83319			6
2024.10.16	03:17:09.890	0.83319	0.83320			6
2024.10.16	03:17:13.102	0.83318	0.83319			6
2024.10.16	03:17:13.896	0.83319	0.83320			6
2024.10.16	03:17:14.452	0.83318	0.83319			6
2024.10.16	03:17:18.672	0.83317	0.83318			6
2024.10.16	03:17:19.765	0.83318	0.83319			6
2024.10.16	03:17:20.476	0.83319	0.83320			6
2024.10.16	03:17:25.041	0.83318	0.83319			6
2024.10.16	03:17:26.153	0.83319	0.83320			6
2024.10.16	03:17:34.175	0.83320	0.83321			6
2024.10.16	03:17:42.904	0.83321	0.83322			6
2024.10.16	03:17:43.356	0.83320	0.83321			6
2024.10.16	03:17:44.516	0.83321	0.83322			6
2024.10.16	03:17:53.382	0.83323	0.83324			6
2024.10.16	03:17:53.753	0.83322	0.83323			6
2024.10.16	03:18:00.106	0.83322				2
2024.10.16	03:18:16.263	0.83321	0.83322			6
2024.10.16	03:18:17.893	0.83320	0.83321			6
2024.10.16	03:18:53.072	0.83319	0.83320			6
2024.10.16	03:18:55.630	0.83317	0.83318			6
2024.10.16	03:18:56.002	0.83318	0.83319			6
2024.10.16	03:19:00.436	0.83318				2
2024.10.16	03:19:12.006	0.83319	0.83320			6
2024.10.16	03:19:27.742	0.83318	0.83319			6
2024.10.16	03:19:28.432	0.83317	0.83318			6
2024.10.16	03:19:33.022	0.83320	0.83321			6
2024.10.16	03:19:33.398	0.83319	0.83320			6
2024.10.16	03:19:34.532	0.83317	0.83318			6
2024.10.16	03:19:37.822	0.83318	0.83319			6
2024.10.16	03:19:38.475	0.83317	0.83318			6
2024.10.16	03:19:56.881	0.83316	0.83317			6
2024.10.16	03:20:00.377	0.83316				2
2024.10.16	03:20:01.442	0.83318	0.83319			6
2024.10.16	03:20:09.335	0.83317	0.83318			6
2024.10.16	03:20:11.706	0.83318	0.83319			6
2024.10.16	03:20:16.507	0.83319	0.83320			6
2024.10.16	03:20:20.425	0.83318	0.83319			6
2024.10.16	03:20:21.120	0.83319	0.83320			6
2024.10.16	03:20:23.852	0.83316	0.83317			6
2024.10.16	03:20:41.305	0.83315	0.83316			6
2024.10.16	03:20:41.641	0.83314	0.83315			6
2024.10.16	03:20:48.264	0.83315	0.83316			6
2024.10.16	03:20:48.925	0.83314	0.83315			6
2024.10.16	03:20:50.042	0.83315	0.83316			6
2024.10.16	03:21:00.465	0.83315				2
2024.10.16	03:21:06.533	0.83319	0.83320			6
2024.10.16	03:21:13.385	0.83318	0.83319			6
2024.10.16	03:21:14.488	0.83319	0.83320			6
2024.10.16	03:21:20.631	0.83315	0.83316			6
2024.10.16	03:21:28.113	0.83316	0.83317			6
2024.10.16	03:21:32.546	0.83315	0.83316			6
2024.10.16	03:21:40.057	0.83314	0.83315			6
2024.10.16	03:21:42.224	0.83315	0.83316			6
2024.10.16	03:21:42.591	0.83314	0.83315			6
2024.10.16	03:21:42.904	0.83315	0.83316			6
2024.10.16	03:21:43.815	0.83314	0.83315			6
2024.10.16	03:21:44.252	0.83315	0.83316			6
2024.10.16	03:21:45.905	0.83314	0.83315			6
2024.10.16	03:21:46.251	0.83315	0.83316			6
2024.10.16	03:21:58.943	0.83314	0.83315			6
2024.10.16	03:22:00.281	0.83314				2
2024.10.16	03:22:02.817	0.83315	0.83316			6
2024.10.16	03:22:07.008	0.83316	0.83317			6
2024.10.16	03:22:09.449	0.83315	0.83316			6
2024.10.16	03:22:13.792	0.83317	0.83318			6
2024.10.16	03:22:15.760	0.83318	0.83319			6
2024.10.16	03:22:16.504	0.83316	0.83317			6
2024.10.16	03:22:18.827	0.83315	0.83316			6
2024.10.16	03:22:23.582	0.83318	0.83319			6
2024.10.16	03:22:23.884	0.83317	0.83318			6
2024.10.16	03:22:26.415	0.83316	0.83317			6
2024.10.16	03:22:34.193	0.83317	0.83318			6
2024.10.16	03:22:37.432	0.83316	0.83317			6
2024.10.16	03:22:40.457	0.83314	0.83315			6
2024.10.16	03:22:43.513	0.83315	0.83316			6
2024.10.16	03:22:57.291	0.83314	0.83315			6
2024.10.16	03:23:00.162	0.83314				2
2024.10.16	03:23:00.502	0.83315	0.83316			6
2024.10.16	03:23:00.845	0.83314	0.83315			6
2024.10.16	03:23:04.225	0.83315	0.83316			6
2024.10.16	03:23:10.979	0.83314	0.83315			6
2024.10.16	03:23:23.014	0.83315	0.83316			6
2024.10.16	03:23:31.948	0.83314	0.83315			6
2024.10.16	03:23:36.547	0.83313	0.83314			6
2024.10.16	03:23:39.249	0.83315	0.83316			6
2024.10.16	03:23:41.802	0.83314	0.83315			6
2024.10.16	03:23:42.419	0.83315	0.83316			6
2024.10.16	03:23:56.242	0.83314	0.83315			6
2024.10.16	03:23:57.613	0.83313	0.83314			6
2024.10.16	03:23:58.739	0.83314	0.83315			6
2024.10.16	03:23:59.114	0.83313	0.83314			6
2024.10.16	03:24:00.287	0.83313				2
2024.10.16	03:24:01.219	0.83311	0.83312			6
2024.10.16	03:24:04.352	0.83312	0.83313			6
2024.10.16	03:24:05.390	0.83314	0.83315			6
2024.10.16	03:24:05.722	0.83313				2
2024.10.16	03:24:07.959		0.83314			4
2024.10.16	03:24:21.162	0.83311	0.83312			6
2024.10.16	03:24:25.529	0.83312	0.83313			6
2024.10.16	03:24:29.180	0.83313	0.83314			6
2024.10.16	03:24:36.800	0.83311	0.83312			6
2024.10.16	03:24:42.484	0.83312	0.83313			6
2024.10.16	03:24:45.389	0.83311	0.83312			6
2024.10.16	03:24:46.086	0.83310	0.83311			6
2024.10.16	03:24:58.727	0.83311	0.83312			6
2024.10.16	03:24:59.756	0.83310	0.83311			6
2024.10.16	03:25:00.286	0.83310				2
2024.10.16	03:25:01.746	0.83309	0.83310			6
2024.10.16	03:25:02.172	0.83310	0.83311			6
2024.10.16	03:25:08.671	0.83309	0.83310			6
2024.10.16	03:25:12.909	0.83310	0.83311			6
2024.10.16	03:25:34.822	0.83311	0.83312			6
2024.10.16	03:25:35.150	0.83310	0.83311			6
2024.10.16	03:25:47.941	0.83309	0.83310			6
2024.10.16	03:25:49.714	0.83310	0.83311			6
2024.10.16	03:26:00.430	0.83310				2
2024.10.16	03:26:04.246	0.83311	0.83312			6
2024.10.16	03:26:11.383	0.83314	0.83315			6
2024.10.16	03:26:18.533	0.83313	0.83314			6
2024.10.16	03:26:18.846	0.83312	0.83313			6
2024.10.16	03:26:21.689	0.83313	0.83314			6
2024.10.16	03:26:23.942	0.83312	0.83313			6
2024.10.16	03:26:35.683	0.83313	0.83314			6
2024.10.16	03:26:37.545	0.83312	0.83313			6
2024.10.16	03:26:54.998	0.83311	0.83312			6
2024.10.16	03:27:00.195	0.83311				2
2024.10.16	03:27:08.239	0.83310	0.83311			6
2024.10.16	03:27:08.992	0.83309	0.83310			6
2024.10.16	03:27:13.757	0.83311	0.83312			6
2024.10.16	03:27:20.904	0.83308	0.83309			6
2024.10.16	03:27:21.233	0.83309	0.83310			6
2024.10.16	03:27:27.498	0.83308	0.83309			6
2024.10.16	03:27:33.168	0.83311	0.83312			6
2024.10.16	03:27:36.639	0.83313	0.83314			6
2024.10.16	03:27:41.964	0.83312	0.83313			6
2024.10.16	03:27:43.278	0.83313	0.83314			6
2024.10.16	03:27:45.942	0.83314	0.83315			6
2024.10.16	03:27:47.512	0.83313	0.83314			6
2024.10.16	03:27:50.128	0.83314	0.83315			6
2024.10.16	03:27:50.827	0.83313	0.83314			6
2024.10.16	03:27:51.147	0.83314	0.83315			6
2024.10.16	03:27:52.891	0.83313	0.83314			6
2024.10.16	03:27:55.157	0.83314	0.83315			6
2024.10.16	03:27:55.473	0.83313	0.83314			6
2024.10.16	03:27:57.142	0.83314	0.83315			6
2024.10.16	03:28:00.704	0.83314				2
2024.10.16	03:28:20.497	0.83313	0.83314			6
2024.10.16	03:28:21.123	0.83314	0.83315			6
2024.10.16	03:28:21.508	0.83313	0.83314			6
2024.10.16	03:28:25.661	0.83314	0.83315			6
2024.10.16	03:28:25.972	0.83313	0.83314			6
2024.10.16	03:28:30.421	0.83314	0.83315			6
2024.10.16	03:28:48.183	0.83313	0.83314			6
2024.10.16	03:28:58.182	0.83314	0.83315			6
2024.10.16	03:29:00.070	0.83314				2
2024.10.16	03:29:00.476	0.83313	0.83314			6
2024.10.16	03:29:01.129	0.83314	0.83315			6
2024.10.16	03:29:11.101	0.83313	0.83314			6
2024.10.16	03:29:20.708	0.83314	0.83315			6
2024.10.16	03:29:21.178	0.83313	0.83314			6
2024.10.16	03:29:24.195	0.83314	0.83315			6
2024.10.16	03:29:26.580	0.83312	0.83313			6
2024.10.16	03:29:27.692	0.83311	0.83312			6
2024.10.16	03:29:28.416	0.83312	0.83313			6
2024.10.16	03:29:29.549	0.83311	0.83312			6
2024.10.16	03:29:31.110	0.83313	0.83314			6
2024.10.16	03:29:32.437	0.83314	0.83315			6
2024.10.16	03:29:44.746	0.83313	0.83314			6
2024.10.16	03:29:47.330	0.83316	0.83317			6
2024.10.16	03:29:47.640	0.83313	0.83314			6
2024.10.16	03:29:49.460	0.83312	0.83313			6
2024.10.16	03:29:51.500	0.83311	0.83312			6
2024.10.16	03:29:58.350	0.83310	0.83311			6
2024.10.16	03:30:00.012	0.83310				2
2024.10.16	03:30:05.885	0.83311	0.83312			6
2024.10.16	03:30:13.239	0.83312	0.83313			6
2024.10.16	03:30:31.612	0.83313	0.83314			6
2024.10.16	03:30:33.694	0.83315	0.83316			6
2024.10.16	03:30:43.066	0.83314	0.83315			6
2024.10.16	03:30:46.859	0.83315	0.83316			6
2024.10.16	03:30:53.845	0.83314	0.83315			6
2024.10.16	03:30:54.676	0.83313	0.83314			6
2024.10.16	03:30:55.162	0.83314	0.83315			6
2024.10.16	03:30:58.880	0.83315	0.83316			6
2024.10.16	03:31:00.081	0.83315				2
2024.10.16	03:31:10.969	0.83316	0.83317			6
2024.10.16	03:31:20.896	0.83315	0.83316			6
2024.10.16	03:31:37.512	0.83314	0.83315			6
2024.10.16	03:31:37.900	0.83315	0.83316			6
2024.10.16	03:31:39.417	0.83314	0.83315			6
2024.10.16	03:31:41.125	0.83315	0.83316			6
2024.10.16	03:31:42.073	0.83314	0.83315			6
2024.10.16	03:31:51.601	0.83315	0.83316			6
2024.10.16	03:32:00.393	0.83315				2
2024.10.16	03:32:14.225	0.83314	0.83315			6
2024.10.16	03:32:14.526	0.83315	0.83316			6
2024.10.16	03:32:14.836	0.83316	0.83317			6
2024.10.16	03:32:15.161	0.83315	0.83316			6
2024.10.16	03:32:15.869	0.83316	0.83317			6
2024.10.16	03:32:16.246	0.83315	0.83316			6
2024.10.16	03:32:16.648	0.83314	0.83315			6
2024.10.16	03:32:21.649	0.83315	0.83316			6
2024.10.16	03:32:22.952	0.83314	0.83315			6
2024.10.16	03:32:23.284	0.83315	0.83316			6
2024.10.16	03:32:23.590	0.83314	0.83315			6
2024.10.16	03:32:24.757	0.83315	0.83316			6
2024.10.16	03:32:25.521	0.83314	0.83315			6
2024.10.16	03:32:28.485	0.83313	0.83314			6
2024.10.16	03:32:29.704	0.83314	0.83315			6
2024.10.16	03:32:33.040	0.83312	0.83313			6
2024.10.16	03:32:33.413	0.83313	0.83314			6
2024.10.16	03:32:33.913	0.83311				2
2024.10.16	03:32:34.225	0.83314	0.83315			6
2024.10.16	03:32:34.714	0.83313	0.83314			6
2024.10.16	03:32:36.261	0.83314	0.83315			6
2024.10.16	03:32:36.582	0.83313	0.83314			6
2024.10.16	03:32:40.816	0.83314	0.83315			6
2024.10.16	03:32:44.921	0.83313	0.83314			6
2024.10.16	03:32:49.165	0.83314	0.83315			6
2024.10.16	03:32:49.477	0.83313	0.83314			6
2024.10.16	03:32:52.917	0.83312	0.83313			6
2024.10.16	03:32:54.582	0.83313	0.83314			6
2024.10.16	03:32:54.897	0.83312	0.83313			6
2024.10.16	03:32:55.251	0.83313	0.83314			6
2024.10.16	03:33:00.081	0.83313				2
2024.10.16	03:33:05.608	0.83312	0.83313			6
2024.10.16	03:33:05.926	0.83313	0.83314			6
2024.10.16	03:33:06.946	0.83312	0.83313			6
2024.10.16	03:33:08.525	0.83313	0.83314			6
2024.10.16	03:33:10.376	0.83312	0.83313			6
2024.10.16	03:33:16.873	0.83311	0.83312			6
2024.10.16	03:33:21.777	0.83312	0.83313			6
2024.10.16	03:33:22.229	0.83313	0.83314			6
2024.10.16	03:33:41.953	0.83312	0.83313			6
2024.10.16	03:33:47.155	0.83313	0.83314			6
2024.10.16	03:33:48.774	0.83312	0.83313			6
2024.10.16	03:33:49.106	0.83313	0.83314			6
2024.10.16	03:33:52.352	0.83312	0.83313			6
2024.10.16	03:33:54.358	0.83313	0.83314			6
2024.10.16	03:33:55.434	0.83312	0.83313			6
2024.10.16	03:33:55.786	0.83313	0.83314			6
2024.10.16	03:34:00.318	0.83313				2
2024.10.16	03:34:06.159	0.83312	0.83313			6
2024.10.16	03:34:16.743	0.83313	0.83314			6
2024.10.16	03:34:19.918	0.83312	0.83313			6
2024.10.16	03:34:30.119	0.83309	0.83310			6
2024.10.16	03:34:30.773	0.83310	0.83311			6
2024.10.16	03:34:31.427	0.83309	0.83310			6
2024.10.16	03:34:31.760	0.83310	0.83311			6
2024.10.16	03:34:32.065	0.83309	0.83310			6
2024.10.16	03:34:32.382	0.83310	0.83311			6
2024.10.16	03:34:32.863	0.83309	0.83310			6
2024.10.16	03:34:34.412	0.83310	0.83311			6
2024.10.16	03:34:48.045	0.83309	0.83310			6
2024.10.16	03:35:00.076	0.83309				2
2024.10.16	03:35:01.717	0.83310	0.83311			6
2024.10.16	03:35:04.278	0.83309	0.83310			6
2024.10.16	03:35:04.667	0.83310	0.83311			6
2024.10.16	03:35:14.188	0.83309	0.83310			6
2024.10.16	03:35:16.783	0.83310	0.83311			6
2024.10.16	03:35:18.353	0.83309	0.83310			6
2024.10.16	03:35:18.786	0.83310	0.83311			6
2024.10.16	03:35:21.426	0.83311	0.83312			6
2024.10.16	03:35:22.351	0.83310	0.83311			6
2024.10.16	03:35:22.767	0.83311	0.83312			6
2024.10.16	03:35:34.767	0.83308	0.83309			6
2024.10.16	03:35:39.331	0.83307	0.83308			6
2024.10.16	03:35:40.392	0.83308	0.83309			6
2024.10.16	03:35:44.324	0.83307	0.83308			6
2024.10.16	03:35:45.684	0.83308	0.83309			6
2024.10.16	03:35:46.116	0.83309	0.83310			6
2024.10.16	03:35:46.842	0.83308	0.83309			6
2024.10.16	03:35:54.217	0.83309	0.83310			6
2024.10.16	03:35:57.656	0.83308	0.83309			6
2024.10.16	03:35:58.425	0.83309	0.83310			6
2024.10.16	03:36:00.019	0.83309				2
2024.10.16	03:36:01.080	0.83308	0.83309			6
2024.10.16	03:36:01.716	0.83309	0.83310			6
2024.10.16	03:36:02.024	0.83310	0.83311			6
2024.10.16	03:36:02.346	0.83311	0.83312			6
2024.10.16	03:36:09.509	0.83310	0.83311			6
2024.10.16	03:36:10.588	0.83311	0.83312			6
2024.10.16	03:36:10.960	0.83310	0.83311			6
2024.10.16	03:36:13.425	0.83311	0.83312			6
2024.10.16	03:36:14.315	0.83310	0.83311			6
2024.10.16	03:36:14.694	0.83311	0.83312			6
2024.10.16	03:36:23.899	0.83313	0.83314			6
2024.10.16	03:36:24.514	0.83312	0.83313			6
2024.10.16	03:36:26.364	0.83313	0.83314			6
2024.10.16	03:36:38.863	0.83312	0.83313			6
2024.10.16	03:36:43.457	0.83313	0.83314			6
2024.10.16	03:36:51.546	0.83314	0.83315			6
2024.10.16	03:37:00.621	0.83311	0.83312			6
2024.10.16	03:37:10.676	0.83313	0.83314			6
2024.10.16	03:37:11.287	0.83315	0.83316			6
2024.10.16	03:37:12.021	0.83314	0.83315			6
