<DATE>	<TIME>	<BID>	<ASK>	<LAST>	<VOLUME>	<FLAGS>
2024.12.02	00:00:00.212	0.82994	0.83198			6
2024.12.02	00:00:05.504	0.82926	0.83130			6
2024.12.02	00:00:06.110	0.82930	0.83134			6
2024.12.02	00:00:12.210	0.82936	0.83140			6
2024.12.02	00:00:14.933	0.82934	0.83138			6
2024.12.02	00:00:32.230	0.82942	0.83146			6
2024.12.02	00:00:33.183	0.82934	0.83138			6
2024.12.02	00:00:35.951	0.82936	0.83140			6
2024.12.02	00:00:40.495	0.82987	0.83187			6
2024.12.02	00:01:00.430	0.82987				2
2024.12.02	00:01:35.493	0.82988	0.83177			6
2024.12.02	00:02:00.244	0.82988				2
2024.12.02	00:02:30.506	0.82987	0.83184			6
2024.12.02	00:03:04.785	0.82987				2
2024.12.02	00:03:25.500	0.82988	0.83182			6
2024.12.02	00:04:00.641	0.82988				2
2024.12.02	00:04:20.498	0.82987	0.83177			6
2024.12.02	00:04:34.509		0.83149			4
2024.12.02	00:05:02.828	0.82964				2
2024.12.02	00:05:06.015		0.83139			4
2024.12.02	00:05:06.351		0.83142			4
2024.12.02	00:05:09.084	0.82985	0.83122			6
2024.12.02	00:06:00.025	0.82985				2
2024.12.02	00:06:04.089	0.82988	0.83119			6
2024.12.02	00:07:10.784	0.82988	0.83119			6
2024.12.02	00:07:35.859		0.83110			4
2024.12.02	00:07:42.353		0.83107			4
2024.12.02	00:07:45.661		0.83119			4
2024.12.02	00:07:55.935		0.83118			4
2024.12.02	00:07:56.354		0.83115			4
2024.12.02	00:07:58.358		0.83114			4
2024.12.02	00:08:05.967	0.82988	0.83119			6
2024.12.02	00:08:36.088		0.83115			4
2024.12.02	00:08:38.731		0.83114			4
2024.12.02	00:08:46.099		0.83119			4
2024.12.02	00:08:48.067		0.83111			4
2024.12.02	00:08:53.842		0.83117			4
2024.12.02	00:08:56.138		0.83119			4
2024.12.02	00:09:00.783	0.82988				2
2024.12.02	00:09:56.306		0.83119			4
2024.12.02	00:10:00.353	0.82988				2
2024.12.02	00:10:58.608		0.83119			4
2024.12.02	00:11:02.351	0.82988				2
2024.12.02	00:11:23.082	0.83018	0.83088			6
2024.12.02	00:11:26.202	0.82988	0.83119			6
2024.12.02	00:12:00.787	0.82988				2
2024.12.02	00:12:26.618		0.83119			4
2024.12.02	00:13:00.217	0.82988				2
2024.12.02	00:13:27.225		0.83119			4
2024.12.02	00:14:00.367	0.82988				2
2024.12.02	00:14:28.415		0.83119			4
2024.12.02	00:15:00.218	0.82988				2
2024.12.02	00:15:30.222		0.83119			4
2024.12.02	00:15:48.483	0.82979	0.83094			6
2024.12.02	00:15:49.152		0.83097			4
2024.12.02	00:16:00.362	0.82979				2
2024.12.02	00:16:28.859		0.83106			4
2024.12.02	00:16:35.627		0.83097			4
2024.12.02	00:16:43.491	0.82982				2
2024.12.02	00:17:00.518	0.82982				2
2024.12.02	00:17:24.802		0.83096			4
2024.12.02	00:17:38.499	0.82988				2
2024.12.02	00:18:02.349	0.82988				2
2024.12.02	00:18:25.410		0.83096			4
2024.12.02	00:19:02.320	0.82988				2
2024.12.02	00:19:21.441		0.83088			4
2024.12.02	00:19:28.489	0.82984				2
2024.12.02	00:20:00.520	0.82984				2
2024.12.02	00:20:23.024		0.83088			4
2024.12.02	00:21:02.357	0.82984				2
2024.12.02	00:21:18.221	0.82988				2
2024.12.02	00:21:24.218		0.83088			4
2024.12.02	00:21:31.725		0.83094			4
2024.12.02	00:22:02.828	0.82988				2
2024.12.02	00:22:32.149		0.83094			4
2024.12.02	00:23:02.834	0.82988				2
2024.12.02	00:23:36.516		0.83094			4
2024.12.02	00:24:00.373	0.82988				2
2024.12.02	00:24:38.354		0.83094			4
2024.12.02	00:25:00.021	0.82988				2
2024.12.02	00:25:39.590		0.83094			4
2024.12.02	00:26:01.417	0.82988				2
2024.12.02	00:26:40.793		0.83094			4
2024.12.02	00:26:41.471		0.83096			4
2024.12.02	00:27:00.141	0.82988				2
2024.12.02	00:27:01.661	0.82986	0.83101			6
2024.12.02	00:27:56.793	0.82988	0.83100			6
2024.12.02	00:28:00.220	0.82988				2
2024.12.02	00:29:03.518	0.82988	0.83100			6
2024.12.02	00:30:00.376	0.82981	0.83093			6
2024.12.02	00:30:00.767	0.82959	0.83080			6
2024.12.02	00:30:18.278	0.82981				2
2024.12.02	00:30:21.044	0.82965				2
2024.12.02	00:30:22.977	0.82968				2
2024.12.02	00:30:31.546	0.82973				2
2024.12.02	00:30:46.269	0.82963				2
2024.12.02	00:30:52.652	0.82961				2
2024.12.02	00:30:54.765	0.82960				2
2024.12.02	00:31:00.440	0.82960				2
2024.12.02	00:31:00.798	0.82973	0.83080			6
2024.12.02	00:31:01.945	0.82960				2
2024.12.02	00:31:05.523	0.82966				2
2024.12.02	00:31:06.561	0.82965				2
2024.12.02	00:31:07.340	0.82966				2
2024.12.02	00:31:08.344	0.82963				2
2024.12.02	00:31:09.425	0.82962				2
2024.12.02	00:31:14.391	0.82968	0.83088			6
2024.12.02	00:31:16.346	0.82967				2
2024.12.02	00:31:19.707	0.82966				2
2024.12.02	00:31:20.322	0.82967				2
2024.12.02	00:31:20.678	0.82969				2
2024.12.02	00:31:20.979	0.82968				2
2024.12.02	00:31:21.725	0.82969				2
2024.12.02	00:31:22.493	0.82966				2
2024.12.02	00:31:30.335	0.82971				2
2024.12.02	00:31:31.035	0.82970				2
2024.12.02	00:31:35.784	0.82971				2
2024.12.02	00:31:41.421	0.82970				2
2024.12.02	00:31:44.967	0.82971				2
2024.12.02	00:31:54.298	0.82968				2
2024.12.02	00:31:55.721	0.82969				2
2024.12.02	00:32:00.216	0.82969				2
2024.12.02	00:32:00.766	0.82971				2
2024.12.02	00:32:01.101	0.82964				2
2024.12.02	00:32:11.016		0.83086			4
2024.12.02	00:32:11.320	0.82963				2
2024.12.02	00:32:13.117	0.82964				2
2024.12.02	00:32:16.080	0.82962				2
2024.12.02	00:32:19.981	0.82976				2
2024.12.02	00:32:59.019	0.82977				2
2024.12.02	00:33:00.517	0.82977				2
2024.12.02	00:33:01.177	0.82976				2
2024.12.02	00:33:02.317	0.82977				2
2024.12.02	00:33:11.203		0.83086			4
2024.12.02	00:33:33.182	0.82978				2
2024.12.02	00:33:37.680	0.82977				2
2024.12.02	00:33:41.320	0.82978				2
2024.12.02	00:33:50.898	0.82979				2
2024.12.02	00:33:51.521	0.82980				2
2024.12.02	00:33:52.470	0.82986				2
2024.12.02	00:33:53.288	0.82988				2
2024.12.02	00:33:54.129	0.82987				2
2024.12.02	00:33:54.840	0.82985				2
2024.12.02	00:33:55.334	0.82986				2
2024.12.02	00:33:57.260	0.82984				2
2024.12.02	00:33:57.597	0.82983				2
2024.12.02	00:33:58.042	0.82985				2
2024.12.02	00:33:59.213	0.82981				2
2024.12.02	00:33:59.545	0.82987				2
2024.12.02	00:34:00.148	0.82986				2
2024.12.02	00:34:02.273	0.82987				2
2024.12.02	00:34:03.889	0.82988				2
2024.12.02	00:34:04.833	0.82985				2
2024.12.02	00:34:10.500		0.83088			4
2024.12.02	00:34:23.884	0.82986				2
2024.12.02	00:34:24.935	0.82985				2
2024.12.02	00:34:37.518	0.82986				2
2024.12.02	00:34:40.416	0.82985				2
2024.12.02	00:34:44.624	0.82984				2
2024.12.02	00:35:00.246	0.82984				2
2024.12.02	00:35:11.188		0.83088			4
2024.12.02	00:35:36.591	0.82975				2
2024.12.02	00:35:38.743	0.82974				2
2024.12.02	00:35:39.128	0.82973				2
2024.12.02	00:35:40.366	0.82972				2
2024.12.02	00:35:41.434	0.82973				2
2024.12.02	00:35:44.528	0.82974				2
2024.12.02	00:35:52.722	0.82975				2
2024.12.02	00:35:53.986	0.82974				2
2024.12.02	00:35:56.701	0.82975				2
2024.12.02	00:35:57.817	0.82984				2
2024.12.02	00:35:58.127	0.82975				2
2024.12.02	00:36:00.471	0.82975	0.83084			6
2024.12.02	00:36:01.106	0.82976				2
2024.12.02	00:36:01.972	0.82977				2
2024.12.02	00:36:02.290	0.82984				2
2024.12.02	00:36:02.667	0.82983				2
2024.12.02	00:36:03.389	0.82984				2
2024.12.02	00:36:04.799	0.82983				2
2024.12.02	00:36:06.470	0.82984				2
2024.12.02	00:36:07.542	0.82975				2
2024.12.02	00:36:08.831	0.82979				2
2024.12.02	00:36:09.468	0.82978	0.83077			6
2024.12.02	00:36:10.077		0.83084			4
2024.12.02	00:36:10.718	0.82979				2
2024.12.02	00:36:11.030	0.82980				2
2024.12.02	00:36:11.498	0.82979				2
2024.12.02	00:36:11.807	0.82978				2
2024.12.02	00:36:12.300		0.83075			4
2024.12.02	00:36:13.719	0.82977				2
2024.12.02	00:36:14.699	0.82979	0.83084			6
2024.12.02	00:36:15.203	0.82971	0.83075			6
2024.12.02	00:36:15.737	0.82979	0.83084			6
2024.12.02	00:36:16.084	0.82980				2
2024.12.02	00:36:17.260	0.82979				2
2024.12.02	00:36:20.343	0.82973	0.83077			6
2024.12.02	00:36:20.915	0.82979	0.83084			6
2024.12.02	00:36:21.595	0.82980				2
2024.12.02	00:36:22.121	0.82978				2
2024.12.02	00:36:26.620	0.82980				2
2024.12.02	00:36:27.290	0.82979				2
2024.12.02	00:36:27.756	0.82980				2
2024.12.02	00:36:31.117	0.82979				2
2024.12.02	00:36:34.551	0.82984				2
2024.12.02	00:36:34.861	0.82985				2
2024.12.02	00:36:35.305	0.82984				2
2024.12.02	00:36:50.468	0.82983				2
2024.12.02	00:37:00.628	0.82983				2
2024.12.02	00:37:01.417	0.82984				2
2024.12.02	00:37:11.598	0.82987				2
2024.12.02	00:37:12.162	0.82986				2
2024.12.02	00:37:16.862	0.82985				2
2024.12.02	00:37:17.316	0.82984				2
2024.12.02	00:37:18.174	0.82976	0.83078			6
2024.12.02	00:37:18.606	0.82985	0.83084			6
2024.12.02	00:37:19.908	0.82975	0.83075			6
2024.12.02	00:37:21.927		0.83084			4
2024.12.02	00:37:23.607	0.82972	0.83075			6
2024.12.02	00:37:24.352		0.83078			4
2024.12.02	00:37:26.316	0.82973				2
2024.12.02	00:37:26.985	0.82971				2
2024.12.02	00:37:28.121	0.82970				2
2024.12.02	00:37:29.918	0.82971				2
2024.12.02	00:37:34.363		0.83075			4
2024.12.02	00:37:42.821	0.82972				2
2024.12.02	00:37:56.537	0.82973	0.83084			6
2024.12.02	00:37:57.518	0.82971	0.83081			6
2024.12.02	00:38:03.127	0.82972				2
2024.12.02	00:38:08.359		0.83080			4
2024.12.02	00:38:12.085	0.82970				2
2024.12.02	00:38:18.352		0.83079			4
2024.12.02	00:38:19.917	0.82972	0.83084			6
2024.12.02	00:38:21.221	0.82971				2
2024.12.02	00:38:23.227	0.82972				2
2024.12.02	00:38:23.645	0.82971				2
2024.12.02	00:38:25.475	0.82972				2
2024.12.02	00:38:27.816	0.82971				2
2024.12.02	00:38:29.320	0.82972				2
2024.12.02	00:38:35.522	0.82976				2
2024.12.02	00:38:37.419	0.82975				2
2024.12.02	00:38:40.715	0.82976				2
2024.12.02	00:38:43.428	0.82975				2
2024.12.02	00:38:44.009	0.82976				2
2024.12.02	00:38:45.221	0.82987				2
2024.12.02	00:38:45.775	0.82989				2
2024.12.02	00:38:46.103	0.82977				2
2024.12.02	00:38:50.627	0.82976				2
2024.12.02	00:38:51.426	0.82977				2
2024.12.02	00:38:51.773	0.82978				2
2024.12.02	00:38:54.813	0.82977				2
2024.12.02	00:38:55.665	0.82978				2
2024.12.02	00:39:01.115	0.82978				2
2024.12.02	00:39:02.092	0.82976				2
2024.12.02	00:39:02.438	0.82977				2
2024.12.02	00:39:02.864	0.82976				2
2024.12.02	00:39:05.557	0.82978				2
2024.12.02	00:39:06.342	0.82975				2
2024.12.02	00:39:07.117	0.82977				2
2024.12.02	00:39:10.117	0.82978				2
2024.12.02	00:39:12.218	0.82976				2
2024.12.02	00:39:12.648	0.82988				2
2024.12.02	00:39:20.646	0.82974	0.83084			6
2024.12.02	00:39:20.972	0.82975				2
2024.12.02	00:39:21.310	0.82987				2
2024.12.02	00:39:24.661	0.82975				2
2024.12.02	00:39:32.323	0.82974				2
2024.12.02	00:39:33.393	0.82975				2
2024.12.02	00:39:35.773	0.82976				2
2024.12.02	00:39:40.772	0.82975				2
2024.12.02	00:39:41.959	0.82988				2
2024.12.02	00:39:42.675	0.82975				2
2024.12.02	00:39:48.330	0.82974				2
2024.12.02	00:39:52.415	0.82976				2
2024.12.02	00:39:54.134	0.82975				2
2024.12.02	00:39:56.035	0.82976				2
2024.12.02	00:39:57.526	0.82975				2
2024.12.02	00:40:02.432	0.82975				2
2024.12.02	00:40:05.288	0.82976				2
2024.12.02	00:40:06.598	0.82977				2
2024.12.02	00:40:13.420	0.82988				2
2024.12.02	00:40:14.696	0.82974				2
2024.12.02	00:40:16.421	0.82975				2
2024.12.02	00:40:16.798	0.82976				2
2024.12.02	00:40:17.636	0.82975				2
2024.12.02	00:40:21.519	0.82978	0.83084			6
2024.12.02	00:40:23.617	0.82988				2
2024.12.02	00:40:23.925	0.82974				2
2024.12.02	00:40:32.519	0.82975				2
2024.12.02	00:40:38.265	0.82974				2
2024.12.02	00:40:40.630		0.83080			4
2024.12.02	00:40:42.351	0.82976				2
2024.12.02	00:40:44.624	0.82972				2
2024.12.02	00:40:52.546	0.82970				2
2024.12.02	00:40:54.352	0.82971				2
2024.12.02	00:40:55.702	0.82976				2
2024.12.02	00:40:59.016	0.82975				2
2024.12.02	00:41:00.192	0.82975				2
2024.12.02	00:41:02.566	0.82973				2
2024.12.02	00:41:02.879	0.82976				2
2024.12.02	00:41:03.185	0.82979				2
2024.12.02	00:41:03.883	0.82978				2
2024.12.02	00:41:04.242	0.82977				2
2024.12.02	00:41:04.638	0.82975				2
2024.12.02	00:41:05.630	0.82974				2
2024.12.02	00:41:07.925	0.82973				2
2024.12.02	00:41:10.312	0.82974				2
2024.12.02	00:41:10.621	0.82972				2
2024.12.02	00:41:10.934	0.82973				2
2024.12.02	00:41:12.327	0.82974				2
2024.12.02	00:41:14.347	0.82975				2
2024.12.02	00:41:15.515	0.82974				2
2024.12.02	00:41:16.359	0.82975				2
2024.12.02	00:41:18.939	0.82974				2
2024.12.02	00:41:20.319	0.82975				2
2024.12.02	00:41:28.305	0.82976				2
2024.12.02	00:41:29.311	0.82975				2
2024.12.02	00:41:31.119	0.82974				2
2024.12.02	00:41:31.923	0.82975				2
2024.12.02	00:41:33.268	0.82974				2
2024.12.02	00:41:33.704	0.82975				2
2024.12.02	00:41:36.091	0.82974				2
2024.12.02	00:41:36.673	0.82973				2
2024.12.02	00:41:39.816	0.82972				2
2024.12.02	00:41:40.248	0.82973				2
2024.12.02	00:41:40.840		0.83080			4
2024.12.02	00:41:42.388	0.82974				2
2024.12.02	00:41:43.767	0.82973				2
2024.12.02	00:41:44.211	0.82974				2
2024.12.02	00:41:47.372	0.82975				2
2024.12.02	00:41:49.117	0.82974				2
2024.12.02	00:41:50.925	0.82975				2
2024.12.02	00:41:53.615	0.82976				2
2024.12.02	00:41:55.068	0.82977				2
2024.12.02	00:41:56.157	0.82976				2
2024.12.02	00:41:58.421	0.82975				2
2024.12.02	00:42:00.313	0.82976				2
2024.12.02	00:42:03.688	0.82975				2
2024.12.02	00:42:04.308	0.82976				2
2024.12.02	00:42:08.917	0.82975				2
2024.12.02	00:42:10.310	0.82976				2
2024.12.02	00:42:12.799	0.82975				2
2024.12.02	00:42:19.221	0.82974				2
2024.12.02	00:42:20.557	0.82975				2
2024.12.02	00:42:24.217	0.82974				2
2024.12.02	00:42:26.021	0.82976				2
2024.12.02	00:42:26.574	0.82975				2
2024.12.02	00:42:32.885	0.82974				2
2024.12.02	00:42:33.597	0.82976				2
2024.12.02	00:42:35.140	0.82978				2
2024.12.02	00:42:36.206	0.82977				2
2024.12.02	00:42:36.615	0.82976				2
2024.12.02	00:42:41.624		0.83080			4
2024.12.02	00:42:42.141	0.82975				2
2024.12.02	00:42:42.933	0.82977				2
2024.12.02	00:42:43.650	0.82975				2
2024.12.02	00:42:45.380	0.82976				2
2024.12.02	00:42:45.831	0.82972				2
2024.12.02	00:42:47.191	0.82973				2
2024.12.02	00:42:54.354	0.82974				2
2024.12.02	00:42:56.692	0.82975				2
2024.12.02	00:43:02.015	0.82975				2
2024.12.02	00:43:03.689	0.82977				2
2024.12.02	00:43:04.076	0.82975				2
2024.12.02	00:43:06.140	0.82974				2
2024.12.02	00:43:06.520	0.82975				2
2024.12.02	00:43:07.623	0.82986				2
2024.12.02	00:43:11.557	0.82988				2
2024.12.02	00:43:12.649	0.82990				2
2024.12.02	00:43:25.421	0.82991				2
2024.12.02	00:43:25.721	0.82990				2
2024.12.02	00:43:28.554	0.82991				2
2024.12.02	00:43:32.541	0.82990				2
2024.12.02	00:43:33.107	0.82991				2
2024.12.02	00:43:35.657	0.82980				2
2024.12.02	00:43:41.265	0.82978				2
2024.12.02	00:43:41.594	0.82979				2
2024.12.02	00:43:42.284		0.83080			4
2024.12.02	00:44:02.321	0.82979				2
2024.12.02	00:44:03.877	0.82978				2
2024.12.02	00:44:13.215	0.82979				2
2024.12.02	00:44:14.017	0.82978				2
2024.12.02	00:44:24.929	0.82977				2
2024.12.02	00:44:28.116	0.82978				2
2024.12.02	00:44:29.318	0.82977				2
2024.12.02	00:44:41.430	0.82976				2
2024.12.02	00:44:43.034		0.83080			4
2024.12.02	00:44:47.316	0.82977				2
2024.12.02	00:44:49.121	0.82976				2
2024.12.02	00:45:00.554	0.82975				2
2024.12.02	00:45:02.094	0.82962	0.83029			6
2024.12.02	00:45:03.939	0.82975	0.83080			6
2024.12.02	00:45:05.080	0.82976				2
2024.12.02	00:45:07.938	0.82988	0.83068			6
2024.12.02	00:45:17.452	0.82987				2
2024.12.02	00:45:20.040	0.82988				2
2024.12.02	00:45:21.818	0.82987				2
2024.12.02	00:45:26.226	0.82989				2
2024.12.02	00:45:26.981	0.82991				2
2024.12.02	00:45:28.167	0.82989				2
2024.12.02	00:45:29.265	0.82991				2
2024.12.02	00:45:32.021	0.82992				2
2024.12.02	00:45:46.416	0.82991				2
2024.12.02	00:46:00.474	0.82990				2
2024.12.02	00:46:01.092	0.82991				2
2024.12.02	00:46:08.912		0.83068			4
2024.12.02	00:46:10.029	0.82990				2
2024.12.02	00:46:10.716	0.82992				2
2024.12.02	00:46:14.021	0.82991				2
2024.12.02	00:46:18.815	0.82992				2
2024.12.02	00:46:33.161	0.82991				2
2024.12.02	00:46:36.217	0.82992				2
2024.12.02	00:46:38.142	0.82999				2
2024.12.02	00:46:45.858	0.82987				2
2024.12.02	00:46:52.723	0.82986				2
2024.12.02	00:47:00.738	0.82986				2
2024.12.02	00:47:02.095	0.82974	0.83017			6
2024.12.02	00:47:03.924	0.82986	0.83068			6
2024.12.02	00:47:09.401	0.82985				2
2024.12.02	00:47:13.118	0.82986				2
2024.12.02	00:47:24.966	0.82998				2
2024.12.02	00:47:30.989	0.82999				2
2024.12.02	00:47:31.721	0.82998				2
2024.12.02	00:47:43.147	0.82996				2
2024.12.02	00:47:44.180	0.82988				2
2024.12.02	00:47:44.518	0.82995				2
2024.12.02	00:47:45.271	0.82996				2
2024.12.02	00:47:51.605	0.82990				2
2024.12.02	00:47:55.667	0.82989				2
2024.12.02	00:48:00.422	0.82989				2
2024.12.02	00:48:01.486	0.82995				2
2024.12.02	00:48:03.204	0.82988				2
2024.12.02	00:48:03.589	0.82995				2
2024.12.02	00:48:06.219		0.83068			4
2024.12.02	00:48:10.827	0.82994				2
2024.12.02	00:48:14.634	0.82988				2
2024.12.02	00:48:15.381	0.82987				2
2024.12.02	00:48:19.117	0.82986				2
2024.12.02	00:48:20.626	0.82987				2
2024.12.02	00:48:26.316	0.82986				2
2024.12.02	00:48:26.697	0.82987				2
2024.12.02	00:48:27.714		0.83066			4
2024.12.02	00:48:31.259	0.82986				2
2024.12.02	00:48:32.993	0.82987				2
2024.12.02	00:48:33.343	0.82988				2
2024.12.02	00:48:33.944	0.82986				2
2024.12.02	00:48:34.764	0.82989				2
2024.12.02	00:48:37.716	0.82988				2
2024.12.02	00:48:41.363	0.82987				2
2024.12.02	00:48:42.399	0.82986				2
2024.12.02	00:48:43.354	0.82985				2
2024.12.02	00:48:44.381	0.82984				2
2024.12.02	00:48:44.690	0.82985				2
2024.12.02	00:48:45.495	0.82986				2
2024.12.02	00:48:52.687	0.82985				2
2024.12.02	00:48:53.118	0.82986				2
2024.12.02	00:49:00.133	0.82987				2
2024.12.02	00:49:00.482	0.82986				2
2024.12.02	00:49:01.658	0.82987				2
2024.12.02	00:49:05.870	0.82985				2
2024.12.02	00:49:06.722	0.82986				2
2024.12.02	00:49:08.020	0.82987				2
2024.12.02	00:49:10.906	0.82988				2
2024.12.02	00:49:13.969	0.82987				2
2024.12.02	00:49:15.436	0.82988				2
2024.12.02	00:49:18.052	0.82987				2
2024.12.02	00:49:19.716	0.82988				2
2024.12.02	00:49:21.521	0.82987				2
2024.12.02	00:49:25.232	0.82988				2
2024.12.02	00:49:28.121	0.82987	0.83066			6
2024.12.02	00:49:28.485	0.82988				2
2024.12.02	00:49:32.054	0.82989				2
2024.12.02	00:49:33.815	0.82988				2
2024.12.02	00:49:34.469	0.82987				2
2024.12.02	00:49:37.784	0.82989				2
2024.12.02	00:49:41.357	0.82988				2
2024.12.02	00:49:44.094	0.82989				2
2024.12.02	00:49:45.702	0.82981				2
2024.12.02	00:49:46.016	0.82986				2
2024.12.02	00:49:46.334	0.82987				2
2024.12.02	00:49:46.917	0.82986				2
2024.12.02	00:49:50.825	0.82985				2
2024.12.02	00:49:51.851	0.82986				2
2024.12.02	00:49:53.376	0.82984				2
2024.12.02	00:49:53.895	0.82985				2
2024.12.02	00:49:54.854	0.82986				2
2024.12.02	00:49:55.929	0.82987				2
2024.12.02	00:49:56.347	0.82986				2
2024.12.02	00:49:57.618	0.82985				2
2024.12.02	00:50:00.387	0.82985				2
2024.12.02	00:50:02.142	0.82987				2
2024.12.02	00:50:05.135	0.82988				2
2024.12.02	00:50:06.141	0.82984				2
2024.12.02	00:50:06.718	0.82986				2
2024.12.02	00:50:08.738	0.82987				2
2024.12.02	00:50:09.242	0.82986				2
2024.12.02	00:50:12.137	0.82990				2
2024.12.02	00:50:12.448	0.82991				2
2024.12.02	00:50:12.751	0.82990				2
2024.12.02	00:50:13.097	0.82991				2
2024.12.02	00:50:14.364	0.82990				2
2024.12.02	00:50:14.760	0.82991				2
2024.12.02	00:50:15.124	0.82990				2
2024.12.02	00:50:16.152	0.82991				2
2024.12.02	00:50:18.356	0.83008				2
2024.12.02	00:50:18.675	0.83000				2
2024.12.02	00:50:18.995	0.82989				2
2024.12.02	00:50:21.819	0.82990				2
2024.12.02	00:50:23.263	0.82988				2
2024.12.02	00:50:24.122	0.82991				2
2024.12.02	00:50:24.441	0.82990				2
2024.12.02	00:50:25.125	0.82991				2
2024.12.02	00:50:27.002	0.82990				2
2024.12.02	00:50:28.247		0.83066			4
2024.12.02	00:50:31.016	0.82989				2
2024.12.02	00:50:31.322	0.82990				2
2024.12.02	00:50:32.280	0.82989				2
2024.12.02	00:50:33.866	0.82986				2
2024.12.02	00:50:35.088	0.82990				2
2024.12.02	00:50:36.274	0.82992				2
2024.12.02	00:50:40.585	0.82993				2
2024.12.02	00:50:41.774	0.82990				2
2024.12.02	00:50:43.348	0.82992				2
2024.12.02	00:50:43.703	0.82991				2
2024.12.02	00:50:46.923	0.82992				2
2024.12.02	00:50:53.854	0.82996				2
2024.12.02	00:50:55.973	0.82995				2
2024.12.02	00:50:57.136	0.82996				2
2024.12.02	00:51:00.372	0.82996				2
2024.12.02	00:51:02.340	0.82995				2
2024.12.02	00:51:02.760	0.82996				2
2024.12.02	00:51:04.256	0.82995				2
2024.12.02	00:51:04.936	0.82996				2
2024.12.02	00:51:07.108	0.82995				2
2024.12.02	00:51:08.662	0.82991				2
2024.12.02	00:51:10.878	0.82995				2
2024.12.02	00:51:12.062	0.82994				2
2024.12.02	00:51:13.146	0.82995				2
2024.12.02	00:51:21.520	0.82990				2
2024.12.02	00:51:21.824	0.82994				2
2024.12.02	00:51:22.823	0.82991				2
2024.12.02	00:51:23.656	0.82994				2
2024.12.02	00:51:24.124	0.82995				2
2024.12.02	00:51:24.807	0.82990				2
2024.12.02	00:51:27.522	0.82991				2
2024.12.02	00:51:28.920		0.83066			4
2024.12.02	00:51:29.394	0.82990				2
2024.12.02	00:51:34.489	0.82994				2
2024.12.02	00:51:37.424	0.82990				2
2024.12.02	00:51:43.818	0.82995				2
2024.12.02	00:51:44.892	0.82994				2
2024.12.02	00:51:46.295	0.82992				2
2024.12.02	00:51:48.170	0.82989				2
2024.12.02	00:51:53.683	0.82988				2
2024.12.02	00:51:54.118	0.82986				2
2024.12.02	00:52:03.028	0.82991				2
2024.12.02	00:52:05.683	0.82990				2
2024.12.02	00:52:08.140	0.82991				2
2024.12.02	00:52:09.737	0.82984				2
2024.12.02	00:52:10.723	0.82990				2
2024.12.02	00:52:15.158	0.82991				2
2024.12.02	00:52:16.152	0.82979				2
2024.12.02	00:52:16.485	0.82978				2
2024.12.02	00:52:17.164	0.82990				2
2024.12.02	00:52:21.218	0.82988				2
2024.12.02	00:52:22.420	0.82989				2
2024.12.02	00:52:23.778	0.82988				2
2024.12.02	00:52:27.139	0.82993				2
2024.12.02	00:52:27.689	0.82994				2
2024.12.02	00:52:29.193		0.83066			4
2024.12.02	00:52:31.128	0.82993				2
2024.12.02	00:52:32.348	0.82992				2
2024.12.02	00:52:37.139	0.82994				2
2024.12.02	00:52:39.217	0.82993				2
2024.12.02	00:52:42.024	0.82992				2
2024.12.02	00:52:43.405	0.82993				2
2024.12.02	00:52:50.154	0.82991				2
2024.12.02	00:52:53.015	0.82990				2
2024.12.02	00:52:54.433	0.82991				2
2024.12.02	00:52:56.616	0.82990				2
2024.12.02	00:52:57.614	0.82993				2
2024.12.02	00:52:58.359	0.82994				2
2024.12.02	00:53:00.219	0.82993				2
2024.12.02	00:53:00.702	0.82992				2
2024.12.02	00:53:01.341	0.82985				2
2024.12.02	00:53:01.656	0.82978				2
2024.12.02	00:53:03.698	0.82976				2
2024.12.02	00:53:04.290	0.82978				2
2024.12.02	00:53:04.925	0.82979				2
2024.12.02	00:53:05.228	0.82983				2
2024.12.02	00:53:08.252	0.82992				2
2024.12.02	00:53:11.620	0.82991				2
2024.12.02	00:53:15.688	0.82992				2
2024.12.02	00:53:16.102	0.82979				2
2024.12.02	00:53:16.404	0.82981				2
2024.12.02	00:53:16.764	0.82978				2
2024.12.02	00:53:17.075	0.82977				2
2024.12.02	00:53:17.797	0.82978				2
2024.12.02	00:53:18.103	0.82981				2
2024.12.02	00:53:18.456	0.82976				2
2024.12.02	00:53:18.763	0.82981				2
2024.12.02	00:53:19.068	0.82979				2
2024.12.02	00:53:19.522	0.82977				2
2024.12.02	00:53:20.110	0.82971	0.83063			6
2024.12.02	00:53:20.422	0.82972				2
2024.12.02	00:53:22.625	0.82975				2
2024.12.02	00:53:23.087	0.82971				2
2024.12.02	00:53:23.830	0.82968				2
2024.12.02	00:53:24.464	0.82971				2
2024.12.02	00:53:25.134	0.82974				2
2024.12.02	00:53:25.783	0.82971				2
2024.12.02	00:53:27.923	0.82972				2
2024.12.02	00:53:28.225	0.82971				2
2024.12.02	00:53:34.902	0.82972				2
2024.12.02	00:53:35.333	0.82970				2
2024.12.02	00:53:38.370	0.82969				2
2024.12.02	00:53:38.672		0.83087			4
2024.12.02	00:53:40.787	0.82972				2
2024.12.02	00:53:42.072	0.82969				2
2024.12.02	00:53:42.381	0.82970				2
2024.12.02	00:53:44.791	0.82969				2
2024.12.02	00:53:45.294		0.83064			4
2024.12.02	00:53:46.272	0.82970				2
2024.12.02	00:53:46.948	0.82959	0.83052			6
2024.12.02	00:53:47.264		0.83059			4
2024.12.02	00:53:47.642	0.82964				2
2024.12.02	00:53:48.803	0.82965				2
2024.12.02	00:53:49.294	0.82967	0.83049			6
2024.12.02	00:53:50.866	0.82968				2
2024.12.02	00:53:51.304	0.82959				2
2024.12.02	00:53:51.958	0.82967				2
2024.12.02	00:53:55.220	0.82959				2
2024.12.02	00:53:59.903	0.82968				2
2024.12.02	00:54:00.663	0.82968				2
2024.12.02	00:54:00.993	0.82959				2
2024.12.02	00:54:01.705	0.82968				2
2024.12.02	00:54:02.137	0.82959				2
2024.12.02	00:54:02.506	0.82968				2
2024.12.02	00:54:03.128	0.82972				2
2024.12.02	00:54:04.305	0.82968				2
2024.12.02	00:54:04.705	0.82972				2
2024.12.02	00:54:05.454	0.82959				2
2024.12.02	00:54:06.041	0.82968				2
2024.12.02	00:54:08.616	0.82967				2
2024.12.02	00:54:09.141	0.82968				2
2024.12.02	00:54:10.279	0.82959				2
2024.12.02	00:54:11.334	0.82968				2
2024.12.02	00:54:19.958	0.82970	0.83046			6
2024.12.02	00:54:24.393	0.82968				2
2024.12.02	00:54:26.351	0.82966				2
2024.12.02	00:54:26.856	0.82968				2
2024.12.02	00:54:32.616	0.82959				2
2024.12.02	00:54:32.922	0.82968				2
2024.12.02	00:54:44.348	0.82955				2
2024.12.02	00:54:45.141	0.82953				2
2024.12.02	00:54:45.782	0.82968				2
2024.12.02	00:54:46.099	0.82953				2
2024.12.02	00:54:46.966	0.82955				2
2024.12.02	00:54:48.347	0.82968				2
2024.12.02	00:54:49.787	0.82955				2
2024.12.02	00:54:51.599	0.82968				2
2024.12.02	00:54:52.302	0.82953				2
2024.12.02	00:54:53.181	0.82969				2
2024.12.02	00:54:54.606	0.82968				2
2024.12.02	00:54:58.347	0.82953				2
2024.12.02	00:54:58.961	0.82968				2
2024.12.02	00:55:00.367	0.82970				2
2024.12.02	00:55:00.679	0.82968				2
2024.12.02	00:55:01.583	0.82969				2
2024.12.02	00:55:02.381	0.82960				2
2024.12.02	00:55:05.268	0.82969				2
2024.12.02	00:55:08.748	0.82968				2
2024.12.02	00:55:12.024	0.82969				2
2024.12.02	00:55:12.401	0.82964				2
2024.12.02	00:55:12.857	0.82954				2
2024.12.02	00:55:13.791	0.82960				2
2024.12.02	00:55:14.744	0.82969				2
2024.12.02	00:55:16.357	0.82961				2
2024.12.02	00:55:17.469	0.82968				2
2024.12.02	00:55:18.424	0.82969				2
2024.12.02	00:55:19.706	0.82960				2
2024.12.02	00:55:20.315		0.83046			4
2024.12.02	00:55:21.839	0.82966				2
2024.12.02	00:55:23.096	0.82969				2
2024.12.02	00:55:23.456	0.82970				2
2024.12.02	00:55:25.264	0.82966				2
2024.12.02	00:55:30.736	0.82969				2
2024.12.02	00:55:33.440	0.82970				2
2024.12.02	00:55:34.508	0.82969				2
2024.12.02	00:55:45.957	0.82968				2
2024.12.02	00:55:47.033	0.82970				2
2024.12.02	00:55:47.378	0.82969				2
2024.12.02	00:55:53.108	0.82957				2
2024.12.02	00:55:53.427	0.82970				2
2024.12.02	00:55:56.121	0.82968				2
2024.12.02	00:55:56.571	0.82961				2
2024.12.02	00:55:56.941	0.82957				2
2024.12.02	00:55:57.982	0.82970				2
2024.12.02	00:55:58.871	0.82968				2
2024.12.02	00:56:00.116	0.82970				2
2024.12.02	00:56:03.360	0.82969				2
2024.12.02	00:56:03.775	0.82966				2
2024.12.02	00:56:04.745	0.82959				2
2024.12.02	00:56:06.125	0.82969				2
2024.12.02	00:56:07.650	0.82970				2
2024.12.02	00:56:10.792	0.82968				2
2024.12.02	00:56:11.124	0.82969				2
2024.12.02	00:56:12.155	0.82968				2
2024.12.02	00:56:12.893	0.82970				2
2024.12.02	00:56:14.945	0.82971				2
2024.12.02	00:56:15.731	0.82970				2
2024.12.02	00:56:18.196	0.82971				2
2024.12.02	00:56:20.222	0.82970				2
2024.12.02	00:56:20.795		0.83046			4
2024.12.02	00:56:21.270	0.82971				2
2024.12.02	00:56:24.076	0.82969				2
2024.12.02	00:56:25.624	0.82970				2
2024.12.02	00:56:26.777	0.82971				2
2024.12.02	00:56:30.418	0.82970				2
2024.12.02	00:56:33.108	0.82961				2
2024.12.02	00:56:34.277	0.82969				2
2024.12.02	00:56:36.189	0.82970				2
2024.12.02	00:56:40.164	0.82966				2
2024.12.02	00:56:41.882	0.82971				2
2024.12.02	00:56:42.845	0.82970				2
2024.12.02	00:56:45.507	0.82974				2
2024.12.02	00:56:46.138	0.82973				2
2024.12.02	00:56:47.141	0.82970				2
2024.12.02	00:56:51.745	0.82972				2
2024.12.02	00:56:52.357	0.82971				2
2024.12.02	00:56:54.189	0.82973				2
2024.12.02	00:56:56.303	0.82972				2
2024.12.02	00:56:57.006	0.82973				2
2024.12.02	00:56:57.327	0.82972				2
2024.12.02	00:56:58.919	0.82971				2
2024.12.02	00:57:00.565	0.82971				2
2024.12.02	00:57:01.010	0.82972				2
2024.12.02	00:57:05.034	0.82969				2
2024.12.02	00:57:05.443	0.82971				2
2024.12.02	00:57:06.255	0.82968				2
2024.12.02	00:57:07.136	0.82969				2
2024.12.02	00:57:10.638	0.82971				2
2024.12.02	00:57:14.878	0.82956	0.83038			6
2024.12.02	00:57:15.227	0.82955				2
2024.12.02	00:57:15.616	0.82954				2
2024.12.02	00:57:16.030	0.82956				2
2024.12.02	00:57:16.341	0.82955				2
2024.12.02	00:57:17.160	0.82954				2
2024.12.02	00:57:17.782	0.82956				2
2024.12.02	00:57:18.361	0.82958				2
2024.12.02	00:57:19.183	0.82954				2
2024.12.02	00:57:20.316	0.82974				2
2024.12.02	00:57:27.587	0.82954				2
2024.12.02	00:57:28.210	0.82960				2
2024.12.02	00:57:37.442	0.82969				2
2024.12.02	00:57:37.770	0.82960				2
2024.12.02	00:57:39.044	0.82961				2
2024.12.02	00:57:39.364	0.82962				2
2024.12.02	00:57:42.366	0.82964				2
2024.12.02	00:57:43.850	0.82960				2
2024.12.02	00:57:44.502	0.82961				2
2024.12.02	00:57:46.155	0.82969				2
2024.12.02	00:57:46.461		0.83046			4
2024.12.02	00:57:49.154	0.82970				2
2024.12.02	00:57:50.316	0.82971				2
2024.12.02	00:57:52.381	0.82968				2
2024.12.02	00:57:53.254	0.82971				2
2024.12.02	00:57:57.124	0.82970				2
2024.12.02	00:57:57.826	0.82960				2
2024.12.02	00:57:58.143	0.82970				2
2024.12.02	00:57:58.800	0.82968				2
2024.12.02	00:58:00.383	0.82969				2
2024.12.02	00:58:01.577	0.82970				2
2024.12.02	00:58:02.128	0.82969				2
2024.12.02	00:58:05.846	0.82970				2
2024.12.02	00:58:09.341	0.82969				2
2024.12.02	00:58:10.628	0.82970				2
2024.12.02	00:58:11.831	0.82969				2
2024.12.02	00:58:16.114	0.82958				2
2024.12.02	00:58:17.368	0.82960				2
2024.12.02	00:58:18.126	0.82969				2
2024.12.02	00:58:18.493	0.82973				2
2024.12.02	00:58:20.205	0.82974				2
2024.12.02	00:58:27.053	0.82973				2
2024.12.02	00:58:27.366	0.82958				2
2024.12.02	00:58:27.973	0.82965				2
2024.12.02	00:58:28.367	0.82961				2
2024.12.02	00:58:29.333	0.82963				2
2024.12.02	00:58:29.833	0.82973				2
2024.12.02	00:58:30.222	0.82972				2
2024.12.02	00:58:30.919	0.82962				2
2024.12.02	00:58:31.766	0.82963				2
2024.12.02	00:58:32.092	0.82973				2
2024.12.02	00:58:32.415	0.82972				2
2024.12.02	00:58:35.737	0.82973				2
2024.12.02	00:58:36.114	0.82972				2
2024.12.02	00:58:36.467	0.82973				2
2024.12.02	00:58:37.189	0.82964				2
2024.12.02	00:58:38.519	0.82965				2
2024.12.02	00:58:39.669	0.82964				2
2024.12.02	00:58:40.440	0.82965				2
2024.12.02	00:58:40.908	0.82964				2
2024.12.02	00:58:41.260	0.82962				2
2024.12.02	00:58:41.574	0.82972				2
2024.12.02	00:58:42.457	0.82963				2
2024.12.02	00:58:42.761	0.82961				2
2024.12.02	00:58:43.062	0.82964				2
2024.12.02	00:58:44.191	0.82973				2
2024.12.02	00:58:44.845	0.82965				2
2024.12.02	00:58:46.372	0.82966				2
2024.12.02	00:58:46.768	0.82972	0.83046			6
2024.12.02	00:58:47.109	0.82973				2
2024.12.02	00:58:48.239	0.82966				2
2024.12.02	00:58:53.034	0.82973				2
2024.12.02	00:58:53.336	0.82966				2
2024.12.02	00:58:53.664	0.82965				2
2024.12.02	00:58:53.976	0.82967				2
2024.12.02	00:58:54.348	0.82966				2
2024.12.02	00:58:54.679	0.82965				2
2024.12.02	00:58:55.067	0.82973				2
2024.12.02	00:58:55.379	0.82966				2
2024.12.02	00:58:55.723	0.82965				2
2024.12.02	00:58:56.780	0.82973				2
2024.12.02	00:59:00.016	0.82972				2
2024.12.02	00:59:02.946	0.82967				2
2024.12.02	00:59:04.177	0.82965				2
2024.12.02	00:59:06.178	0.82971				2
2024.12.02	00:59:06.482	0.82963				2
2024.12.02	00:59:06.849	0.82971				2
2024.12.02	00:59:09.632	0.82972				2
2024.12.02	00:59:09.954	0.82963				2
2024.12.02	00:59:11.211	0.82964				2
2024.12.02	00:59:12.221	0.82973				2
2024.12.02	00:59:12.960	0.82967				2
2024.12.02	00:59:13.874	0.82965				2
2024.12.02	00:59:14.186	0.82964				2
2024.12.02	00:59:14.508	0.82963				2
2024.12.02	00:59:14.839	0.82964				2
2024.12.02	00:59:15.387	0.82963				2
2024.12.02	00:59:20.622	0.82972				2
2024.12.02	00:59:21.663	0.82971				2
2024.12.02	00:59:22.229	0.82970				2
2024.12.02	00:59:22.985	0.82972				2
2024.12.02	00:59:23.318	0.82964				2
2024.12.02	00:59:26.107	0.82963				2
2024.12.02	00:59:29.116	0.82973				2
2024.12.02	00:59:29.423	0.82972				2
2024.12.02	00:59:29.754	0.82968				2
2024.12.02	00:59:30.573	0.82972				2
2024.12.02	00:59:33.091	0.82960				2
2024.12.02	00:59:33.438	0.82971				2
2024.12.02	00:59:34.432	0.82968				2
2024.12.02	00:59:34.795	0.82972				2
2024.12.02	00:59:35.489	0.82973				2
2024.12.02	00:59:35.865	0.82972				2
2024.12.02	00:59:36.270	0.82973				2
2024.12.02	00:59:36.573	0.82972				2
2024.12.02	00:59:37.935	0.82956				2
2024.12.02	00:59:38.235	0.82954				2
2024.12.02	00:59:38.542	0.82971				2
2024.12.02	00:59:38.843	0.82974				2
2024.12.02	00:59:39.261	0.82973				2
2024.12.02	00:59:40.333	0.82972				2
2024.12.02	00:59:41.057	0.82973				2
2024.12.02	00:59:42.251	0.82972				2
2024.12.02	00:59:43.345	0.82971				2
2024.12.02	00:59:44.360	0.82972				2
2024.12.02	00:59:46.975		0.83046			4
2024.12.02	00:59:47.841	0.82969				2
2024.12.02	00:59:48.438	0.82960				2
2024.12.02	00:59:49.817	0.82971				2
2024.12.02	00:59:53.765	0.82968				2
2024.12.02	00:59:55.878	0.82972				2
2024.12.02	00:59:57.194	0.82958				2
2024.12.02	00:59:58.263	0.82972				2
2024.12.02	00:59:59.347	0.82958				2
2024.12.02	01:00:00.232	0.82979				2
2024.12.02	01:00:01.484		0.83064			4
2024.12.02	01:00:01.785		0.83062			4
2024.12.02	01:00:02.104	0.82981	0.83064			6
2024.12.02	01:00:02.410		0.83063			4
2024.12.02	01:00:02.758	0.82974	0.83041			6
2024.12.02	01:00:03.092	0.82975				2
2024.12.02	01:00:03.394		0.83044			4
2024.12.02	01:00:03.696	0.82976				2
2024.12.02	01:00:04.030	0.82973	0.83042			6
2024.12.02	01:00:04.957	0.82979	0.83041			6
2024.12.02	01:00:05.264	0.82983				2
2024.12.02	01:00:05.566	0.82981				2
2024.12.02	01:00:05.878	0.82984				2
2024.12.02	01:00:06.390	0.82987				2
2024.12.02	01:00:06.704	0.82983				2
2024.12.02	01:00:07.028	0.82985				2
2024.12.02	01:00:07.344	0.82989				2
2024.12.02	01:00:07.991	0.82988				2
2024.12.02	01:00:08.393	0.82989				2
2024.12.02	01:00:09.046	0.82990				2
2024.12.02	01:00:09.392	0.82986				2
2024.12.02	01:00:09.721	0.82985				2
2024.12.02	01:00:10.110	0.82983				2
2024.12.02	01:00:10.424	0.82989				2
2024.12.02	01:00:10.737	0.82990				2
2024.12.02	01:00:11.089	0.82986				2
2024.12.02	01:00:11.404	0.82994				2
2024.12.02	01:00:12.122	0.82998				2
2024.12.02	01:00:12.845	0.82994				2
2024.12.02	01:00:13.341	0.82991				2
2024.12.02	01:00:13.847	0.82992				2
2024.12.02	01:00:14.186	0.82991				2
2024.12.02	01:00:15.334	0.82992				2
2024.12.02	01:00:16.255	0.82994				2
2024.12.02	01:00:17.163	0.82990				2
2024.12.02	01:00:18.325	0.82996				2
2024.12.02	01:00:19.392	0.82993				2
2024.12.02	01:00:20.006	0.82997				2
2024.12.02	01:00:20.320	0.82995				2
2024.12.02	01:00:20.626	0.83001				2
2024.12.02	01:00:20.998	0.82999				2
2024.12.02	01:00:22.465	0.82996				2
2024.12.02	01:00:23.187	0.82991				2
2024.12.02	01:00:23.513	0.82990				2
2024.12.02	01:00:24.208	0.82993				2
2024.12.02	01:00:24.572	0.82995				2
2024.12.02	01:00:26.391	0.82999				2
2024.12.02	01:00:27.545	0.82994				2
2024.12.02	01:00:28.592	0.82999				2
2024.12.02	01:00:28.899	0.82998				2
2024.12.02	01:00:29.371	0.82997				2
2024.12.02	01:00:29.697	0.82993				2
2024.12.02	01:00:30.004	0.82991				2
2024.12.02	01:00:30.820	0.82995				2
2024.12.02	01:00:31.126	0.82992				2
2024.12.02	01:00:33.774	0.82990				2
2024.12.02	01:00:34.120	0.82992				2
2024.12.02	01:00:34.763	0.82996				2
2024.12.02	01:00:35.083	0.82995				2
2024.12.02	01:00:37.794	0.82999	0.83046			6
2024.12.02	01:00:38.388		0.83045			4
2024.12.02	01:00:39.051	0.83000	0.83044			6
2024.12.02	01:00:40.605	0.82998	0.83046			6
2024.12.02	01:00:41.617	0.82996	0.83048			6
2024.12.02	01:00:42.149	0.82997	0.83047			6
2024.12.02	01:00:43.422		0.83041			4
2024.12.02	01:00:43.723	0.83000	0.83044			6
2024.12.02	01:00:44.591	0.83003	0.83041			6
2024.12.02	01:00:44.898	0.83000	0.83044			6
2024.12.02	01:00:45.214	0.83001	0.83043			6
2024.12.02	01:00:45.679	0.83000	0.83044			6
2024.12.02	01:00:46.330	0.83001	0.83043			6
2024.12.02	01:00:46.653	0.83002	0.83042			6
2024.12.02	01:00:47.017	0.83003	0.83041			6
2024.12.02	01:00:47.349	0.83002				2
2024.12.02	01:00:47.673	0.83004	0.83039			6
2024.12.02	01:00:48.068	0.83003	0.83041			6
2024.12.02	01:00:48.495	0.83004	0.83040			6
2024.12.02	01:00:48.874	0.83007	0.83037			6
2024.12.02	01:00:49.341	0.83004	0.83040			6
2024.12.02	01:00:49.642	0.83006	0.83038			6
2024.12.02	01:00:49.955		0.83042			4
2024.12.02	01:00:50.270	0.83000	0.83049			6
2024.12.02	01:00:50.583	0.83005	0.83043			6
2024.12.02	01:00:51.316	0.83001	0.83047			6
2024.12.02	01:00:51.708	0.83006	0.83042			6
2024.12.02	01:00:52.400	0.83003	0.83044			6
2024.12.02	01:00:53.016		0.83045			4
2024.12.02	01:00:54.134	0.83004				2
2024.12.02	01:00:54.894	0.83007	0.83043			6
2024.12.02	01:00:55.201	0.83003	0.83042			6
2024.12.02	01:00:55.502	0.83004	0.83040			6
2024.12.02	01:00:55.825	0.83002	0.83044			6
2024.12.02	01:00:56.181	0.83005				2
2024.12.02	01:00:56.482	0.83004	0.83042			6
2024.12.02	01:00:56.867		0.83041			4
2024.12.02	01:00:57.179	0.82986	0.83021			6
2024.12.02	01:00:57.484	0.82991	0.83016			6
2024.12.02	01:00:58.102	0.82988	0.83019			6
2024.12.02	01:00:58.422	0.82989	0.83018			6
2024.12.02	01:00:58.765	0.82991	0.83016			6
2024.12.02	01:00:59.090	0.82989	0.83018			6
2024.12.02	01:00:59.402	0.82985	0.83022			6
2024.12.02	01:00:59.704	0.83002	0.83043			6
2024.12.02	01:01:00.005	0.82997	0.83048			6
2024.12.02	01:01:00.315		0.83047			4
2024.12.02	01:01:00.625	0.82996	0.83049			6
2024.12.02	01:01:00.932	0.82994	0.83050			6
2024.12.02	01:01:01.318	0.82996	0.83049			6
2024.12.02	01:01:01.623	0.83001	0.83044			6
2024.12.02	01:01:01.937	0.82999	0.83046			6
2024.12.02	01:01:02.862	0.83003	0.83042			6
2024.12.02	01:01:03.183	0.83000	0.83045			6
2024.12.02	01:01:04.123		0.83044			4
2024.12.02	01:01:04.470	0.82997	0.83048			6
2024.12.02	01:01:04.783		0.83045			4
2024.12.02	01:01:05.085	0.82995				2
2024.12.02	01:01:05.874	0.82994				2
2024.12.02	01:01:06.220	0.82996				2
2024.12.02	01:01:06.524	0.82995				2
2024.12.02	01:01:06.843	0.82994				2
2024.12.02	01:01:07.504	0.82998				2
2024.12.02	01:01:07.812	0.82995				2
2024.12.02	01:01:08.122	0.82994				2
2024.12.02	01:01:08.429	0.82995				2
2024.12.02	01:01:08.753	0.82992	0.83042			6
2024.12.02	01:01:09.069	0.82994	0.83041			6
2024.12.02	01:01:09.376	0.82993				2
2024.12.02	01:01:09.682	0.82996	0.83039			6
2024.12.02	01:01:10.008	0.82995	0.83040			6
2024.12.02	01:01:10.325	0.82993	0.83042			6
2024.12.02	01:01:10.786	0.82995	0.83039			6
2024.12.02	01:01:12.463	0.82998	0.83037			6
2024.12.02	01:01:13.059		0.83038			4
2024.12.02	01:01:13.961	0.82997	0.83039			6
2024.12.02	01:01:14.928	0.82999	0.83037			6
2024.12.02	01:01:15.978		0.83025			4
2024.12.02	01:01:16.280	0.82998				2
2024.12.02	01:01:16.913	0.83001	0.83023			6
2024.12.02	01:01:18.475		0.83028			4
2024.12.02	01:01:18.999		0.83027			4
2024.12.02	01:01:19.303	0.82996	0.83032			6
2024.12.02	01:01:20.023	0.82997				2
2024.12.02	01:01:22.085	0.82998	0.83031			6
2024.12.02	01:01:23.621	0.82999	0.83030			6
2024.12.02	01:01:25.466	0.83011	0.83031			6
2024.12.02	01:01:25.784	0.83017	0.83037			6
2024.12.02	01:01:26.550	0.83014	0.83036			6
2024.12.02	01:01:26.862	0.83015				2
2024.12.02	01:01:30.384	0.83014	0.83035			6
2024.12.02	01:01:30.710	0.83007				2
2024.12.02	01:01:31.081		0.83034			4
2024.12.02	01:01:31.595	0.83038	0.83050			6
2024.12.02	01:01:31.903		0.83058			4
2024.12.02	01:01:32.291	0.83037	0.83055			6
2024.12.02	01:01:32.619		0.83051			4
2024.12.02	01:01:32.927	0.83041	0.83054			6
2024.12.02	01:01:33.287		0.83055			4
2024.12.02	01:01:34.030	0.83020	0.83036			6
2024.12.02	01:01:34.342	0.83022				2
2024.12.02	01:01:35.043		0.83037			4
2024.12.02	01:01:36.817		0.83036			4
2024.12.02	01:01:38.375		0.83037			4
2024.12.02	01:01:38.949		0.83040			4
2024.12.02	01:01:39.468	0.83025				2
2024.12.02	01:01:40.552	0.83022	0.83030			6
2024.12.02	01:01:40.901		0.83031			4
2024.12.02	01:01:41.761		0.83030			4
2024.12.02	01:01:42.241	0.83023				2
2024.12.02	01:01:42.582	0.83020				2
2024.12.02	01:01:42.896	0.83019				2
2024.12.02	01:01:43.452	0.83022				2
2024.12.02	01:01:45.460	0.83020				2
2024.12.02	01:01:47.003		0.83029			4
2024.12.02	01:01:47.308	0.83023				2
2024.12.02	01:01:48.382	0.83020	0.83031			6
2024.12.02	01:01:48.684	0.83022	0.83032			6
2024.12.02	01:01:49.320		0.83031			4
2024.12.02	01:01:49.623	0.83020	0.83028			6
2024.12.02	01:01:49.929	0.83021	0.83027			6
2024.12.02	01:01:50.234	0.83019	0.83026			6
2024.12.02	01:01:50.804	0.83026	0.83028			6
2024.12.02	01:01:51.123	0.83022	0.83024			6
2024.12.02	01:01:51.423	0.83017	0.83019			6
2024.12.02	01:01:51.727	0.83008				2
2024.12.02	01:01:52.129	0.83010	0.83024			6
2024.12.02	01:01:53.117	0.83011	0.83026			6
2024.12.02	01:01:53.921	0.83010	0.83023			6
2024.12.02	01:01:54.792	0.83015	0.83027			6
2024.12.02	01:01:55.121	0.83016				2
2024.12.02	01:01:56.112	0.83015				2
2024.12.02	01:01:57.116	0.83010	0.83025			6
2024.12.02	01:01:57.423	0.83011	0.83022			6
2024.12.02	01:01:58.505	0.82998	0.83002			6
2024.12.02	01:01:58.890		0.83005			4
2024.12.02	01:01:59.787	0.83006	0.83019			6
2024.12.02	01:02:00.151	0.83006				2
2024.12.02	01:02:00.818	0.83005				2
2024.12.02	01:02:04.778	0.83004	0.83020			6
2024.12.02	01:02:07.295	0.83003	0.83019			6
2024.12.02	01:02:08.321		0.83020			4
2024.12.02	01:02:08.733	0.82996	0.83008			6
2024.12.02	01:02:13.375	0.82998				2
2024.12.02	01:02:16.031	0.82999	0.83007			6
2024.12.02	01:02:16.338	0.82997	0.83006			6
2024.12.02	01:02:18.294	0.82998	0.83008			6
2024.12.02	01:02:18.757		0.83006			4
2024.12.02	01:02:19.085	0.82997				2
2024.12.02	01:02:21.289	0.83002	0.83014			6
2024.12.02	01:02:21.927		0.83016			4
2024.12.02	01:02:22.376	0.83001				2
2024.12.02	01:02:22.822		0.83017			4
2024.12.02	01:02:23.298		0.83014			4
2024.12.02	01:02:23.606	0.83002	0.83015			6
2024.12.02	01:02:25.813	0.83000				2
2024.12.02	01:02:26.822		0.83014			4
2024.12.02	01:02:27.232	0.82999				2
2024.12.02	01:02:28.716	0.83013	0.83023			6
2024.12.02	01:02:29.552		0.83021			4
2024.12.02	01:02:30.077	0.83012	0.83020			6
2024.12.02	01:02:30.392		0.83022			4
2024.12.02	01:02:30.741	0.83011	0.83021			6
2024.12.02	01:02:31.193	0.83010				2
2024.12.02	01:02:31.931	0.83006	0.83016			6
2024.12.02	01:02:33.263	0.83010	0.83017			6
2024.12.02	01:02:35.021		0.83016			4
2024.12.02	01:02:35.943	0.83004	0.83015			6
2024.12.02	01:02:36.259	0.83006				2
2024.12.02	01:02:37.190	0.83005				2
2024.12.02	01:02:38.016		0.83014			4
2024.12.02	01:02:42.079	0.83014	0.83022			6
2024.12.02	01:02:42.419	0.83018	0.83029			6
2024.12.02	01:02:43.280	0.83019				2
2024.12.02	01:02:45.371	0.83013	0.83023			6
2024.12.02	01:02:45.688	0.83007	0.83019			6
2024.12.02	01:02:46.382	0.83008	0.83018			6
2024.12.02	01:02:46.729	0.83012	0.83023			6
2024.12.02	01:02:47.156	0.83007	0.83018			6
2024.12.02	01:02:47.456		0.83017			4
2024.12.02	01:02:50.317	0.83005	0.83016			6
2024.12.02	01:02:50.625	0.83006	0.83017			6
2024.12.02	01:02:51.241	0.83013	0.83023			6
2024.12.02	01:02:52.270	0.83014	0.83024			6
2024.12.02	01:02:52.581	0.83015	0.83025			6
2024.12.02	01:02:53.381	0.83016				2
2024.12.02	01:02:55.864	0.83014				2
2024.12.02	01:02:56.187	0.83017	0.83027			6
2024.12.02	01:02:56.631	0.83020	0.83029			6
2024.12.02	01:02:57.380	0.83017	0.83027			6
2024.12.02	01:03:00.541	0.83017				2
2024.12.02	01:03:02.269		0.83024			4
2024.12.02	01:03:02.979	0.83011	0.83022			6
2024.12.02	01:03:03.283	0.83013	0.83023			6
2024.12.02	01:03:05.714	0.83012				2
2024.12.02	01:03:06.249	0.83010	0.83019			6
2024.12.02	01:03:06.565	0.83007	0.83018			6
2024.12.02	01:03:07.842	0.83009	0.83019			6
2024.12.02	01:03:09.431	0.83007	0.83018			6
2024.12.02	01:03:11.405	0.83003	0.83013			6
2024.12.02	01:03:12.094	0.83004	0.83014			6
2024.12.02	01:03:12.403	0.83015	0.83022			6
2024.12.02	01:03:12.725		0.83024			4
2024.12.02	01:03:13.243		0.83023			4
2024.12.02	01:03:14.598	0.83016	0.83025			6
2024.12.02	01:03:14.945	0.83013	0.83021			6
2024.12.02	01:03:16.161	0.83014	0.83024			6
2024.12.02	01:03:16.491	0.83013	0.83021			6
2024.12.02	01:03:17.397		0.83022			4
2024.12.02	01:03:20.112		0.83023			4
2024.12.02	01:03:20.463	0.83014				2
2024.12.02	01:03:21.374		0.83022			4
2024.12.02	01:03:21.681	0.83015	0.83024			6
2024.12.02	01:03:21.982	0.83014				2
2024.12.02	01:03:22.293	0.83012	0.83020			6
2024.12.02	01:03:23.528	0.83015	0.83025			6
2024.12.02	01:03:23.869	0.83013	0.83026			6
2024.12.02	01:03:24.262	0.83015	0.83025			6
2024.12.02	01:03:24.570		0.83024			4
2024.12.02	01:03:25.041	0.83014				2
2024.12.02	01:03:29.301		0.83025			4
2024.12.02	01:03:29.945	0.83015	0.83026			6
2024.12.02	01:03:30.721		0.83025			4
2024.12.02	01:03:32.377	0.83019	0.83029			6
2024.12.02	01:03:32.685	0.83020	0.83030			6
2024.12.02	01:03:32.991	0.83022	0.83032			6
2024.12.02	01:03:33.308	0.83021	0.83031			6
2024.12.02	01:03:35.833	0.83022	0.83032			6
2024.12.02	01:03:36.179	0.83021	0.83031			6
2024.12.02	01:03:37.795		0.83030			4
2024.12.02	01:03:38.128	0.83020				2
2024.12.02	01:03:40.337	0.83021	0.83031			6
2024.12.02	01:03:43.861	0.83019	0.83028			6
2024.12.02	01:03:45.293	0.83016	0.83026			6
2024.12.02	01:03:46.716		0.83027			4
2024.12.02	01:03:49.806	0.83029	0.83040			6
2024.12.02	01:03:50.425	0.83028	0.83039			6
2024.12.02	01:03:50.905		0.83040			4
2024.12.02	01:03:51.488		0.83041			4
2024.12.02	01:03:51.948		0.83039			4
2024.12.02	01:03:52.416		0.83040			4
2024.12.02	01:03:57.459	0.83029				2
2024.12.02	01:03:58.391	0.83028	0.83039			6
2024.12.02	01:03:58.707	0.83025	0.83032			6
2024.12.02	01:04:00.320	0.83006	0.83016			6
2024.12.02	01:04:00.622	0.83003	0.83012			6
2024.12.02	01:04:05.981	0.83013	0.83022			6
2024.12.02	01:04:06.294	0.83015	0.83024			6
2024.12.02	01:04:06.606	0.83014	0.83022			6
2024.12.02	01:04:07.091		0.83023			4
2024.12.02	01:04:09.069		0.83026			4
2024.12.02	01:04:10.394	0.83016				2
2024.12.02	01:04:11.267	0.83015	0.83027			6
2024.12.02	01:04:14.180	0.83016	0.83029			6
2024.12.02	01:04:14.686	0.83017	0.83027			6
2024.12.02	01:04:15.169	0.83016	0.83028			6
2024.12.02	01:04:18.400		0.83029			4
2024.12.02	01:04:18.849		0.83028			4
2024.12.02	01:04:19.170		0.83029			4
2024.12.02	01:04:20.965	0.83017				2
2024.12.02	01:04:21.287	0.83019	0.83031			6
2024.12.02	01:04:26.012	0.83016	0.83025			6
2024.12.02	01:04:32.137	0.83027	0.83032			6
2024.12.02	01:04:34.102	0.83025	0.83029			6
2024.12.02	01:04:34.403	0.83027	0.83030			6
2024.12.02	01:04:35.367		0.83031			4
2024.12.02	01:04:41.649	0.83028	0.83033			6
2024.12.02	01:04:42.363		0.83035			4
2024.12.02	01:04:42.898	0.83032	0.83034			6
2024.12.02	01:04:43.211	0.83031	0.83033			6
2024.12.02	01:04:44.114	0.83032	0.83034			6
2024.12.02	01:04:44.719	0.83029	0.83036			6
2024.12.02	01:04:46.030	0.83030	0.83037			6
2024.12.02	01:04:50.961	0.83034	0.83040			6
2024.12.02	01:04:51.757	0.83033				2
2024.12.02	01:04:52.382	0.83034	0.83041			6
2024.12.02	01:04:52.699		0.83040			4
2024.12.02	01:04:57.157	0.83035				2
2024.12.02	01:04:57.466	0.83033	0.83039			6
2024.12.02	01:04:59.542		0.83037			4
2024.12.02	01:05:00.365	0.83036	0.83042			6
2024.12.02	01:05:00.672	0.83037				2
2024.12.02	01:05:01.987		0.83043			4
2024.12.02	01:05:03.399	0.83036				2
2024.12.02	01:05:04.298	0.83037	0.83042			6
2024.12.02	01:05:08.988	0.83036	0.83041			6
2024.12.02	01:05:09.467	0.83034				2
2024.12.02	01:05:11.147		0.83040			4
2024.12.02	01:05:12.351	0.83033				2
2024.12.02	01:05:12.890	0.83035	0.83043			6
2024.12.02	01:05:13.789		0.83044			4
2024.12.02	01:05:14.102		0.83042			4
2024.12.02	01:05:16.417	0.83040	0.83049			6
2024.12.02	01:05:16.752	0.83041				2
2024.12.02	01:05:19.191	0.83040	0.83048			6
2024.12.02	01:05:20.288	0.83035	0.83043			6
2024.12.02	01:05:20.597	0.83034	0.83042			6
2024.12.02	01:05:20.903	0.83033				2
2024.12.02	01:05:21.206	0.83035				2
2024.12.02	01:05:21.619	0.83034	0.83039			6
2024.12.02	01:05:22.343	0.83035	0.83042			6
2024.12.02	01:05:22.663	0.83032	0.83039			6
2024.12.02	01:05:24.072	0.83031	0.83035			6
2024.12.02	01:05:24.385	0.83027	0.83037			6
2024.12.02	01:05:26.321	0.83028				2
2024.12.02	01:05:27.698	0.83027				2
2024.12.02	01:05:28.305	0.83029				2
2024.12.02	01:05:29.277	0.83028				2
2024.12.02	01:05:30.662	0.83026	0.83032			6
2024.12.02	01:05:31.212		0.83033			4
2024.12.02	01:05:31.829		0.83036			4
2024.12.02	01:05:32.137	0.83027				2
2024.12.02	01:05:32.528	0.83029	0.83038			6
2024.12.02	01:05:32.905	0.83030	0.83039			6
2024.12.02	01:05:36.349		0.83037			4
2024.12.02	01:05:37.230	0.83026	0.83035			6
2024.12.02	01:05:38.741	0.83025				2
2024.12.02	01:05:40.130	0.83023	0.83033			6
2024.12.02	01:05:41.618	0.83025	0.83035			6
2024.12.02	01:05:41.956		0.83033			4
2024.12.02	01:05:44.344	0.83024	0.83031			6
2024.12.02	01:05:44.673	0.83023				2
2024.12.02	01:05:45.396		0.83032			4
2024.12.02	01:05:46.708	0.83024				2
2024.12.02	01:05:50.354	0.83028	0.83033			6
2024.12.02	01:05:51.263		0.83035			4
2024.12.02	01:05:53.432	0.83025	0.83033			6
2024.12.02	01:05:54.646	0.83027				2
2024.12.02	01:05:56.095	0.83025				2
2024.12.02	01:05:56.444		0.83030			4
2024.12.02	01:05:56.890	0.83024				2
2024.12.02	01:05:58.074	0.83023				2
2024.12.02	01:06:00.391	0.83025	0.83032			6
2024.12.02	01:06:00.699	0.83024	0.83030			6
2024.12.02	01:06:01.571	0.83023				2
2024.12.02	01:06:02.279	0.83024				2
2024.12.02	01:06:04.720	0.83023				2
2024.12.02	01:06:06.366	0.83025	0.83033			6
2024.12.02	01:06:06.952	0.83030	0.83032			6
2024.12.02	01:06:08.465	0.83028	0.83030			6
2024.12.02	01:06:08.769	0.83024				2
2024.12.02	01:06:09.506	0.83025	0.83033			6
2024.12.02	01:06:09.975	0.83023	0.83032			6
2024.12.02	01:06:13.413	0.83026	0.83035			6
2024.12.02	01:06:14.502	0.83023	0.83032			6
2024.12.02	01:06:14.919	0.83022	0.83031			6
2024.12.02	01:06:15.378	0.83023	0.83033			6
2024.12.02	01:06:16.402	0.83025	0.83035			6
2024.12.02	01:06:16.769		0.83034			4
2024.12.02	01:06:18.317	0.83024				2
2024.12.02	01:06:25.834		0.83033			4
2024.12.02	01:06:26.803	0.83021	0.83030			6
2024.12.02	01:06:27.111	0.83022				2
2024.12.02	01:06:28.580	0.83021	0.83028			6
2024.12.02	01:06:30.219	0.83022	0.83029			6
2024.12.02	01:06:31.003		0.83028			4
2024.12.02	01:06:32.804	0.83021	0.83029			6
2024.12.02	01:06:33.562	0.83020	0.83028			6
2024.12.02	01:06:34.383	0.83021	0.83027			6
2024.12.02	01:06:34.715		0.83028			4
2024.12.02	01:06:35.229	0.83011	0.83020			6
2024.12.02	01:06:35.543	0.83008	0.83017			6
2024.12.02	01:06:35.861	0.83009	0.83018			6
2024.12.02	01:06:37.179	0.83008	0.83017			6
2024.12.02	01:06:37.777	0.83006	0.83015			6
2024.12.02	01:06:38.918	0.83007				2
2024.12.02	01:06:39.370	0.83005	0.83016			6
2024.12.02	01:06:39.683		0.83014			4
2024.12.02	01:06:40.772	0.83016	0.83021			6
2024.12.02	01:06:41.094	0.83015				2
2024.12.02	01:06:41.395	0.83016				2
2024.12.02	01:06:43.374	0.83015				2
2024.12.02	01:06:44.193	0.83016				2
2024.12.02	01:06:46.609	0.83015				2
2024.12.02	01:06:48.642		0.83022			4
2024.12.02	01:06:50.845		0.83027			4
2024.12.02	01:06:51.181		0.83024			4
2024.12.02	01:06:53.095		0.83027			4
2024.12.02	01:06:53.420	0.83016				2
2024.12.02	01:06:55.593		0.83028			4
2024.12.02	01:06:56.802	0.83017	0.83029			6
2024.12.02	01:07:00.456	0.83017	0.83031			6
2024.12.02	01:07:00.837	0.83018	0.83027			6
2024.12.02	01:07:02.576		0.83028			4
2024.12.02	01:07:03.023	0.83020	0.83031			6
2024.12.02	01:07:04.352		0.83030			4
2024.12.02	01:07:05.074	0.83021				2
2024.12.02	01:07:05.380		0.83031			4
2024.12.02	01:07:06.902		0.83035			4
2024.12.02	01:07:07.411	0.83016	0.83026			6
2024.12.02	01:07:09.221	0.83017	0.83025			6
2024.12.02	01:07:12.946	0.83025	0.83037			6
2024.12.02	01:07:13.306		0.83038			4
2024.12.02	01:07:16.494		0.83039			4
2024.12.02	01:07:20.998	0.83026	0.83037			6
2024.12.02	01:07:22.823	0.83027				2
2024.12.02	01:07:24.171	0.83026	0.83031			6
2024.12.02	01:07:25.592	0.83017	0.83027			6
2024.12.02	01:07:25.960	0.83014	0.83024			6
2024.12.02	01:07:26.858	0.83010	0.83022			6
2024.12.02	01:07:27.163	0.83012	0.83023			6
2024.12.02	01:07:27.884	0.83010	0.83022			6
2024.12.02	01:07:28.342	0.83011				2
2024.12.02	01:07:30.821	0.83010				2
2024.12.02	01:07:31.137	0.83017	0.83025			6
2024.12.02	01:07:33.026	0.83012				2
2024.12.02	01:07:33.343	0.83017	0.83020			6
2024.12.02	01:07:34.650	0.83016	0.83019			6
2024.12.02	01:07:35.016	0.83015	0.83018			6
2024.12.02	01:07:35.898	0.83016	0.83019			6
2024.12.02	01:07:37.105	0.83018	0.83023			6
2024.12.02	01:07:37.423	0.83017	0.83022			6
2024.12.02	01:07:37.853		0.83023			4
2024.12.02	01:07:40.345	0.83015	0.83020			6
2024.12.02	01:07:41.154	0.83017	0.83023			6
2024.12.02	01:07:42.726	0.83019	0.83024			6
2024.12.02	01:07:43.076	0.83017	0.83021			6
2024.12.02	01:07:43.464	0.83016	0.83020			6
2024.12.02	01:07:45.012	0.83018	0.83022			6
2024.12.02	01:07:45.836	0.83017				2
2024.12.02	01:07:46.201	0.83015	0.83020			6
2024.12.02	01:07:47.053	0.83016				2
2024.12.02	01:07:47.397	0.83017	0.83021			6
2024.12.02	01:07:47.707	0.83019	0.83024			6
2024.12.02	01:07:48.656	0.83014	0.83019			6
2024.12.02	01:07:49.810	0.83015	0.83020			6
2024.12.02	01:07:50.943	0.83013	0.83019			6
2024.12.02	01:07:51.251	0.83015	0.83020			6
2024.12.02	01:07:51.577		0.83021			4
2024.12.02	01:07:53.036	0.83019	0.83022			6
2024.12.02	01:07:53.381	0.83020	0.83025			6
2024.12.02	01:07:53.777	0.83022				2
2024.12.02	01:07:54.301	0.83020	0.83024			6
2024.12.02	01:07:54.604	0.83019				2
2024.12.02	01:07:58.386	0.83020				2
2024.12.02	01:08:00.222	0.83020				2
2024.12.02	01:08:05.386	0.83019	0.83023			6
2024.12.02	01:08:07.313	0.83018				2
2024.12.02	01:08:07.912	0.83019	0.83024			6
2024.12.02	01:08:08.536	0.83016	0.83020			6
2024.12.02	01:08:08.839	0.83018	0.83022			6
2024.12.02	01:08:09.143	0.83017				2
2024.12.02	01:08:11.892	0.83020	0.83024			6
2024.12.02	01:08:16.184		0.83025			4
2024.12.02	01:08:26.620	0.83021	0.83026			6
2024.12.02	01:08:26.924		0.83028			4
2024.12.02	01:08:27.238	0.83022				2
2024.12.02	01:08:29.224	0.83021				2
2024.12.02	01:08:29.633	0.83022	0.83027			6
2024.12.02	01:08:31.052	0.83021	0.83026			6
2024.12.02	01:08:31.513	0.83020				2
2024.12.02	01:08:31.837	0.83021				2
2024.12.02	01:08:32.922	0.83020	0.83025			6
2024.12.02	01:08:34.157	0.83021	0.83026			6
2024.12.02	01:08:37.679	0.83020	0.83025			6
2024.12.02	01:08:43.376	0.83019	0.83023			6
2024.12.02	01:08:44.032	0.83020				2
2024.12.02	01:08:44.370	0.83019				2
2024.12.02	01:08:45.484	0.83021	0.83024			6
2024.12.02	01:08:47.034	0.83020	0.83023			6
2024.12.02	01:08:49.593	0.83018	0.83022			6
2024.12.02	01:08:50.036		0.83021			4
2024.12.02	01:08:50.348	0.83017				2
2024.12.02	01:08:51.750	0.83018	0.83022			6
2024.12.02	01:08:53.524	0.83019	0.83023			6
2024.12.02	01:08:53.885	0.83020				2
2024.12.02	01:08:54.254	0.83019				2
2024.12.02	01:08:55.672	0.83020	0.83024			6
2024.12.02	01:08:56.081		0.83023			4
2024.12.02	01:08:56.646		0.83024			4
2024.12.02	01:08:58.175	0.83018	0.83025			6
2024.12.02	01:09:00.151	0.83019	0.83027			6
2024.12.02	01:09:00.454	0.83020				2
2024.12.02	01:09:00.821	0.83021	0.83029			6
2024.12.02	01:09:01.264	0.83022				2
2024.12.02	01:09:07.426	0.83024	0.83031			6
2024.12.02	01:09:07.756		0.83032			4
2024.12.02	01:09:10.346	0.83023	0.83031			6
2024.12.02	01:09:11.324	0.83022				2
2024.12.02	01:09:11.726	0.83023				2
2024.12.02	01:09:14.231	0.83030	0.83038			6
2024.12.02	01:09:14.542	0.83033	0.83041			6
2024.12.02	01:09:14.843	0.83034				2
2024.12.02	01:09:15.177		0.83043			4
2024.12.02	01:09:15.759	0.83031	0.83040			6
2024.12.02	01:09:16.101	0.83030	0.83039			6
2024.12.02	01:09:17.373	0.83031				2
2024.12.02	01:09:21.073	0.83032				2
2024.12.02	01:09:21.817		0.83038			4
2024.12.02	01:09:22.295	0.83031				2
2024.12.02	01:09:25.718		0.83039			4
2024.12.02	01:09:27.429	0.83028	0.83036			6
2024.12.02	01:09:27.745	0.83026	0.83034			6
2024.12.02	01:09:28.397		0.83033			4
2024.12.02	01:09:30.155	0.83025				2
2024.12.02	01:09:31.375	0.83029	0.83035			6
2024.12.02	01:09:31.725	0.83028				2
2024.12.02	01:09:32.350	0.83027	0.83033			6
2024.12.02	01:09:32.780	0.83029	0.83035			6
2024.12.02	01:09:34.251	0.83028				2
2024.12.02	01:09:37.253	0.83019	0.83027			6
2024.12.02	01:09:47.851	0.83021	0.83029			6
2024.12.02	01:09:49.924	0.83022				2
2024.12.02	01:09:51.588	0.83020	0.83027			6
2024.12.02	01:09:51.908	0.83021				2
2024.12.02	01:09:53.521	0.83017	0.83025			6
2024.12.02	01:09:54.314	0.83016	0.83024			6
2024.12.02	01:09:54.661		0.83023			4
2024.12.02	01:09:54.963	0.83015				2
2024.12.02	01:09:55.407	0.83009	0.83017			6
2024.12.02	01:09:55.723	0.83003	0.83014			6
2024.12.02	01:09:56.038		0.83013			4
2024.12.02	01:09:57.140	0.83002	0.83011			6
2024.12.02	01:09:58.006	0.83001	0.83010			6
2024.12.02	01:09:58.324		0.83009			4
2024.12.02	01:10:00.362	0.83000	0.83008			6
2024.12.02	01:10:00.686		0.83010			4
2024.12.02	01:10:01.304	0.83004	0.83014			6
2024.12.02	01:10:01.636	0.83005	0.83015			6
2024.12.02	01:10:03.784	0.83009	0.83017			6
2024.12.02	01:10:04.104	0.83010				2
2024.12.02	01:10:04.942	0.83009				2
2024.12.02	01:10:05.308		0.83018			4
2024.12.02	01:10:06.670	0.83010				2
2024.12.02	01:10:07.076		0.83019			4
2024.12.02	01:10:10.313	0.83009	0.83018			6
2024.12.02	01:10:13.711	0.83008				2
2024.12.02	01:10:14.803	0.83011	0.83019			6
2024.12.02	01:10:17.623		0.83020			4
2024.12.02	01:10:18.384		0.83019			4
2024.12.02	01:10:19.022	0.83010				2
2024.12.02	01:10:19.627	0.83009				2
2024.12.02	01:10:20.840	0.83008	0.83018			6
2024.12.02	01:10:21.370	0.83011	0.83020			6
2024.12.02	01:10:21.681	0.83010	0.83019			6
2024.12.02	01:10:22.348	0.83009				2
2024.12.02	01:10:22.954	0.83011				2
2024.12.02	01:10:23.478	0.83009				2
2024.12.02	01:10:23.838	0.83008	0.83016			6
2024.12.02	01:10:24.142	0.83007				2
2024.12.02	01:10:24.536	0.83006				2
2024.12.02	01:10:25.456	0.83005	0.83014			6
2024.12.02	01:10:25.783	0.83004				2
2024.12.02	01:10:26.442		0.83013			4
2024.12.02	01:10:27.398	0.83001	0.83010			6
2024.12.02	01:10:27.824		0.83008			4
2024.12.02	01:10:28.143	0.83000				2
2024.12.02	01:10:28.448	0.83001	0.83009			6
2024.12.02	01:10:30.356		0.83010			4
2024.12.02	01:10:31.820		0.83008			4
2024.12.02	01:10:32.127	0.82999				2
2024.12.02	01:10:32.802	0.83001				2
2024.12.02	01:10:33.183	0.82998	0.83005			6
2024.12.02	01:10:34.438	0.82999				2
2024.12.02	01:10:34.959	0.82997	0.83003			6
2024.12.02	01:10:35.292	0.82996				2
2024.12.02	01:10:36.207		0.83004			4
2024.12.02	01:10:36.727	0.82998	0.83005			6
2024.12.02	01:10:37.375		0.83006			4
2024.12.02	01:10:37.735	0.82999				2
2024.12.02	01:10:38.980	0.82998	0.83005			6
2024.12.02	01:10:39.557	0.83001	0.83008			6
2024.12.02	01:10:39.962		0.83007			4
2024.12.02	01:10:40.282	0.83000				2
2024.12.02	01:10:41.186	0.83002	0.83011			6
2024.12.02	01:10:47.463	0.83001	0.83008			6
2024.12.02	01:10:47.764	0.83002	0.83011			6
2024.12.02	01:10:48.465	0.83001				2
2024.12.02	01:10:48.867		0.83010			4
2024.12.02	01:10:50.797	0.83002				2
2024.12.02	01:10:51.103	0.83001	0.83011			6
2024.12.02	01:10:51.459		0.83010			4
2024.12.02	01:10:53.804		0.83009			4
2024.12.02	01:10:54.592	0.82999	0.83008			6
2024.12.02	01:10:54.935		0.83005			4
2024.12.02	01:10:55.484	0.82998	0.83007			6
2024.12.02	01:10:56.910	0.82999				2
2024.12.02	01:10:57.859	0.82998				2
2024.12.02	01:10:59.202	0.82999	0.83008			6
2024.12.02	01:10:59.944		0.83007			4
2024.12.02	01:11:00.387	0.82998				2
2024.12.02	01:11:01.378	0.82999	0.83008			6
2024.12.02	01:11:03.330		0.83007			4
2024.12.02	01:11:03.749	0.82998	0.83008			6
2024.12.02	01:11:04.085		0.83007			4
2024.12.02	01:11:04.407		0.83008			4
2024.12.02	01:11:05.046	0.83000				2
2024.12.02	01:11:07.743	0.82998				2
2024.12.02	01:11:08.118	0.83000				2
2024.12.02	01:11:09.601	0.82999				2
2024.12.02	01:11:10.162	0.82998				2
2024.12.02	01:11:14.959	0.83000				2
2024.12.02	01:11:17.230	0.83002	0.83011			6
2024.12.02	01:11:19.096	0.82999	0.83010			6
2024.12.02	01:11:19.444		0.83009			4
2024.12.02	01:11:20.097	0.82998	0.83008			6
2024.12.02	01:11:23.419		0.83009			4
2024.12.02	01:11:24.149		0.83007			4
2024.12.02	01:11:30.214	0.82997				2
2024.12.02	01:11:31.432		0.83008			4
2024.12.02	01:11:32.245		0.83007			4
2024.12.02	01:11:33.496	0.82998	0.83008			6
2024.12.02	01:11:34.356	0.82997				2
2024.12.02	01:11:34.666	0.83001	0.83010			6
2024.12.02	01:11:35.351		0.83011			4
2024.12.02	01:11:36.110		0.83012			4
2024.12.02	01:11:36.444		0.83011			4
2024.12.02	01:11:41.137	0.82998	0.83008			6
2024.12.02	01:11:41.456		0.83007			4
2024.12.02	01:11:41.841	0.82996	0.83006			6
2024.12.02	01:11:42.790	0.82997				2
2024.12.02	01:11:43.103	0.82996				2
2024.12.02	01:11:43.459	0.82997	0.83007			6
2024.12.02	01:11:44.213		0.83006			4
2024.12.02	01:11:45.084	0.82999	0.83009			6
2024.12.02	01:11:46.210	0.83000				2
2024.12.02	01:11:46.578	0.82999				2
2024.12.02	01:11:47.193	0.83000				2
2024.12.02	01:11:53.488	0.82998	0.83007			6
2024.12.02	01:11:54.370	0.82999				2
2024.12.02	01:11:56.618	0.82998				2
2024.12.02	01:11:59.376	0.82999	0.83006			6
2024.12.02	01:11:59.719		0.83007			4
2024.12.02	01:12:00.037	0.82997	0.83005			6
2024.12.02	01:12:00.709		0.83006			4
2024.12.02	01:12:01.033	0.82998	0.83008			6
2024.12.02	01:12:01.343		0.83007			4
2024.12.02	01:12:01.654	0.83000	0.83008			6
2024.12.02	01:12:03.501		0.83007			4
2024.12.02	01:12:03.802	0.83001	0.83010			6
2024.12.02	01:12:04.191	0.83004	0.83012			6
2024.12.02	01:12:06.606	0.83003	0.83011			6
2024.12.02	01:12:06.957	0.83004	0.83012			6
2024.12.02	01:12:12.210	0.83001	0.83010			6
2024.12.02	01:12:18.676	0.83002	0.83011			6
2024.12.02	01:12:18.984		0.83010			4
2024.12.02	01:12:19.637		0.83011			4
2024.12.02	01:12:20.016	0.83003				2
2024.12.02	01:12:21.451	0.83004	0.83012			6
2024.12.02	01:12:21.843		0.83013			4
2024.12.02	01:12:22.669	0.83006				2
2024.12.02	01:12:23.299		0.83014			4
2024.12.02	01:12:23.636		0.83013			4
2024.12.02	01:12:24.217	0.83007	0.83015			6
2024.12.02	01:12:25.209	0.83009				2
2024.12.02	01:12:26.950	0.83008	0.83014			6
2024.12.02	01:12:27.788	0.83007	0.83015			6
2024.12.02	01:12:28.104		0.83014			4
2024.12.02	01:12:32.182	0.83006	0.83013			6
2024.12.02	01:12:32.494		0.83014			4
2024.12.02	01:12:32.881		0.83013			4
2024.12.02	01:12:36.352	0.83005				2
2024.12.02	01:12:37.421		0.83015			4
2024.12.02	01:12:37.918	0.83004	0.83013			6
2024.12.02	01:12:39.187	0.83006	0.83014			6
2024.12.02	01:12:39.502		0.83013			4
2024.12.02	01:12:40.126		0.83014			4
2024.12.02	01:12:42.265	0.83007				2
2024.12.02	01:12:44.016	0.83006				2
2024.12.02	01:12:51.570	0.83005	0.83013			6
2024.12.02	01:12:52.188	0.83004				2
2024.12.02	01:12:52.529		0.83014			4
2024.12.02	01:12:55.059		0.83012			4
2024.12.02	01:12:55.639		0.83013			4
2024.12.02	01:12:57.398	0.83007	0.83015			6
2024.12.02	01:12:58.175		0.83016			4
2024.12.02	01:12:58.712	0.83009				2
2024.12.02	01:13:00.301	0.83009				2
2024.12.02	01:13:01.010	0.83010	0.83017			6
2024.12.02	01:13:01.420	0.83009				2
2024.12.02	01:13:02.916	0.83010				2
2024.12.02	01:13:05.761	0.83008				2
2024.12.02	01:13:08.019	0.83009				2
2024.12.02	01:13:09.871		0.83016			4
2024.12.02	01:13:10.537		0.83017			4
2024.12.02	01:13:11.373	0.83007	0.83015			6
2024.12.02	01:13:12.344	0.83004	0.83013			6
2024.12.02	01:13:12.648		0.83014			4
2024.12.02	01:13:13.146		0.83012			4
2024.12.02	01:13:15.039	0.83003				2
2024.12.02	01:13:28.116	0.83004				2
2024.12.02	01:13:29.952	0.82999	0.83008			6
2024.12.02	01:13:30.257		0.83007			4
2024.12.02	01:13:30.569	0.82998	0.83008			6
2024.12.02	01:13:33.292		0.83007			4
2024.12.02	01:13:34.217		0.83008			4
2024.12.02	01:13:35.502		0.83007			4
2024.12.02	01:13:36.356	0.83000	0.83008			6
2024.12.02	01:13:36.665	0.82998	0.83007			6
2024.12.02	01:13:37.135		0.83006			4
2024.12.02	01:13:39.296	0.82997	0.83003			6
2024.12.02	01:13:39.599		0.83004			4
2024.12.02	01:13:40.342		0.83003			4
2024.12.02	01:13:40.881	0.82996	0.83005			6
2024.12.02	01:13:41.521	0.82997				2
2024.12.02	01:13:42.027		0.83006			4
2024.12.02	01:13:42.371		0.83005			4
2024.12.02	01:13:44.347	0.82998	0.83006			6
2024.12.02	01:13:44.662	0.82999	0.83007			6
2024.12.02	01:13:45.703	0.82998				2
2024.12.02	01:13:50.246	0.82993	0.83002			6
2024.12.02	01:13:50.563	0.82994	0.83004			6
2024.12.02	01:13:51.342	0.82995				2
2024.12.02	01:13:52.924		0.83002			4
2024.12.02	01:13:54.069		0.83003			4
2024.12.02	01:13:58.278	0.82998	0.83005			6
2024.12.02	01:13:58.589		0.83006			4
2024.12.02	01:14:00.115	0.82999				2
2024.12.02	01:14:00.504		0.83007			4
2024.12.02	01:14:01.186	0.83002	0.83008			6
2024.12.02	01:14:01.918	0.83003				2
2024.12.02	01:14:02.263		0.83009			4
2024.12.02	01:14:02.582	0.83002	0.83008			6
2024.12.02	01:14:03.361	0.83001				2
2024.12.02	01:14:03.935		0.83007			4
2024.12.02	01:14:04.270		0.83008			4
2024.12.02	01:14:04.721	0.83000				2
2024.12.02	01:14:05.777	0.83001				2
2024.12.02	01:14:06.180		0.83007			4
2024.12.02	01:14:07.059	0.83000	0.83008			6
2024.12.02	01:14:08.649	0.83002	0.83009			6
2024.12.02	01:14:09.167	0.83001	0.83010			6
2024.12.02	01:14:14.013	0.83000				2
2024.12.02	01:14:16.303		0.83008			4
2024.12.02	01:14:20.561	0.83001				2
2024.12.02	01:14:24.381	0.83000	0.83009			6
2024.12.02	01:14:26.132		0.83008			4
2024.12.02	01:14:30.539	0.82999				2
2024.12.02	01:14:33.531	0.83001				2
2024.12.02	01:14:36.854		0.83009			4
2024.12.02	01:14:46.344		0.83008			4
2024.12.02	01:14:49.591	0.82996	0.83004			6
2024.12.02	01:14:50.701	0.82997				2
2024.12.02	01:14:52.374	0.82995	0.83003			6
2024.12.02	01:14:53.465		0.83001			4
2024.12.02	01:14:54.342		0.83002			4
2024.12.02	01:14:56.051		0.83001			4
2024.12.02	01:14:57.396	0.82990	0.82997			6
2024.12.02	01:14:57.698	0.82989	0.82996			6
2024.12.02	01:14:58.177		0.82997			4
2024.12.02	01:14:59.336	0.82987	0.82994			6
2024.12.02	01:14:59.642	0.82988	0.82995			6
2024.12.02	01:15:00.032	0.82987	0.82993			6
2024.12.02	01:15:00.366	0.82985				2
2024.12.02	01:15:00.688	0.82986				2
2024.12.02	01:15:01.005		0.82992			4
2024.12.02	01:15:03.911	0.82985				2
2024.12.02	01:15:04.340	0.82987	0.82993			6
2024.12.02	01:15:07.131	0.82989	0.82995			6
2024.12.02	01:15:09.678	0.82995	0.83001			6
2024.12.02	01:15:11.150		0.83002			4
2024.12.02	01:15:13.200	0.82997				2
2024.12.02	01:15:13.539	0.82995				2
2024.12.02	01:15:14.823	0.82996				2
2024.12.02	01:15:19.578	0.82997				2
2024.12.02	01:15:19.945	0.82996				2
2024.12.02	01:15:23.526	0.82998	0.83004			6
2024.12.02	01:15:23.903	0.82995	0.83002			6
2024.12.02	01:15:24.204		0.83001			4
2024.12.02	01:15:25.453	0.82994	0.83000			6
2024.12.02	01:15:26.281	0.82993	0.82998			6
2024.12.02	01:15:26.629	0.82992				2
2024.12.02	01:15:27.083	0.82993	0.82997			6
2024.12.02	01:15:27.400		0.83000			4
2024.12.02	01:15:30.041	0.82994				2
2024.12.02	01:15:30.366	0.82996	0.83002			6
2024.12.02	01:15:35.957	0.82995				2
2024.12.02	01:15:46.021		0.83001			4
2024.12.02	01:15:46.323		0.83002			4
2024.12.02	01:16:00.034	0.82995				2
2024.12.02	01:16:02.899	0.82994	0.83001			6
2024.12.02	01:16:04.815	0.82995				2
2024.12.02	01:16:07.908	0.82994				2
2024.12.02	01:16:10.111	0.82991	0.82996			6
2024.12.02	01:16:10.430	0.82990				2
2024.12.02	01:16:11.191	0.82991	0.82998			6
2024.12.02	01:16:12.302	0.82990	0.82997			6
2024.12.02	01:16:16.219		0.82996			4
2024.12.02	01:16:17.529		0.82997			4
2024.12.02	01:16:18.143	0.82989	0.82995			6
2024.12.02	01:16:18.472	0.82988				2
2024.12.02	01:16:20.261	0.82989	0.82994			6
2024.12.02	01:16:20.663	0.82987	0.82991			6
2024.12.02	01:16:23.638	0.82986				2
2024.12.02	01:16:25.688	0.82987	0.82992			6
2024.12.02	01:16:29.063	0.82988	0.82993			6
2024.12.02	01:16:30.121		0.82994			4
2024.12.02	01:16:31.123		0.82993			4
2024.12.02	01:16:32.587		0.82994			4
2024.12.02	01:16:32.904		0.82993			4
2024.12.02	01:16:36.644		0.82995			4
2024.12.02	01:16:40.264	0.82989				2
2024.12.02	01:16:40.654		0.82996			4
2024.12.02	01:16:41.174		0.82995			4
2024.12.02	01:16:45.624		0.82993			4
2024.12.02	01:16:45.960	0.82988				2
2024.12.02	01:16:48.439	0.82989	0.82995			6
2024.12.02	01:16:54.523		0.82996			4
2024.12.02	01:16:55.702	0.82990				2
2024.12.02	01:16:56.919		0.82997			4
2024.12.02	01:16:58.398		0.82996			4
2024.12.02	01:16:59.547		0.82997			4
2024.12.02	01:17:00.217	0.82990	0.82996			6
2024.12.02	01:17:04.346	0.82991				2
2024.12.02	01:17:06.497	0.82995	0.82998			6
2024.12.02	01:17:06.801	0.82996	0.83001			6
2024.12.02	01:17:10.308	0.82997				2
2024.12.02	01:17:18.026	0.82996				2
2024.12.02	01:17:21.597	0.82998	0.83002			6
2024.12.02	01:17:29.666	0.82996				2
2024.12.02	01:17:30.061		0.83001			4
2024.12.02	01:17:36.017		0.83000			4
2024.12.02	01:17:38.682	0.82997				2
2024.12.02	01:17:38.987		0.83001			4
2024.12.02	01:17:42.664	0.82996				2
2024.12.02	01:17:45.907		0.83002			4
2024.12.02	01:17:49.880	0.82999	0.83005			6
2024.12.02	01:17:50.334	0.83000	0.83006			6
2024.12.02	01:17:57.023		0.83007			4
2024.12.02	01:17:57.925	0.83001				2
2024.12.02	01:17:58.242	0.83000	0.83006			6
2024.12.02	01:17:58.898	0.82994	0.83000			6
2024.12.02	01:17:59.204	0.82993				2
2024.12.02	01:17:59.871		0.83001			4
2024.12.02	01:18:00.351	0.82994	0.83000			6
2024.12.02	01:18:01.006		0.83001			4
2024.12.02	01:18:05.013	0.82990	0.82996			6
2024.12.02	01:18:09.455	0.82991				2
2024.12.02	01:18:12.373		0.82997			4
2024.12.02	01:18:16.352	0.82994	0.83000			6
2024.12.02	01:18:16.668		0.83001			4
2024.12.02	01:18:18.217	0.82995	0.83000			6
2024.12.02	01:18:19.003		0.83002			4
2024.12.02	01:18:20.090		0.83001			4
2024.12.02	01:18:27.409	0.82996				2
2024.12.02	01:18:27.748	0.82995	0.83000			6
2024.12.02	01:18:28.327	0.82994				2
2024.12.02	01:18:28.890		0.82999			4
2024.12.02	01:18:29.610		0.83000			4
2024.12.02	01:18:29.922		0.83001			4
2024.12.02	01:18:31.608		0.83002			4
2024.12.02	01:18:32.163	0.82995				2
2024.12.02	01:18:32.734		0.83001			4
2024.12.02	01:18:38.584	0.82994	0.82999			6
2024.12.02	01:18:38.972		0.83002			4
2024.12.02	01:18:39.316	0.82995				2
2024.12.02	01:18:50.152	0.82996				2
2024.12.02	01:18:57.930	0.82995	0.83001			6
2024.12.02	01:18:58.309		0.83002			4
2024.12.02	01:18:59.206		0.83001			4
2024.12.02	01:19:01.661	0.82995				2
2024.12.02	01:19:07.424	0.82996	0.83002			6
2024.12.02	01:19:09.247	0.82995	0.83000			6
2024.12.02	01:19:12.481		0.83002			4
2024.12.02	01:19:13.567		0.83001			4
2024.12.02	01:19:14.425	0.83000	0.83003			6
2024.12.02	01:19:14.811	0.82999	0.83002			6
2024.12.02	01:19:15.225		0.83003			4
2024.12.02	01:19:16.964	0.83000	0.83004			6
2024.12.02	01:19:18.863		0.83003			4
2024.12.02	01:19:21.622		0.83004			4
2024.12.02	01:19:29.376	0.82999	0.83003			6
2024.12.02	01:19:32.690		0.83005			4
2024.12.02	01:19:34.025		0.83003			4
2024.12.02	01:19:43.377	0.82998				2
2024.12.02	01:19:48.869	0.82999				2
2024.12.02	01:19:50.346	0.82996	0.83002			6
2024.12.02	01:19:52.001	0.82998	0.83004			6
2024.12.02	01:19:52.306		0.83005			4
2024.12.02	01:19:52.610	0.83000				2
2024.12.02	01:19:52.969		0.83006			4
2024.12.02	01:19:53.335	0.82999	0.83005			6
2024.12.02	01:19:57.411	0.83000				2
2024.12.02	01:19:58.311		0.83006			4
2024.12.02	01:20:00.301	0.83000				2
2024.12.02	01:20:03.161	0.82999	0.83004			6
2024.12.02	01:20:05.243	0.82998	0.83003			6
2024.12.02	01:20:10.701	0.83000	0.83006			6
2024.12.02	01:20:11.417		0.83005			4
2024.12.02	01:20:15.270	0.82997	0.83003			6
2024.12.02	01:20:20.229	0.82996	0.83002			6
2024.12.02	01:20:21.191	0.82997				2
2024.12.02	01:20:22.350	0.82996				2
2024.12.02	01:20:23.818		0.83001			4
2024.12.02	01:20:24.328	0.82997	0.83002			6
2024.12.02	01:20:28.089	0.82998	0.83003			6
2024.12.02	01:20:29.601	0.82996	0.83002			6
2024.12.02	01:20:30.222	0.82995				2
2024.12.02	01:20:30.912	0.82990	0.82996			6
2024.12.02	01:20:33.303	0.82991				2
2024.12.02	01:20:33.901	0.82992	0.82997			6
2024.12.02	01:20:36.305		0.82998			4
2024.12.02	01:20:40.227	0.82993	0.82999			6
2024.12.02	01:20:42.561	0.82989	0.82995			6
2024.12.02	01:20:42.861	0.82990				2
2024.12.02	01:20:44.207	0.82985	0.82991			6
2024.12.02	01:20:44.524	0.82988	0.82993			6
2024.12.02	01:20:44.830	0.82990	0.82996			6
2024.12.02	01:20:48.443		0.82995			4
2024.12.02	01:20:52.288		0.82996			4
2024.12.02	01:20:57.887	0.82989	0.82995			6
2024.12.02	01:20:58.248	0.82990	0.82996			6
2024.12.02	01:20:59.064	0.82989				2
2024.12.02	01:21:00.182	0.82990				2
2024.12.02	01:21:00.674	0.82989				2
2024.12.02	01:21:01.439	0.82990				2
2024.12.02	01:21:02.343	0.82989				2
2024.12.02	01:21:07.552	0.82990	0.82997			6
2024.12.02	01:21:09.530	0.82991				2
2024.12.02	01:21:13.875	0.82990	0.82996			6
2024.12.02	01:21:22.166	0.82993	0.82997			6
2024.12.02	01:21:24.689	0.82992				2
2024.12.02	01:21:27.993	0.82993				2
2024.12.02	01:21:28.581	0.82991	0.82996			6
2024.12.02	01:21:33.656		0.82997			4
2024.12.02	01:21:36.578	0.82992				2
2024.12.02	01:21:44.345	0.82993	0.82999			6
2024.12.02	01:22:00.320	0.82993				2
2024.12.02	01:22:03.592	0.82992	0.82998			6
2024.12.02	01:22:04.278	0.82993	0.82999			6
2024.12.02	01:22:06.347		0.82998			4
2024.12.02	01:22:06.655		0.82999			4
2024.12.02	01:22:11.559	0.82992	0.82997			6
2024.12.02	01:22:14.579	0.82987	0.82992			6
2024.12.02	01:22:14.889		0.82991			4
2024.12.02	01:22:15.246	0.82986				2
2024.12.02	01:22:15.948	0.82985				2
2024.12.02	01:22:16.760	0.82983	0.82988			6
2024.12.02	01:22:17.702		0.82989			4
2024.12.02	01:22:19.010	0.82981	0.82987			6
2024.12.02	01:22:20.220	0.82988	0.82993			6
2024.12.02	01:22:20.596		0.82992			4
2024.12.02	01:22:20.902	0.82989	0.82996			6
2024.12.02	01:22:21.256	0.82990				2
2024.12.02	01:22:24.702	0.82997	0.83002			6
2024.12.02	01:22:25.004		0.83003			4
2024.12.02	01:22:25.307		0.83002			4
2024.12.02	01:22:25.727	0.82998	0.83003			6
2024.12.02	01:22:26.077		0.83004			4
2024.12.02	01:22:27.172	0.82999	0.83005			6
2024.12.02	01:22:27.472	0.82995	0.83001			6
2024.12.02	01:22:27.782	0.82996				2
2024.12.02	01:22:29.306	0.82995				2
2024.12.02	01:22:29.643	0.82994	0.83000			6
2024.12.02	01:22:31.374		0.83001			4
2024.12.02	01:22:32.023		0.83000			4
2024.12.02	01:22:32.335	0.82993	0.82998			6
2024.12.02	01:22:34.974		0.82997			4
2024.12.02	01:22:35.282		0.82998			4
2024.12.02	01:22:36.328	0.82994				2
2024.12.02	01:22:37.191	0.82993				2
2024.12.02	01:22:38.588	0.82994	0.82997			6
2024.12.02	01:22:39.501		0.82998			4
2024.12.02	01:22:40.086		0.82997			4
2024.12.02	01:22:40.540		0.82998			4
2024.12.02	01:22:41.076	0.82992	0.82997			6
2024.12.02	01:22:52.355	0.82993	0.82998			6
2024.12.02	01:22:53.183	0.82992				2
2024.12.02	01:22:53.498	0.82993				2
2024.12.02	01:22:55.783	0.82994	0.82999			6
2024.12.02	01:22:57.388	0.82993				2
2024.12.02	01:22:59.199	0.82994				2
2024.12.02	01:22:59.602		0.83000			4
2024.12.02	01:23:00.056	0.82994	0.82999			6
2024.12.02	01:23:00.366	0.82993	0.82998			6
2024.12.02	01:23:00.672		0.82997			4
2024.12.02	01:23:01.123		0.82998			4
2024.12.02	01:23:01.456	0.82994	0.83000			6
2024.12.02	01:23:03.585	0.82995				2
2024.12.02	01:23:04.702	0.82993	0.82999			6
2024.12.02	01:23:06.756	0.82994	0.82998			6
2024.12.02	01:23:07.071		0.82999			4
2024.12.02	01:23:07.491	0.82993	0.82998			6
2024.12.02	01:23:08.040	0.82992	0.82997			6
2024.12.02	01:23:11.230	0.82993				2
2024.12.02	01:23:12.943	0.82994	0.83000			6
2024.12.02	01:23:13.275		0.82999			4
2024.12.02	01:23:16.911		0.83000			4
2024.12.02	01:23:17.624	0.82995				2
2024.12.02	01:23:19.911	0.82994				2
2024.12.02	01:23:20.223	0.82992	0.82997			6
2024.12.02	01:23:21.141	0.82994	0.82999			6
2024.12.02	01:23:22.354		0.82998			4
2024.12.02	01:23:23.756	0.82996	0.83002			6
2024.12.02	01:23:24.311		0.83001			4
2024.12.02	01:23:24.835	0.82998	0.83003			6
2024.12.02	01:23:25.229	0.82997	0.83002			6
2024.12.02	01:23:26.797	0.82999	0.83004			6
2024.12.02	01:23:27.151	0.82998				2
2024.12.02	01:23:27.463	0.82996	0.83002			6
2024.12.02	01:23:28.118	0.82997				2
2024.12.02	01:23:28.712		0.83001			4
2024.12.02	01:23:30.911		0.83002			4
2024.12.02	01:23:41.391	0.82996				2
2024.12.02	01:23:46.641	0.82995	0.83001			6
2024.12.02	01:23:46.945	0.82994	0.82999			6
2024.12.02	01:23:47.484		0.83000			4
2024.12.02	01:23:47.997		0.82999			4
2024.12.02	01:23:48.352		0.83000			4
2024.12.02	01:23:49.777		0.82999			4
2024.12.02	01:23:50.982		0.82998			4
2024.12.02	01:23:52.955	0.82997	0.83002			6
2024.12.02	01:23:53.267		0.83001			4
2024.12.02	01:23:55.998	0.82994	0.82999			6
2024.12.02	01:23:56.392	0.82995	0.83000			6
2024.12.02	01:23:57.518	0.82994				2
2024.12.02	01:23:57.823		0.82999			4
2024.12.02	01:23:58.655	0.82995	0.82998			6
2024.12.02	01:23:58.962	0.82994	0.82999			6
2024.12.02	01:24:00.353	0.82994				2
2024.12.02	01:24:10.216	0.82997	0.83002			6
2024.12.02	01:24:10.950		0.83003			4
2024.12.02	01:24:12.835	0.82996	0.83002			6
2024.12.02	01:24:13.140	0.82997				2
2024.12.02	01:24:15.692	0.82996				2
2024.12.02	01:24:19.915	0.82998				2
2024.12.02	01:24:26.176	0.83000	0.83006			6
2024.12.02	01:24:27.441		0.83004			4
2024.12.02	01:24:33.801	0.83001	0.83005			6
2024.12.02	01:24:38.998	0.83003	0.83007			6
2024.12.02	01:24:39.345		0.83008			4
2024.12.02	01:24:41.380	0.83002	0.83009			6
2024.12.02	01:24:41.702	0.83004				2
2024.12.02	01:24:44.662		0.83010			4
2024.12.02	01:24:47.161	0.83003				2
2024.12.02	01:24:47.462		0.83008			4
2024.12.02	01:24:51.438	0.83004	0.83010			6
2024.12.02	01:24:56.386	0.83006				2
2024.12.02	01:24:57.387	0.83004	0.83011			6
2024.12.02	01:24:59.102	0.83005	0.83010			6
2024.12.02	01:24:59.599	0.83004	0.83011			6
2024.12.02	01:25:00.902	0.83004				2
2024.12.02	01:25:02.180	0.83005	0.83009			6
2024.12.02	01:25:04.783	0.83004	0.83010			6
2024.12.02	01:25:05.776	0.83005	0.83009			6
2024.12.02	01:25:07.122	0.83004				2
2024.12.02	01:25:08.339		0.83010			4
2024.12.02	01:25:10.438	0.83003				2
2024.12.02	01:25:13.091		0.83007			4
2024.12.02	01:25:17.091	0.83002				2
2024.12.02	01:25:19.446	0.83003	0.83008			6
2024.12.02	01:25:19.746		0.83007			4
2024.12.02	01:25:20.090		0.83008			4
2024.12.02	01:25:21.453	0.83008	0.83012			6
2024.12.02	01:25:32.837		0.83011			4
2024.12.02	01:25:33.272		0.83012			4
2024.12.02	01:25:39.589		0.83011			4
2024.12.02	01:25:40.875		0.83012			4
2024.12.02	01:25:42.810		0.83011			4
2024.12.02	01:25:43.116		0.83012			4
2024.12.02	01:25:46.336		0.83011			4
2024.12.02	01:25:46.662	0.83009	0.83013			6
2024.12.02	01:25:47.303		0.83014			4
2024.12.02	01:25:47.612	0.83010				2
2024.12.02	01:25:53.397	0.83009	0.83013			6
2024.12.02	01:25:53.825	0.83010	0.83014			6
2024.12.02	01:25:54.143		0.83013			4
2024.12.02	01:25:55.320		0.83012			4
2024.12.02	01:25:55.832	0.83011	0.83014			6
2024.12.02	01:25:56.381		0.83015			4
2024.12.02	01:25:57.642		0.83014			4
2024.12.02	01:25:58.034	0.83010	0.83013			6
2024.12.02	01:25:58.417		0.83012			4
2024.12.02	01:25:58.760	0.83009	0.83011			6
2024.12.02	01:26:00.901	0.83010	0.83012			6
2024.12.02	01:26:01.451		0.83014			4
2024.12.02	01:26:01.763		0.83013			4
2024.12.02	01:26:02.513		0.83012			4
2024.12.02	01:26:04.679	0.83009	0.83013			6
2024.12.02	01:26:05.772		0.83010			4
2024.12.02	01:26:06.916	0.83006	0.83008			6
2024.12.02	01:26:10.902	0.83010	0.83014			6
2024.12.02	01:26:11.205		0.83013			4
2024.12.02	01:26:12.270	0.83009				2
2024.12.02	01:26:12.584	0.83010				2
2024.12.02	01:26:13.431	0.83009	0.83014			6
2024.12.02	01:26:13.732	0.83013	0.83016			6
2024.12.02	01:26:14.058		0.83017			4
2024.12.02	01:26:14.362	0.83010	0.83013			6
2024.12.02	01:26:14.696		0.83014			4
2024.12.02	01:26:15.148	0.83011				2
2024.12.02	01:26:16.397	0.83010				2
2024.12.02	01:26:17.116	0.83013				2
2024.12.02	01:26:17.423	0.83011				2
2024.12.02	01:26:19.023	0.83013	0.83017			6
2024.12.02	01:26:23.397		0.83016			4
2024.12.02	01:26:28.276	0.83012	0.83015			6
2024.12.02	01:26:29.601	0.83013	0.83016			6
2024.12.02	01:26:30.489	0.83012	0.83015			6
2024.12.02	01:26:30.808	0.83011	0.83014			6
2024.12.02	01:26:35.883	0.83009	0.83013			6
2024.12.02	01:26:36.245		0.83012			4
2024.12.02	01:26:41.019	0.83008	0.83011			6
2024.12.02	01:26:41.321		0.83012			4
2024.12.02	01:26:41.643		0.83011			4
2024.12.02	01:26:42.047	0.83010	0.83013			6
2024.12.02	01:26:44.555		0.83014			4
2024.12.02	01:26:45.045	0.83011				2
2024.12.02	01:26:45.606	0.83009	0.83013			6
2024.12.02	01:26:46.280		0.83012			4
2024.12.02	01:26:48.118	0.83008	0.83011			6
2024.12.02	01:26:48.798	0.83009				2
2024.12.02	01:26:49.517		0.83012			4
2024.12.02	01:26:56.192	0.83008	0.83011			6
2024.12.02	01:26:56.778	0.83005	0.83008			6
2024.12.02	01:26:59.484	0.83006	0.83009			6
2024.12.02	01:27:00.102	0.83006				2
2024.12.02	01:27:02.055	0.83008	0.83011			6
2024.12.02	01:27:02.493	0.83011	0.83014			6
2024.12.02	01:27:04.258	0.83013	0.83016			6
2024.12.02	01:27:04.878	0.83012	0.83015			6
2024.12.02	01:27:07.147	0.83004	0.83008			6
2024.12.02	01:27:07.465	0.83001	0.83004			6
2024.12.02	01:27:09.676	0.83000	0.83003			6
2024.12.02	01:27:11.460	0.83001	0.83004			6
2024.12.02	01:27:15.593	0.82996	0.83000			6
2024.12.02	01:27:16.278		0.83001			4
2024.12.02	01:27:17.242		0.83000			4
2024.12.02	01:27:18.609	0.82997				2
2024.12.02	01:27:21.472	0.82996	0.82998			6
2024.12.02	01:27:21.974	0.82995	0.82997			6
2024.12.02	01:27:26.674	0.82994	0.82996			6
2024.12.02	01:27:27.112		0.82997			4
2024.12.02	01:27:27.454		0.82996			4
2024.12.02	01:27:27.793		0.82997			4
2024.12.02	01:27:28.132		0.82996			4
2024.12.02	01:27:28.469		0.82997			4
2024.12.02	01:27:42.264	0.82995	0.82998			6
2024.12.02	01:27:42.703	0.82996				2
2024.12.02	01:27:52.359	0.82995				2
2024.12.02	01:27:54.932	0.82996	0.82999			6
2024.12.02	01:27:55.417	0.82997				2
2024.12.02	01:27:56.341	0.82998	0.83001			6
2024.12.02	01:27:57.015	0.83000	0.83002			6
2024.12.02	01:27:57.762	0.82998	0.83001			6
2024.12.02	01:27:58.422	0.82999				2
2024.12.02	01:27:59.891		0.83002			4
2024.12.02	01:28:00.228	0.82999				2
2024.12.02	01:28:01.181	0.83000				2
2024.12.02	01:28:01.532	0.82999	0.83001			6
2024.12.02	01:28:01.870	0.82998				2
2024.12.02	01:28:12.907	0.82997	0.82999			6
2024.12.02	01:28:13.573	0.82996				2
2024.12.02	01:28:17.989	0.82995	0.82998			6
2024.12.02	01:28:18.826	0.82996				2
2024.12.02	01:28:21.910		0.82999			4
2024.12.02	01:28:24.340	0.82997				2
2024.12.02	01:28:25.498	0.82995	0.82996			6
2024.12.02	01:28:25.850	0.82989	0.82994			6
2024.12.02	01:28:26.165		0.82990			4
2024.12.02	01:28:26.929	0.82988				2
2024.12.02	01:28:29.321		0.82989			4
2024.12.02	01:28:30.060	0.82984	0.82988			6
2024.12.02	01:28:31.116	0.82983	0.82987			6
2024.12.02	01:28:33.922	0.82981	0.82986			6
2024.12.02	01:28:34.392	0.82985	0.82989			6
2024.12.02	01:28:34.710	0.82986	0.82990			6
2024.12.02	01:28:36.678		0.82989			4
2024.12.02	01:28:36.983	0.82984				2
2024.12.02	01:28:37.373		0.82988			4
2024.12.02	01:28:37.695		0.82989			4
2024.12.02	01:28:38.001	0.82985	0.82990			6
2024.12.02	01:28:40.184	0.82986				2
2024.12.02	01:28:40.554	0.82987				2
2024.12.02	01:28:45.933	0.82988				2
2024.12.02	01:28:47.469	0.82980	0.82985			6
2024.12.02	01:28:48.052	0.82978	0.82984			6
2024.12.02	01:28:50.515		0.82983			4
2024.12.02	01:28:50.825	0.82979	0.82984			6
2024.12.02	01:28:55.418	0.82980				2
2024.12.02	01:28:57.189	0.82978	0.82982			6
2024.12.02	01:28:57.494		0.82983			4
2024.12.02	01:28:57.797		0.82982			4
2024.12.02	01:28:58.348		0.82983			4
2024.12.02	01:28:59.213		0.82982			4
2024.12.02	01:28:59.520		0.82983			4
2024.12.02	01:28:59.981		0.82982			4
2024.12.02	01:29:00.301	0.82978				2
2024.12.02	01:29:01.084		0.82983			4
2024.12.02	01:29:01.441		0.82982			4
2024.12.02	01:29:02.478	0.82977				2
2024.12.02	01:29:03.612	0.82978				2
2024.12.02	01:29:03.936	0.82980	0.82984			6
2024.12.02	01:29:04.243	0.82981	0.82983			6
2024.12.02	01:29:04.708	0.82980	0.82984			6
2024.12.02	01:29:05.014	0.82976	0.82977			6
2024.12.02	01:29:05.324	0.82977	0.82978			6
2024.12.02	01:29:05.636		0.82979			4
2024.12.02	01:29:05.991	0.82976	0.82978			6
2024.12.02	01:29:08.182		0.82977			4
2024.12.02	01:29:08.491	0.82975				2
2024.12.02	01:29:08.916		0.82978			4
2024.12.02	01:29:09.425	0.82976	0.82980			6
2024.12.02	01:29:09.729		0.82981			4
2024.12.02	01:29:10.043	0.82977				2
2024.12.02	01:29:10.816	0.82978	0.82982			6
2024.12.02	01:29:11.183	0.82981	0.82983			6
2024.12.02	01:29:11.481	0.82980	0.82984			6
2024.12.02	01:29:15.478	0.82979	0.82983			6
2024.12.02	01:29:16.249	0.82981	0.82982			6
2024.12.02	01:29:17.312		0.82983			4
2024.12.02	01:29:17.623	0.82979	0.82984			6
2024.12.02	01:29:18.396	0.82978	0.82979			6
2024.12.02	01:29:18.709		0.82985			4
2024.12.02	01:29:19.028	0.82980	0.82983			6
2024.12.02	01:29:19.489	0.82981				2
2024.12.02	01:29:19.803	0.82980	0.82982			6
2024.12.02	01:29:20.110	0.82973	0.82979			6
2024.12.02	01:29:20.426	0.82977	0.82978			6
2024.12.02	01:29:20.726		0.82981			4
2024.12.02	01:29:21.074	0.82978	0.82980			6
2024.12.02	01:29:22.561	0.82977	0.82981			6
2024.12.02	01:29:22.867	0.82978				2
2024.12.02	01:29:23.568	0.82976	0.82977			6
2024.12.02	01:29:23.871	0.82974	0.82979			6
2024.12.02	01:29:24.288	0.82975				2
2024.12.02	01:29:25.791	0.82974				2
2024.12.02	01:29:26.558	0.82975				2
2024.12.02	01:29:26.942	0.82976	0.82981			6
2024.12.02	01:29:28.940		0.82982			4
2024.12.02	01:29:30.441	0.82978	0.82981			6
2024.12.02	01:29:34.920	0.82977	0.82982			6
2024.12.02	01:29:35.222	0.82978	0.82981			6
2024.12.02	01:29:37.441	0.82977	0.82982			6
2024.12.02	01:29:38.290	0.82972	0.82973			6
2024.12.02	01:29:39.996	0.82969	0.82972			6
2024.12.02	01:29:42.009	0.82968	0.82971			6
2024.12.02	01:29:42.392		0.82969			4
2024.12.02	01:29:42.708	0.82969	0.82971			6
2024.12.02	01:29:43.912	0.82973	0.82978			6
2024.12.02	01:29:44.592		0.82979			4
2024.12.02	01:29:45.894	0.82974	0.82980			6
2024.12.02	01:29:46.207		0.82979			4
2024.12.02	01:29:47.248	0.82972	0.82973			6
2024.12.02	01:29:47.568	0.82971	0.82974			6
2024.12.02	01:29:49.735		0.82975			4
2024.12.02	01:29:50.290	0.82972	0.82973			6
2024.12.02	01:29:51.289	0.82970	0.82971			6
2024.12.02	01:29:51.921	0.82968	0.82969			6
2024.12.02	01:29:52.810	0.82964	0.82967			6
2024.12.02	01:29:53.122	0.82968	0.82972			6
2024.12.02	01:29:53.453	0.82969				2
2024.12.02	01:29:53.811		0.82973			4
2024.12.02	01:29:54.230	0.82968	0.82971			6
2024.12.02	01:29:54.545	0.82967	0.82973			6
2024.12.02	01:29:54.862	0.82968				2
2024.12.02	01:29:55.676	0.82970	0.82971			6
2024.12.02	01:29:57.074	0.82967	0.82969			6
2024.12.02	01:29:57.404		0.82973			4
2024.12.02	01:29:58.023	0.82964	0.82970			6
2024.12.02	01:29:58.343		0.82971			4
2024.12.02	01:29:59.173	0.82969	0.82972			6
2024.12.02	01:29:59.484		0.82970			4
2024.12.02	01:30:00.307	0.82967	0.82969			6
2024.12.02	01:30:00.624	0.82968				2
2024.12.02	01:30:00.944	0.82967	0.82968			6
2024.12.02	01:30:02.093	0.82969	0.82971			6
2024.12.02	01:30:02.412	0.82967	0.82969			6
2024.12.02	01:30:02.713	0.82971	0.82973			6
2024.12.02	01:30:03.625	0.82972	0.82974			6
2024.12.02	01:30:03.925	0.82970	0.82972			6
2024.12.02	01:30:04.229	0.82972	0.82974			6
2024.12.02	01:30:04.611	0.82973				2
2024.12.02	01:30:05.269		0.82978			4
2024.12.02	01:30:05.901		0.82979			4
2024.12.02	01:30:06.767		0.82977			4
2024.12.02	01:30:07.085	0.82974				2
2024.12.02	01:30:07.414	0.82975	0.82980			6
2024.12.02	01:30:07.942	0.82974	0.82977			6
2024.12.02	01:30:08.598		0.82979			4
2024.12.02	01:30:10.283	0.82970	0.82975			6
2024.12.02	01:30:10.585		0.82974			4
2024.12.02	01:30:10.891	0.82972	0.82973			6
2024.12.02	01:30:11.231	0.82970	0.82974			6
2024.12.02	01:30:11.534		0.82973			4
2024.12.02	01:30:12.697	0.82975	0.82976			6
2024.12.02	01:30:13.009	0.82974	0.82977			6
2024.12.02	01:30:13.353	0.82976				2
2024.12.02	01:30:15.642		0.82978			4
2024.12.02	01:30:15.947	0.82977	0.82979			6
2024.12.02	01:30:16.352	0.82974	0.82978			6
2024.12.02	01:30:16.767	0.82991	0.82992			6
2024.12.02	01:30:17.088	0.82992	0.82993			6
2024.12.02	01:30:19.982	0.82990	0.82991			6
2024.12.02	01:30:22.176	0.82991	0.82992			6
2024.12.02	01:30:22.485	0.82989	0.82990			6
2024.12.02	01:30:24.122		0.82992			4
2024.12.02	01:30:24.777		0.82993			4
2024.12.02	01:30:25.266	0.82991	0.82992			6
2024.12.02	01:30:25.652	0.82983	0.82988			6
2024.12.02	01:30:25.998	0.82985	0.82986			6
2024.12.02	01:30:27.582	0.82980	0.82988			6
2024.12.02	01:30:27.886	0.82976	0.82981			6
2024.12.02	01:30:28.188	0.82975	0.82980			6
2024.12.02	01:30:28.950	0.82980	0.82982			6
2024.12.02	01:30:29.281	0.82979	0.82983			6
2024.12.02	01:30:29.751	0.82978	0.82984			6
2024.12.02	01:30:30.291	0.82982	0.82985			6
2024.12.02	01:30:30.603	0.82983	0.82984			6
2024.12.02	01:30:31.021		0.82985			4
2024.12.02	01:30:31.323	0.82984				2
2024.12.02	01:30:31.645	0.82980	0.82983			6
2024.12.02	01:30:31.950	0.82979				2
2024.12.02	01:30:33.345	0.82980	0.82986			6
2024.12.02	01:30:33.699	0.82981				2
2024.12.02	01:30:34.345	0.82983	0.82984			6
2024.12.02	01:30:35.276	0.82982	0.82985			6
2024.12.02	01:30:35.662	0.82983	0.82984			6
2024.12.02	01:30:35.973	0.82979	0.82982			6
2024.12.02	01:30:36.286	0.82980	0.82983			6
2024.12.02	01:30:38.930		0.82981			4
2024.12.02	01:30:39.686	0.82981	0.82982			6
2024.12.02	01:30:39.989	0.82980				2
2024.12.02	01:30:40.601		0.82983			4
2024.12.02	01:30:43.274		0.82985			4
2024.12.02	01:30:44.440	0.82976	0.82979			6
2024.12.02	01:30:44.745	0.82978				2
2024.12.02	01:30:45.064	0.82979	0.82980			6
2024.12.02	01:30:45.724		0.82981			4
2024.12.02	01:30:46.159		0.82980			4
2024.12.02	01:30:46.471	0.82980	0.82983			6
2024.12.02	01:30:50.627		0.82981			4
2024.12.02	01:30:51.221	0.82984	0.82985			6
2024.12.02	01:30:52.239	0.82985	0.82986			6
2024.12.02	01:30:52.737	0.82986	0.82987			6
2024.12.02	01:30:53.046	0.82982	0.82984			6
2024.12.02	01:30:53.381	0.82983	0.82985			6
2024.12.02	01:30:54.048	0.82984				2
2024.12.02	01:30:54.356		0.82986			4
2024.12.02	01:30:54.676	0.82983				2
2024.12.02	01:30:55.318	0.82982	0.82984			6
2024.12.02	01:30:55.774	0.82984	0.82985			6
2024.12.02	01:30:57.570	0.82986	0.82989			6
2024.12.02	01:30:58.305	0.82984				2
2024.12.02	01:30:58.825		0.82990			4
2024.12.02	01:30:59.130		0.82989			4
2024.12.02	01:30:59.781		0.82988			4
2024.12.02	01:31:00.102	0.82986	0.82989			6
2024.12.02	01:31:00.612		0.82990			4
2024.12.02	01:31:02.135	0.82989				2
2024.12.02	01:31:02.446	0.82988	0.82992			6
2024.12.02	01:31:03.612	0.82989				2
2024.12.02	01:31:05.740		0.82990			4
2024.12.02	01:31:08.460	0.82990	0.82991			6
2024.12.02	01:31:09.739	0.82992	0.82993			6
2024.12.02	01:31:10.044	0.82990	0.82991			6
2024.12.02	01:31:12.409	0.82987	0.82988			6
2024.12.02	01:31:13.381	0.82986	0.82987			6
2024.12.02	01:31:13.936	0.82987	0.82988			6
2024.12.02	01:31:14.243		0.82989			4
2024.12.02	01:31:15.481	0.82985	0.82986			6
2024.12.02	01:31:16.136	0.82986	0.82987			6
2024.12.02	01:31:16.797	0.82988	0.82989			6
2024.12.02	01:31:17.339	0.82987				2
2024.12.02	01:31:19.591		0.82990			4
2024.12.02	01:31:20.675	0.82989				2
2024.12.02	01:31:23.380	0.82988				2
2024.12.02	01:31:24.397	0.82989				2
2024.12.02	01:31:30.662	0.82991	0.82992			6
2024.12.02	01:31:30.963	0.82992	0.82993			6
2024.12.02	01:31:31.610		0.82996			4
2024.12.02	01:31:32.008	0.82991				2
2024.12.02	01:31:32.353	0.82993	0.82994			6
2024.12.02	01:31:32.670	0.82994	0.82995			6
2024.12.02	01:31:33.205	0.82993	0.82994			6
2024.12.02	01:31:33.720	0.82992	0.82993			6
2024.12.02	01:31:37.606	0.82994	0.82995			6
2024.12.02	01:31:38.916	0.82993	0.82994			6
2024.12.02	01:31:40.627	0.82995	0.82996			6
2024.12.02	01:31:41.891	0.82996	0.82997			6
2024.12.02	01:31:42.356	0.82997	0.82998			6
2024.12.02	01:31:43.393	0.82996	0.82997			6
2024.12.02	01:31:45.676	0.82997	0.82998			6
2024.12.02	01:31:47.397	0.82992	0.82996			6
2024.12.02	01:31:48.240	0.82989	0.82990			6
2024.12.02	01:31:50.307	0.82988				2
2024.12.02	01:31:50.658	0.82990	0.82991			6
2024.12.02	01:31:54.112	0.82992	0.82998			6
2024.12.02	01:31:54.422	0.82993	0.82997			6
2024.12.02	01:31:55.674	0.82992	0.82995			6
2024.12.02	01:31:57.861	0.82993	0.82994			6
2024.12.02	01:31:58.664	0.82996	0.82997			6
2024.12.02	01:31:58.986	0.82997	0.82998			6
2024.12.02	01:32:00.075	0.82997				2
2024.12.02	01:32:00.485	0.82995	0.82997			6
2024.12.02	01:32:02.395	0.82996				2
2024.12.02	01:32:02.708	0.82992				2
2024.12.02	01:32:03.826	0.82993	0.82994			6
2024.12.02	01:32:05.306	0.82988	0.82989			6
2024.12.02	01:32:05.608	0.82989	0.82990			6
2024.12.02	01:32:06.070	0.82993	0.82994			6
2024.12.02	01:32:08.442	0.82991	0.82992			6
2024.12.02	01:32:08.868	0.82993	0.82994			6
2024.12.02	01:32:10.504	0.82992	0.82993			6
2024.12.02	01:32:10.823	0.82989	0.82991			6
2024.12.02	01:32:11.326	0.82988				2
2024.12.02	01:32:11.871		0.82990			4
2024.12.02	01:32:14.049	0.82992	0.82993			6
2024.12.02	01:32:14.437	0.82993	0.82994			6
2024.12.02	01:32:15.670	0.82992	0.82993			6
2024.12.02	01:32:17.506		0.82995			4
2024.12.02	01:32:18.301	0.82993	0.82994			6
2024.12.02	01:32:18.602	0.82992	0.82995			6
2024.12.02	01:32:21.357		0.82994			4
2024.12.02	01:32:21.716		0.82995			4
2024.12.02	01:32:25.235		0.82994			4
2024.12.02	01:32:27.083	0.82993				2
2024.12.02	01:32:34.318	0.82990	0.82991			6
2024.12.02	01:32:35.023	0.82989	0.82990			6
2024.12.02	01:32:39.061	0.82990	0.82991			6
2024.12.02	01:32:42.420	0.82989	0.82990			6
2024.12.02	01:32:43.886	0.82990	0.82991			6
2024.12.02	01:32:44.693	0.82989	0.82992			6
2024.12.02	01:32:45.063	0.82990	0.82991			6
2024.12.02	01:32:46.717	0.82989	0.82992			6
2024.12.02	01:32:47.445	0.82990	0.82991			6
2024.12.02	01:32:48.713	0.82991	0.82992			6
2024.12.02	01:32:49.983	0.82993	0.82994			6
2024.12.02	01:32:52.407	0.82994	0.82995			6
2024.12.02	01:32:59.776	0.82991	0.82992			6
2024.12.02	01:33:00.084	0.82991				2
2024.12.02	01:33:00.838	0.82990	0.82991			6
2024.12.02	01:33:01.420	0.82991	0.82992			6
2024.12.02	01:33:01.726	0.82990	0.82991			6
2024.12.02	01:33:02.376	0.82991	0.82992			6
2024.12.02	01:33:03.051	0.82993	0.82994			6
2024.12.02	01:33:04.889	0.82994	0.82995			6
2024.12.02	01:33:09.462	0.82995	0.82996			6
2024.12.02	01:33:10.479	0.82996	0.82997			6
2024.12.02	01:33:15.121	0.82992				2
2024.12.02	01:33:15.424	0.82994	0.82995			6
2024.12.02	01:33:15.740	0.82993	0.82994			6
2024.12.02	01:33:18.890	0.82995	0.82996			6
2024.12.02	01:33:19.212	0.82996	0.82997			6
2024.12.02	01:33:20.346	0.82997	0.82998			6
2024.12.02	01:33:20.905	0.82995				2
2024.12.02	01:33:24.736	0.83001	0.83002			6
2024.12.02	01:33:25.376	0.82999	0.83000			6
2024.12.02	01:33:26.902	0.83000	0.83001			6
2024.12.02	01:33:29.556	0.83003	0.83004			6
2024.12.02	01:33:31.717	0.83004	0.83005			6
2024.12.02	01:33:34.479	0.83002	0.83003			6
2024.12.02	01:33:35.534	0.83001	0.83002			6
2024.12.02	01:33:38.333	0.83000	0.83001			6
2024.12.02	01:33:49.928	0.83001	0.83002			6
2024.12.02	01:33:50.409	0.83002	0.83003			6
2024.12.02	01:33:51.697	0.83003	0.83004			6
2024.12.02	01:33:55.879	0.83004	0.83005			6
2024.12.02	01:34:01.443	0.83004				2
2024.12.02	01:34:07.422	0.83007	0.83008			6
2024.12.02	01:34:11.514	0.83008	0.83009			6
2024.12.02	01:34:13.072	0.83007	0.83008			6
2024.12.02	01:34:15.882	0.83008	0.83009			6
2024.12.02	01:34:21.329	0.83005	0.83006			6
2024.12.02	01:34:22.024	0.83006	0.83007			6
2024.12.02	01:34:25.506	0.83005	0.83006			6
2024.12.02	01:34:28.170	0.83007	0.83008			6
2024.12.02	01:34:28.484	0.83008	0.83009			6
2024.12.02	01:34:29.143	0.83009	0.83010			6
2024.12.02	01:34:37.437	0.83010	0.83011			6
2024.12.02	01:34:37.805	0.83011	0.83012			6
2024.12.02	01:34:38.110	0.83010	0.83011			6
2024.12.02	01:34:39.538	0.83011	0.83012			6
2024.12.02	01:34:46.387	0.83009	0.83010			6
2024.12.02	01:34:57.388	0.83008	0.83009			6
2024.12.02	01:34:57.992	0.83007	0.83008			6
2024.12.02	01:34:59.452	0.83008	0.83009			6
2024.12.02	01:34:59.773	0.83009	0.83010			6
2024.12.02	01:35:00.077	0.83009				2
2024.12.02	01:35:01.692	0.83004	0.83005			6
2024.12.02	01:35:07.657	0.83005	0.83006			6
2024.12.02	01:35:22.796	0.83009	0.83010			6
2024.12.02	01:35:24.204	0.83007	0.83008			6
2024.12.02	01:35:24.517	0.83006	0.83007			6
2024.12.02	01:35:25.726	0.83005	0.83006			6
2024.12.02	01:35:27.099	0.83006	0.83007			6
2024.12.02	01:35:29.003	0.83005	0.83006			6
2024.12.02	01:35:43.164	0.83006	0.83007			6
2024.12.02	01:35:46.255	0.83007	0.83008			6
2024.12.02	01:35:49.935	0.83006	0.83007			6
2024.12.02	01:35:52.166	0.83005	0.83006			6
2024.12.02	01:35:54.733	0.83004	0.83005			6
2024.12.02	01:35:57.721	0.83003	0.83004			6
2024.12.02	01:35:58.678	0.83002	0.83003			6
2024.12.02	01:35:59.747	0.83001	0.83002			6
2024.12.02	01:36:00.063	0.83000	0.83001			6
2024.12.02	01:36:02.508	0.83002	0.83003			6
2024.12.02	01:36:02.869	0.83003	0.83004			6
2024.12.02	01:36:06.241	0.83004	0.83005			6
2024.12.02	01:36:11.094	0.83003	0.83004			6
2024.12.02	01:36:15.119	0.83004	0.83005			6
2024.12.02	01:36:26.275	0.83005	0.83006			6
2024.12.02	01:36:29.516	0.83006	0.83007			6
2024.12.02	01:36:33.047	0.83007	0.83008			6
2024.12.02	01:36:34.149	0.83008	0.83009			6
2024.12.02	01:36:39.355	0.83009	0.83010			6
2024.12.02	01:36:39.667	0.83008	0.83009			6
2024.12.02	01:36:45.043	0.83009	0.83010			6
2024.12.02	01:36:48.773	0.83010	0.83011			6
2024.12.02	01:36:56.272	0.83008	0.83009			6
2024.12.02	01:36:57.322	0.83007	0.83008			6
2024.12.02	01:36:57.684	0.83006	0.83007			6
2024.12.02	01:37:00.358	0.83006				2
2024.12.02	01:37:02.749	0.83007	0.83008			6
2024.12.02	01:37:11.342	0.83005	0.83006			6
2024.12.02	01:37:19.327	0.83004				2
2024.12.02	01:37:30.222	0.83005				2
2024.12.02	01:37:35.382	0.83006	0.83007			6
2024.12.02	01:37:40.070	0.83005	0.83006			6
2024.12.02	01:37:41.223	0.83006	0.83007			6
2024.12.02	01:37:43.124	0.83003	0.83004			6
2024.12.02	01:37:48.343	0.83004	0.83005			6
2024.12.02	01:37:48.660	0.83003	0.83004			6
2024.12.02	01:37:50.343	0.83002	0.83003			6
2024.12.02	01:37:55.254	0.83003	0.83004			6
2024.12.02	01:37:55.882	0.83002	0.83003			6
2024.12.02	01:37:58.346	0.83003	0.83004			6
2024.12.02	01:38:00.524	0.83003				2
2024.12.02	01:38:10.050	0.83004	0.83005			6
2024.12.02	01:38:11.007	0.83005	0.83006			6
2024.12.02	01:38:13.999	0.83006	0.83007			6
2024.12.02	01:38:15.114	0.83008	0.83009			6
2024.12.02	01:38:16.104	0.83007	0.83008			6
2024.12.02	01:38:21.270	0.83008	0.83009			6
2024.12.02	01:38:21.587	0.83009	0.83010			6
2024.12.02	01:38:22.292	0.83008	0.83009			6
2024.12.02	01:38:29.622	0.83009	0.83010			6
2024.12.02	01:38:44.390	0.83010	0.83011			6
2024.12.02	01:38:53.702	0.83009	0.83010			6
2024.12.02	01:39:00.686	0.83009				2
2024.12.02	01:39:07.421	0.83010	0.83011			6
2024.12.02	01:39:13.334	0.83012	0.83013			6
2024.12.02	01:39:13.971	0.83013	0.83014			6
2024.12.02	01:39:17.413	0.83012	0.83013			6
