<DATE>	<TIME>	<BID>	<ASK>	<LAST>	<VOLUME>	<FLAGS>
2024.12.31	00:00:00.295	0.82814	0.83018			6
2024.12.31	00:00:00.967	0.82840	0.83044			6
2024.12.31	00:00:10.357	0.82848	0.83052			6
2024.12.31	00:01:00.031	0.82848				2
2024.12.31	00:01:03.112	0.82840	0.83044			6
2024.12.31	00:01:04.928	0.82841	0.83045			6
2024.12.31	00:01:05.233	0.82846	0.83050			6
2024.12.31	00:01:05.836	0.82848	0.83052			6
2024.12.31	00:01:06.746	0.82841	0.83045			6
2024.12.31	00:01:07.351	0.82848	0.83052			6
2024.12.31	00:01:10.380	0.82856	0.83060			6
2024.12.31	00:02:00.054	0.82856				2
2024.12.31	00:02:05.204	0.82852	0.83056			6
2024.12.31	00:03:00.027	0.82852				2
2024.12.31	00:03:01.542	0.82784	0.82988			6
2024.12.31	00:04:00.001	0.82784				2
2024.12.31	00:04:00.304	0.82786	0.82990			6
2024.12.31	00:04:08.786	0.82790	0.82994			6
2024.12.31	00:05:00.128	0.82790				2
2024.12.31	00:05:00.431	0.82854	0.83058			6
2024.12.31	00:05:01.643	0.82858	0.83062			6
2024.12.31	00:05:02.249	0.82852	0.83056			6
2024.12.31	00:05:09.820	0.82819	0.82976			6
2024.12.31	00:05:15.273	0.82818	0.82975			6
2024.12.31	00:05:23.755	0.82799	0.83001			6
2024.12.31	00:05:30.414	0.82814				2
2024.12.31	00:05:30.762	0.82812	0.82968			6
2024.12.31	00:05:31.076	0.82814	0.82970			6
2024.12.31	00:05:31.379	0.82796	0.82973			6
2024.12.31	00:05:32.361	0.82798				2
2024.12.31	00:05:32.708	0.82796				2
2024.12.31	00:05:41.353		0.82972			4
2024.12.31	00:05:42.355	0.82797				2
2024.12.31	00:05:43.037	0.82796				2
2024.12.31	00:05:43.545	0.82797				2
2024.12.31	00:05:48.148	0.82796				2
2024.12.31	00:05:48.797		0.82975			4
2024.12.31	00:05:51.811		0.82972			4
2024.12.31	00:05:52.804		0.82974			4
2024.12.31	00:05:54.803		0.82971			4
2024.12.31	00:06:00.524	0.82796				2
2024.12.31	00:06:01.394	0.82809				2
2024.12.31	00:06:04.467	0.82812				2
2024.12.31	00:06:07.824		0.82977			4
2024.12.31	00:06:08.229		0.82983			4
2024.12.31	00:06:08.608		0.82989			4
2024.12.31	00:06:09.090		0.82992			4
2024.12.31	00:06:09.461		0.82995			4
2024.12.31	00:06:09.781		0.82998			4
2024.12.31	00:06:10.102		0.83001			4
2024.12.31	00:06:10.726		0.82996			4
2024.12.31	00:06:11.407	0.82808				2
2024.12.31	00:06:16.701	0.82802	0.83000			6
2024.12.31	00:06:17.131	0.82799				2
2024.12.31	00:06:17.533	0.82796				2
2024.12.31	00:06:17.929	0.82793				2
2024.12.31	00:06:18.331	0.82787				2
2024.12.31	00:06:18.732	0.82784				2
2024.12.31	00:06:19.136	0.82783				2
2024.12.31	00:06:20.250	0.82785				2
2024.12.31	00:06:21.480	0.82794				2
2024.12.31	00:06:22.367	0.82795				2
2024.12.31	00:06:23.496		0.82996			4
2024.12.31	00:06:24.487		0.82986			4
2024.12.31	00:06:24.843	0.82800				2
2024.12.31	00:06:26.649	0.82806	0.82982			6
2024.12.31	00:06:27.343		0.82985			4
2024.12.31	00:06:27.747		0.82988			4
2024.12.31	00:06:28.261	0.82810				2
2024.12.31	00:06:28.748	0.82808	0.82991			6
2024.12.31	00:06:29.134	0.82810	0.83000			6
2024.12.31	00:06:29.749		0.83003			4
2024.12.31	00:06:30.134	0.82808	0.83007			6
2024.12.31	00:06:31.350	0.82806	0.82996			6
2024.12.31	00:06:32.362	0.82808				2
2024.12.31	00:06:35.342		0.82987			4
2024.12.31	00:06:36.050	0.82809				2
2024.12.31	00:06:40.362	0.82811				2
2024.12.31	00:06:41.342	0.82812	0.82977			6
2024.12.31	00:06:42.151	0.82811				2
2024.12.31	00:06:45.630	0.82810				2
2024.12.31	00:06:50.939	0.82811				2
2024.12.31	00:06:51.591	0.82813				2
2024.12.31	00:06:53.876		0.82980			4
2024.12.31	00:06:54.353		0.82986			4
2024.12.31	00:06:54.747		0.82992			4
2024.12.31	00:06:55.149		0.82995			4
2024.12.31	00:06:55.546		0.82998			4
2024.12.31	00:06:55.875		0.83002			4
2024.12.31	00:06:56.291	0.82814				2
2024.12.31	00:06:59.876		0.82994			4
2024.12.31	00:07:00.373	0.82813				2
2024.12.31	00:07:00.704	0.82815				2
2024.12.31	00:07:01.607	0.82814				2
2024.12.31	00:07:02.685	0.82815				2
2024.12.31	00:07:07.475	0.82814				2
2024.12.31	00:07:10.183	0.82815	0.82990			6
2024.12.31	00:07:11.674	0.82816				2
2024.12.31	00:07:16.607	0.82818				2
2024.12.31	00:07:17.291	0.82817				2
2024.12.31	00:07:20.473		0.82988			4
2024.12.31	00:07:21.570	0.82816				2
2024.12.31	00:07:26.694		0.82980			4
2024.12.31	00:07:27.353		0.82989			4
2024.12.31	00:07:27.960		0.82992			4
2024.12.31	00:07:28.361		0.82993			4
2024.12.31	00:07:31.760	0.82815				2
2024.12.31	00:07:36.877		0.82996			4
2024.12.31	00:07:37.578		0.82999			4
2024.12.31	00:07:41.795	0.82816				2
2024.12.31	00:07:51.837	0.82815				2
2024.12.31	00:07:52.376	0.82817				2
2024.12.31	00:07:52.866	0.82818				2
2024.12.31	00:07:58.940		0.83003			4
2024.12.31	00:08:00.916	0.82818	0.82998			6
2024.12.31	00:08:01.354		0.83000			4
2024.12.31	00:08:01.789	0.82819	0.82997			6
2024.12.31	00:08:02.947		0.82999			4
2024.12.31	00:08:03.381	0.82817				2
2024.12.31	00:08:04.951		0.82994			4
2024.12.31	00:08:08.141	0.82818				2
2024.12.31	00:08:11.877	0.82821				2
2024.12.31	00:08:12.301	0.82817				2
2024.12.31	00:08:13.400	0.82816				2
2024.12.31	00:08:15.483		0.82990			4
2024.12.31	00:08:16.657	0.82814				2
2024.12.31	00:08:16.988	0.82816				2
2024.12.31	00:08:21.962	0.82815				2
2024.12.31	00:08:23.872	0.82817				2
2024.12.31	00:08:25.476		0.82988			4
2024.12.31	00:08:28.917	0.82815				2
2024.12.31	00:08:30.030		0.82991			4
2024.12.31	00:08:30.388		0.82992			4
2024.12.31	00:08:31.991	0.82816				2
2024.12.31	00:08:32.391	0.82818				2
2024.12.31	00:08:33.949	0.82819				2
2024.12.31	00:08:39.224	0.82818				2
2024.12.31	00:08:40.477		0.82988			4
2024.12.31	00:08:42.036	0.82815				2
2024.12.31	00:08:42.353	0.82809				2
2024.12.31	00:08:42.997	0.82806				2
2024.12.31	00:08:43.405	0.82804				2
2024.12.31	00:08:44.541	0.82806				2
2024.12.31	00:08:49.569	0.82805				2
2024.12.31	00:08:50.661	0.82816				2
2024.12.31	00:08:52.105	0.82810	0.82985			6
2024.12.31	00:08:52.597	0.82804				2
2024.12.31	00:08:53.005	0.82801				2
2024.12.31	00:08:53.399	0.82798				2
2024.12.31	00:08:53.802	0.82795				2
2024.12.31	00:08:54.115	0.82789				2
2024.12.31	00:08:56.835	0.82787	0.82980			6
2024.12.31	00:08:57.175		0.82985			4
2024.12.31	00:08:58.355		0.82988			4
2024.12.31	00:08:59.001		0.82990			4
2024.12.31	00:09:00.844	0.82811				2
2024.12.31	00:09:02.101	0.82806				2
2024.12.31	00:09:02.469	0.82805				2
2024.12.31	00:09:10.365	0.82806	0.82982			6
2024.12.31	00:09:10.711	0.82808				2
2024.12.31	00:09:12.143	0.82803	0.82987			6
2024.12.31	00:09:12.606		0.82981			4
2024.12.31	00:09:20.521	0.82819				2
2024.12.31	00:09:21.021	0.82820				2
2024.12.31	00:09:21.411		0.82984			4
2024.12.31	00:09:22.181	0.82824				2
2024.12.31	00:09:24.677	0.82832				2
2024.12.31	00:09:30.734	0.82839				2
2024.12.31	00:09:32.221	0.82833				2
2024.12.31	00:09:32.523	0.82838				2
2024.12.31	00:09:35.476		0.82980			4
2024.12.31	00:09:41.992	0.82815	0.83027			6
2024.12.31	00:09:42.308	0.82839	0.82984			6
2024.12.31	00:09:42.825	0.82840				2
2024.12.31	00:09:52.325	0.82831	0.82990			6
2024.12.31	00:09:52.828		0.82991			4
2024.12.31	00:09:55.787	0.82819	0.82984			6
2024.12.31	00:09:56.231	0.82813				2
2024.12.31	00:09:56.540	0.82807				2
2024.12.31	00:09:57.227	0.82804				2
2024.12.31	00:10:00.351	0.82848				2
2024.12.31	00:10:08.913	0.82849				2
2024.12.31	00:10:11.022	0.82853	0.82946			6
2024.12.31	00:10:11.929		0.82944			4
2024.12.31	00:10:12.232	0.82856	0.82943			6
2024.12.31	00:10:22.532	0.82858	0.82944			6
2024.12.31	00:10:42.523	0.82860	0.82946			6
2024.12.31	00:10:52.519	0.82857	0.82944			6
2024.12.31	00:10:53.125		0.82945			4
2024.12.31	00:10:56.154	0.82858	0.82944			6
2024.12.31	00:10:58.273	0.82857				2
2024.12.31	00:10:59.183	0.82851	0.82994			6
2024.12.31	00:11:02.011	0.82851				2
2024.12.31	00:11:02.600		0.82995			4
2024.12.31	00:11:03.024	0.82857	0.82944			6
2024.12.31	00:11:03.627	0.82859	0.82945			6
2024.12.31	00:11:03.929	0.82851	0.82995			6
2024.12.31	00:11:04.249		0.83001			4
2024.12.31	00:11:05.251		0.82995			4
2024.12.31	00:11:07.889	0.82859	0.82945			6
2024.12.31	00:11:08.806	0.82851	0.82995			6
2024.12.31	00:11:12.645	0.82859	0.82945			6
2024.12.31	00:11:13.269	0.82857	0.82944			6
2024.12.31	00:11:13.570	0.82851	0.82995			6
2024.12.31	00:11:26.384		0.82998			4
2024.12.31	00:11:27.074		0.82996			4
2024.12.31	00:11:32.745	0.82856	0.83078			6
2024.12.31	00:11:42.780	0.82855	0.82991			6
2024.12.31	00:11:43.377		0.82997			4
2024.12.31	00:11:44.358	0.82850				2
2024.12.31	00:11:45.793	0.82851				2
2024.12.31	00:11:47.185	0.82856				2
2024.12.31	00:11:50.012	0.82857				2
2024.12.31	00:11:52.715	0.82852				2
2024.12.31	00:11:59.896	0.82856				2
2024.12.31	00:12:01.248	0.82856				2
2024.12.31	00:12:04.113	0.82857				2
2024.12.31	00:12:09.518		0.82991			4
2024.12.31	00:12:10.380		0.82994			4
2024.12.31	00:12:10.687	0.82859	0.83075			6
2024.12.31	00:12:12.919	0.82853	0.83076			6
2024.12.31	00:12:17.161	0.82844	0.82997			6
2024.12.31	00:12:17.615	0.82843				2
2024.12.31	00:12:22.712	0.82839	0.82996			6
2024.12.31	00:12:23.382		0.82993			4
2024.12.31	00:12:24.172	0.82838				2
2024.12.31	00:12:24.525	0.82844				2
2024.12.31	00:12:26.015	0.82843				2
2024.12.31	00:12:32.193	0.82841				2
2024.12.31	00:12:33.008	0.82844	0.82981			6
2024.12.31	00:12:34.052	0.82845				2
2024.12.31	00:12:43.040	0.82850	0.83030			6
2024.12.31	00:12:43.412	0.82849				2
2024.12.31	00:12:45.213	0.82850				2
2024.12.31	00:12:48.515		0.83022			4
2024.12.31	00:12:49.632	0.82845	0.82984			6
2024.12.31	00:12:50.310	0.82844				2
2024.12.31	00:12:53.107	0.82842				2
2024.12.31	00:12:53.613	0.82843				2
2024.12.31	00:12:54.354	0.82844				2
2024.12.31	00:12:58.036		0.82983			4
2024.12.31	00:13:00.276	0.82844				2
2024.12.31	00:13:01.176	0.82845				2
2024.12.31	00:13:02.532	0.82844				2
2024.12.31	00:13:03.517	0.82839				2
2024.12.31	00:13:04.182	0.82844				2
2024.12.31	00:13:07.201	0.82841				2
2024.12.31	00:13:08.188	0.82845				2
2024.12.31	00:13:13.118	0.82840				2
2024.12.31	00:13:15.179	0.82839				2
2024.12.31	00:13:23.207	0.82848	0.83033			6
2024.12.31	00:13:23.619	0.82849				2
2024.12.31	00:13:24.095	0.82843	0.82983			6
2024.12.31	00:13:31.931	0.82838				2
2024.12.31	00:13:32.661	0.82847				2
2024.12.31	00:13:32.964	0.82842				2
2024.12.31	00:13:33.286	0.82839				2
2024.12.31	00:13:34.717	0.82840				2
2024.12.31	00:13:37.969	0.82839				2
2024.12.31	00:13:43.288	0.82838				2
2024.12.31	00:13:44.438	0.82839				2
2024.12.31	00:13:44.921	0.82838				2
2024.12.31	00:13:45.517	0.82839				2
2024.12.31	00:13:53.335	0.82838				2
2024.12.31	00:14:00.786	0.82838				2
2024.12.31	00:14:03.377	0.82844				2
2024.12.31	00:14:03.900	0.82839				2
2024.12.31	00:14:04.402	0.82843				2
2024.12.31	00:14:13.435	0.82844				2
2024.12.31	00:14:16.677	0.82851	0.83075			6
2024.12.31	00:14:23.485	0.82843	0.82983			6
2024.12.31	00:14:34.219	0.82834				2
2024.12.31	00:14:34.720	0.82839				2
2024.12.31	00:14:37.164	0.82834				2
2024.12.31	00:14:38.224	0.82839				2
2024.12.31	00:14:43.594	0.82843				2
2024.12.31	00:14:45.821	0.82842				2
2024.12.31	00:14:53.628	0.82848	0.83033			6
2024.12.31	00:14:56.836		0.83071			4
2024.12.31	00:14:58.413	0.82849				2
2024.12.31	00:14:59.124	0.82842	0.82983			6
2024.12.31	00:15:00.641	0.82842				2
2024.12.31	00:15:03.528	0.82838				2
2024.12.31	00:15:05.612	0.82839				2
2024.12.31	00:15:07.167	0.82843				2
2024.12.31	00:15:11.184	0.82844				2
2024.12.31	00:15:14.251	0.82839				2
2024.12.31	00:15:15.395	0.82843				2
2024.12.31	00:15:16.187	0.82839				2
2024.12.31	00:15:16.826	0.82843				2
2024.12.31	00:15:17.916	0.82840				2
2024.12.31	00:15:20.021	0.82844				2
2024.12.31	00:15:23.170	0.82842				2
2024.12.31	00:15:23.762	0.82844	0.82946			6
2024.12.31	00:15:24.190	0.82845	0.82947			6
2024.12.31	00:15:35.015	0.82844				2
2024.12.31	00:15:35.398		0.82946			4
2024.12.31	00:15:43.855	0.82843	0.82944			6
2024.12.31	00:15:44.753	0.82838	0.82940			6
2024.12.31	00:15:50.153	0.82843	0.82945			6
2024.12.31	00:15:52.113	0.82842	0.82944			6
2024.12.31	00:15:53.882	0.82837	0.82939			6
2024.12.31	00:15:55.471	0.82838	0.82940			6
2024.12.31	00:15:57.194	0.82839	0.82941			6
2024.12.31	00:16:03.929	0.82843	0.82945			6
2024.12.31	00:16:04.575	0.82839	0.82941			6
2024.12.31	00:16:05.230	0.82843	0.82945			6
2024.12.31	00:16:07.967	0.82844	0.82946			6
2024.12.31	00:16:09.491	0.82840	0.82943			6
2024.12.31	00:16:11.231	0.82844	0.82946			6
2024.12.31	00:16:13.953	0.82838	0.82940			6
2024.12.31	00:16:20.670	0.82843	0.82945			6
2024.12.31	00:16:24.010	0.82839	0.82941			6
2024.12.31	00:16:25.019	0.82843	0.82945			6
2024.12.31	00:16:27.234	0.82844	0.82946			6
2024.12.31	00:16:28.181		0.82945			4
2024.12.31	00:16:28.609		0.82946			4
2024.12.31	00:16:34.068	0.82845	0.82947			6
2024.12.31	00:16:44.082	0.82850	0.83036			6
2024.12.31	00:16:44.862	0.82843	0.82946			6
2024.12.31	00:16:47.010		0.82945			4
2024.12.31	00:16:56.318		0.82944			4
2024.12.31	00:17:00.418	0.82843	0.82945			6
2024.12.31	00:17:04.137	0.82844	0.82946			6
2024.12.31	00:17:04.649	0.82849	0.82949			6
2024.12.31	00:17:05.228		0.82951			4
2024.12.31	00:17:07.162	0.82843	0.82945			6
2024.12.31	00:17:08.173	0.82839	0.82941			6
2024.12.31	00:17:11.557	0.82844	0.82946			6
2024.12.31	00:17:14.011		0.82945			4
2024.12.31	00:17:20.194	0.82855	0.83079			6
2024.12.31	00:17:22.883	0.82847	0.82949			6
2024.12.31	00:17:23.887	0.82843	0.82940			6
2024.12.31	00:17:24.216		0.82945			4
2024.12.31	00:17:34.249	0.82845	0.83038			6
2024.12.31	00:17:36.211	0.82851	0.83039			6
2024.12.31	00:17:36.854	0.82843	0.82944			6
2024.12.31	00:17:37.712	0.82842				2
2024.12.31	00:17:38.620	0.82841	0.82943			6
2024.12.31	00:17:42.214	0.82842				2
2024.12.31	00:17:44.202	0.82838	0.82939			6
2024.12.31	00:17:47.924		0.82940			4
2024.12.31	00:17:49.193	0.82839				2
2024.12.31	00:17:50.868	0.82838	0.82939			6
2024.12.31	00:17:52.119	0.82842	0.82942			6
2024.12.31	00:17:52.450		0.82944			4
2024.12.31	00:17:55.041	0.82837	0.82939			6
2024.12.31	00:17:55.842	0.82842	0.82943			6
2024.12.31	00:17:56.252		0.82944			4
2024.12.31	00:17:58.112	0.82843				2
2024.12.31	00:17:59.616	0.82842				2
2024.12.31	00:18:01.421	0.82842				2
2024.12.31	00:18:04.255	0.82838	0.82940			6
2024.12.31	00:18:04.721	0.82837	0.82939			6
2024.12.31	00:18:14.363	0.82842	0.82944			6
2024.12.31	00:18:15.211	0.82843				2
2024.12.31	00:18:16.444	0.82842				2
2024.12.31	00:18:26.612	0.82843				2
2024.12.31	00:18:32.201		0.82945			4
2024.12.31	00:18:35.913	0.82842	0.82944			6
2024.12.31	00:18:44.455	0.82843	0.82945			6
2024.12.31	00:18:46.851	0.82842	0.82944			6
2024.12.31	00:18:51.211	0.82843	0.82945			6
2024.12.31	00:18:52.986		0.82943			4
2024.12.31	00:18:53.476		0.82944			4
2024.12.31	00:18:54.221	0.82849	0.83039			6
2024.12.31	00:18:54.525	0.82843	0.82945			6
2024.12.31	00:18:56.111		0.82944			4
2024.12.31	00:19:04.351	0.82843	0.82945			6
2024.12.31	00:19:14.506	0.82847	0.83026			6
2024.12.31	00:19:15.571	0.82846				2
2024.12.31	00:19:20.600		0.83018			4
2024.12.31	00:19:20.907	0.82842	0.82943			6
2024.12.31	00:19:24.531	0.82841	0.83064			6
2024.12.31	00:19:25.717	0.82840				2
2024.12.31	00:19:30.444	0.82848				2
2024.12.31	00:19:34.565	0.82838	0.82939			6
2024.12.31	00:19:34.888	0.82837				2
2024.12.31	00:19:38.324	0.82842	0.82942			6
2024.12.31	00:19:38.749		0.82944			4
2024.12.31	00:19:46.205	0.82843	0.82945			6
2024.12.31	00:19:48.216		0.82944			4
2024.12.31	00:19:54.638	0.82848	0.83031			6
2024.12.31	00:19:56.014	0.82847				2
2024.12.31	00:19:59.118	0.82850	0.83024			6
2024.12.31	00:20:01.111	0.82850				2
2024.12.31	00:20:04.665	0.82851	0.83026			6
2024.12.31	00:20:16.730	0.82850				2
2024.12.31	00:20:24.719	0.82843	0.82944			6
2024.12.31	00:20:34.768		0.82943			4
2024.12.31	00:20:36.448		0.82942			4
2024.12.31	00:20:36.773		0.82944			4
2024.12.31	00:20:38.200		0.82943			4
2024.12.31	00:20:40.412		0.82944			4
2024.12.31	00:20:41.434	0.82845	0.82945			6
2024.12.31	00:20:44.019	0.82844				2
2024.12.31	00:20:44.784	0.82852	0.83036			6
2024.12.31	00:20:54.816	0.82848	0.83034			6
2024.12.31	00:20:56.913	0.82849				2
2024.12.31	00:21:01.788	0.82849				2
2024.12.31	00:21:04.852	0.82840	0.82940			6
2024.12.31	00:21:06.815		0.82939			4
2024.12.31	00:21:14.876	0.82839				2
2024.12.31	00:21:16.212		0.82938			4
2024.12.31	00:21:18.221		0.82939			4
2024.12.31	00:21:24.911	0.82850	0.83072			6
2024.12.31	00:21:34.928	0.82851	0.83075			6
2024.12.31	00:21:39.035		0.83074			4
2024.12.31	00:21:44.974	0.82841	0.82943			6
2024.12.31	00:21:45.286	0.82843				2
2024.12.31	00:21:46.248	0.82844				2
2024.12.31	00:21:55.020	0.82843				2
2024.12.31	00:21:56.215		0.82942			4
2024.12.31	00:22:01.215	0.82843				2
2024.12.31	00:22:05.060	0.82848	0.83039			6
2024.12.31	00:22:06.117	0.82850	0.83073			6
2024.12.31	00:22:10.817	0.82840	0.82939			6
2024.12.31	00:22:13.115	0.82841	0.82940			6
2024.12.31	00:22:17.015		0.82939			4
2024.12.31	00:22:25.131		0.82940			4
2024.12.31	00:22:32.318		0.82939			4
2024.12.31	00:22:33.611	0.82840				2
2024.12.31	00:22:35.159	0.82836	0.82934			6
2024.12.31	00:22:35.467	0.82840	0.82937			6
2024.12.31	00:22:35.773		0.82938			4
2024.12.31	00:22:39.911	0.82842	0.82940			6
2024.12.31	00:22:44.592		0.82941			4
2024.12.31	00:22:45.206	0.82846	0.82944			6
2024.12.31	00:22:45.815	0.82847	0.82945			6
2024.12.31	00:22:46.232	0.82848	0.82946			6
2024.12.31	00:22:47.262	0.82849	0.82947			6
2024.12.31	00:22:48.343	0.82848	0.82946			6
2024.12.31	00:22:49.413	0.82849				2
2024.12.31	00:22:49.785		0.82947			4
2024.12.31	00:22:51.111		0.82946			4
2024.12.31	00:22:54.505	0.82843	0.82941			6
2024.12.31	00:22:55.214	0.82841	0.82939			6
2024.12.31	00:22:57.217		0.82938			4
2024.12.31	00:23:02.299	0.82841				2
2024.12.31	00:23:03.430	0.82845	0.83026			6
2024.12.31	00:23:04.232		0.83025			4
2024.12.31	00:23:05.263		0.83016			4
2024.12.31	00:23:11.780	0.82846				2
2024.12.31	00:23:13.809	0.82845				2
2024.12.31	00:23:15.256	0.82846	0.83040			6
2024.12.31	00:23:15.875	0.82845				2
2024.12.31	00:23:16.234	0.82841				2
2024.12.31	00:23:16.764	0.82846	0.83049			6
2024.12.31	00:23:17.076		0.83035			4
2024.12.31	00:23:17.768	0.82848	0.83049			6
2024.12.31	00:23:18.234		0.83040			4
2024.12.31	00:23:18.776		0.83043			4
2024.12.31	00:23:19.263	0.82841	0.83038			6
2024.12.31	00:23:19.565	0.82837	0.83027			6
2024.12.31	00:23:21.127	0.82848	0.83034			6
2024.12.31	00:23:24.498	0.82846	0.83027			6
2024.12.31	00:23:25.054	0.82845	0.83022			6
2024.12.31	00:23:26.357	0.82840	0.83015			6
2024.12.31	00:23:28.183	0.82847				2
2024.12.31	00:23:28.857	0.82846				2
2024.12.31	00:23:31.381		0.83013			4
2024.12.31	00:23:31.682		0.83001			4
2024.12.31	00:23:32.857	0.82845				2
2024.12.31	00:23:35.391	0.82838				2
2024.12.31	00:23:36.851	0.82837				2
2024.12.31	00:23:38.362	0.82838				2
2024.12.31	00:23:40.125	0.82837				2
2024.12.31	00:23:44.181	0.82840				2
2024.12.31	00:23:45.304	0.82844				2
2024.12.31	00:23:45.791	0.82846				2
2024.12.31	00:23:47.466	0.82849				2
2024.12.31	00:23:52.182	0.82844				2
2024.12.31	00:23:53.241	0.82848				2
2024.12.31	00:23:55.572	0.82844				2
2024.12.31	00:24:00.368	0.82844				2
2024.12.31	00:24:01.113	0.82845				2
2024.12.31	00:24:14.121	0.82846				2
2024.12.31	00:24:14.426	0.82845				2
2024.12.31	00:24:23.917	0.82846				2
2024.12.31	00:24:32.268		0.83001			4
2024.12.31	00:24:48.805	0.82848				2
2024.12.31	00:24:52.414	0.82847				2
2024.12.31	00:24:59.631	0.82845				2
2024.12.31	00:25:00.327	0.82843				2
2024.12.31	00:25:02.226	0.82845				2
2024.12.31	00:25:03.127	0.82844				2
2024.12.31	00:25:06.442	0.82843				2
2024.12.31	00:25:11.861	0.82841				2
2024.12.31	00:25:12.162	0.82836				2
2024.12.31	00:25:12.913	0.82837				2
2024.12.31	00:25:14.620	0.82841				2
2024.12.31	00:25:15.124	0.82844				2
2024.12.31	00:25:17.612	0.82843				2
2024.12.31	00:25:20.109	0.82844				2
2024.12.31	00:25:20.660	0.82836				2
2024.12.31	00:25:21.381	0.82837				2
2024.12.31	00:25:22.786	0.82836				2
2024.12.31	00:25:25.807	0.82839				2
2024.12.31	00:25:26.122	0.82837				2
2024.12.31	00:25:26.478	0.82838				2
2024.12.31	00:25:26.782	0.82836				2
2024.12.31	00:25:30.021	0.82832				2
2024.12.31	00:25:32.843	0.82831	0.83001			6
2024.12.31	00:25:33.219	0.82832				2
2024.12.31	00:25:34.114	0.82836				2
2024.12.31	00:25:36.191	0.82839				2
2024.12.31	00:25:36.870	0.82836				2
2024.12.31	00:25:39.226	0.82837				2
2024.12.31	00:25:41.919	0.82838				2
2024.12.31	00:25:43.473	0.82844				2
2024.12.31	00:25:45.010	0.82849	0.82938			6
2024.12.31	00:25:45.865	0.82834	0.83001			6
2024.12.31	00:25:47.223	0.82835				2
2024.12.31	00:25:48.481	0.82841				2
2024.12.31	00:25:50.117	0.82843				2
2024.12.31	00:25:52.712	0.82844				2
2024.12.31	00:25:54.223	0.82834				2
2024.12.31	00:26:00.189	0.82836				2
2024.12.31	00:26:02.123	0.82837				2
2024.12.31	00:26:08.148	0.82838				2
2024.12.31	00:26:08.808	0.82839				2
2024.12.31	00:26:26.616	0.82838				2
2024.12.31	00:26:28.712	0.82839				2
2024.12.31	00:26:29.600	0.82838				2
2024.12.31	00:26:31.882	0.82839				2
2024.12.31	00:26:45.943		0.83001			4
2024.12.31	00:27:01.919	0.82840				2
2024.12.31	00:27:02.920	0.82842				2
2024.12.31	00:27:08.185	0.82843				2
2024.12.31	00:27:10.113	0.82836				2
2024.12.31	00:27:10.847	0.82832				2
2024.12.31	00:27:15.151	0.82838				2
2024.12.31	00:27:19.139	0.82836				2
2024.12.31	00:27:21.212	0.82837				2
2024.12.31	00:27:21.734	0.82838				2
2024.12.31	00:27:23.918	0.82839				2
2024.12.31	00:27:24.507	0.82840				2
2024.12.31	00:27:27.857	0.82833				2
2024.12.31	00:27:28.877	0.82837				2
2024.12.31	00:27:29.912	0.82838				2
2024.12.31	00:27:31.912	0.82840				2
2024.12.31	00:27:34.159	0.82838				2
2024.12.31	00:27:38.141	0.82839				2
2024.12.31	00:27:43.878	0.82844				2
2024.12.31	00:27:44.241	0.82841				2
2024.12.31	00:27:46.392	0.82842	0.83001			6
2024.12.31	00:27:46.945	0.82841				2
2024.12.31	00:27:47.442	0.82842				2
2024.12.31	00:27:53.346	0.82843				2
2024.12.31	00:27:55.314	0.82835				2
2024.12.31	00:27:58.768	0.82839				2
2024.12.31	00:27:59.820	0.82818	0.83009			6
2024.12.31	00:28:00.333	0.82820	0.83021			6
2024.12.31	00:28:00.881	0.82819				2
2024.12.31	00:28:02.229	0.82820				2
2024.12.31	00:28:02.614	0.82821				2
2024.12.31	00:28:03.238	0.82818	0.83001			6
2024.12.31	00:28:03.817	0.82815				2
2024.12.31	00:28:04.123	0.82817				2
2024.12.31	00:28:05.014	0.82818				2
2024.12.31	00:28:06.374	0.82820				2
2024.12.31	00:28:07.412	0.82821				2
2024.12.31	00:28:08.613	0.82822				2
2024.12.31	00:28:10.125	0.82823				2
2024.12.31	00:28:11.228	0.82824				2
2024.12.31	00:28:12.218	0.82825				2
2024.12.31	00:28:16.115	0.82826				2
2024.12.31	00:28:18.215	0.82827				2
2024.12.31	00:28:20.820	0.82828				2
2024.12.31	00:28:25.711	0.82829				2
2024.12.31	00:28:31.714	0.82834				2
2024.12.31	00:28:58.839	0.82840				2
2024.12.31	00:29:00.517	0.82840				2
2024.12.31	00:29:08.360		0.83001			4
2024.12.31	00:29:16.261	0.82846				2
2024.12.31	00:29:17.834	0.82844				2
2024.12.31	00:29:18.160	0.82845				2
2024.12.31	00:29:22.221	0.82846				2
2024.12.31	00:29:25.410	0.82847				2
2024.12.31	00:29:32.872	0.82850				2
2024.12.31	00:29:46.758	0.82849				2
2024.12.31	00:30:00.306	0.82846				2
2024.12.31	00:30:04.073	0.82847				2
2024.12.31	00:30:06.793	0.82848				2
2024.12.31	00:30:10.393	0.82850	0.83001			6
2024.12.31	00:30:13.254	0.82851				2
2024.12.31	00:30:16.954	0.82853				2
2024.12.31	00:30:17.736	0.82854				2
2024.12.31	00:30:18.810	0.82855				2
2024.12.31	00:30:20.016	0.82856				2
2024.12.31	00:30:29.314	0.82857				2
2024.12.31	00:30:32.690	0.82859				2
2024.12.31	00:30:38.061	0.82861				2
2024.12.31	00:30:44.611	0.82862				2
2024.12.31	00:30:45.175	0.82863				2
2024.12.31	00:30:54.511	0.82864				2
2024.12.31	00:30:55.934	0.82865				2
2024.12.31	00:31:06.860	0.82865				2
2024.12.31	00:31:09.216	0.82866				2
2024.12.31	00:31:10.975	0.82869	0.83001			6
2024.12.31	00:31:11.449	0.82871				2
2024.12.31	00:31:12.618	0.82872				2
2024.12.31	00:31:16.179	0.82873				2
2024.12.31	00:31:23.877	0.82874				2
2024.12.31	00:31:25.114	0.82876				2
2024.12.31	00:31:27.108	0.82877				2
2024.12.31	00:31:31.251	0.82875				2
2024.12.31	00:31:34.525	0.82874				2
2024.12.31	00:31:36.215	0.82875				2
2024.12.31	00:31:36.851	0.82876				2
2024.12.31	00:31:38.013	0.82877				2
2024.12.31	00:31:55.416	0.82878				2
2024.12.31	00:32:01.050	0.82878				2
2024.12.31	00:32:11.556		0.83001			4
2024.12.31	00:32:17.013	0.82879				2
2024.12.31	00:32:31.212	0.82877				2
2024.12.31	00:32:41.611	0.82878				2
2024.12.31	00:33:01.559	0.82878				2
2024.12.31	00:33:02.015	0.82879				2
2024.12.31	00:33:11.560		0.83001			4
2024.12.31	00:33:12.823	0.82880				2
2024.12.31	00:33:16.394	0.82879				2
2024.12.31	00:33:17.789	0.82880				2
2024.12.31	00:33:22.522	0.82883				2
2024.12.31	00:33:26.321	0.82882				2
2024.12.31	00:33:30.404	0.82883				2
2024.12.31	00:33:31.715	0.82884				2
2024.12.31	00:33:32.707	0.82886				2
2024.12.31	00:33:35.611	0.82887				2
2024.12.31	00:33:53.919	0.82888				2
2024.12.31	00:34:01.559	0.82888				2
2024.12.31	00:34:11.140	0.82887				2
2024.12.31	00:34:11.560		0.83001			4
2024.12.31	00:34:14.013	0.82888				2
2024.12.31	00:34:16.406	0.82887				2
2024.12.31	00:34:22.414	0.82888				2
2024.12.31	00:34:26.612	0.82887				2
2024.12.31	00:34:31.242	0.82886				2
2024.12.31	00:34:32.176	0.82888				2
2024.12.31	00:34:32.612	0.82883				2
2024.12.31	00:35:01.556	0.82883				2
2024.12.31	00:35:09.871	0.82885				2
2024.12.31	00:35:12.259	0.82886	0.83001			6
2024.12.31	00:35:16.124	0.82887				2
2024.12.31	00:35:20.338	0.82888				2
2024.12.31	00:35:37.481	0.82890				2
2024.12.31	00:35:38.572	0.82891				2
2024.12.31	00:35:39.538	0.82890				2
2024.12.31	00:35:39.936	0.82891				2
2024.12.31	00:35:40.772	0.82890				2
2024.12.31	00:35:42.065	0.82889				2
2024.12.31	00:35:43.110	0.82890				2
2024.12.31	00:35:47.811	0.82889				2
2024.12.31	00:35:52.837	0.82891				2
2024.12.31	00:35:53.818	0.82889				2
2024.12.31	00:35:54.822	0.82890				2
2024.12.31	00:35:57.823	0.82891				2
2024.12.31	00:36:00.215	0.82891				2
2024.12.31	00:36:05.376	0.82890				2
2024.12.31	00:36:14.667		0.83001			4
2024.12.31	00:36:32.697	0.82891				2
2024.12.31	00:36:33.568	0.82892				2
2024.12.31	00:36:34.117	0.82891				2
2024.12.31	00:36:37.150	0.82892				2
2024.12.31	00:36:39.811	0.82891				2
2024.12.31	00:36:47.917	0.82892				2
2024.12.31	00:36:49.417	0.82893				2
2024.12.31	00:36:58.256	0.82894				2
2024.12.31	00:37:00.374	0.82894				2
2024.12.31	00:37:17.317	0.82893	0.83001			6
2024.12.31	00:37:21.172	0.82892				2
2024.12.31	00:37:21.507	0.82893				2
2024.12.31	00:37:30.816	0.82892				2
2024.12.31	00:37:37.412	0.82893				2
2024.12.31	00:37:45.205	0.82891				2
2024.12.31	00:37:45.652	0.82892				2
2024.12.31	00:37:52.206	0.82893				2
2024.12.31	00:37:53.209	0.82892				2
2024.12.31	00:37:56.315	0.82893				2
2024.12.31	00:37:59.266	0.82892				2
2024.12.31	00:38:01.557	0.82892				2
2024.12.31	00:38:02.316	0.82893				2
2024.12.31	00:38:19.111	0.82894	0.83001			6
2024.12.31	00:38:20.014	0.82892				2
2024.12.31	00:38:21.510	0.82890				2
2024.12.31	00:38:39.518	0.82889				2
2024.12.31	00:38:51.215	0.82888				2
2024.12.31	00:39:07.332	0.82888				2
2024.12.31	00:39:09.521	0.82889				2
2024.12.31	00:39:19.413		0.83001			4
2024.12.31	00:39:24.928	0.82888				2
2024.12.31	00:39:26.394	0.82889				2
2024.12.31	00:39:32.692	0.82885				2
2024.12.31	00:39:33.893	0.82887				2
2024.12.31	00:39:37.419	0.82886				2
2024.12.31	00:39:40.190	0.82885				2
2024.12.31	00:39:44.188	0.82884	0.82980			6
2024.12.31	00:39:47.688	0.82885				2
2024.12.31	00:40:03.533	0.82885				2
2024.12.31	00:40:21.087	0.82886				2
2024.12.31	00:40:34.342	0.82888				2
2024.12.31	00:40:39.487		0.82984			4
2024.12.31	00:40:42.785	0.82887				2
2024.12.31	00:40:53.617	0.82886				2
2024.12.31	00:40:58.815	0.82887				2
2024.12.31	00:41:01.556	0.82887				2
2024.12.31	00:41:34.474		0.82983			4
2024.12.31	00:41:51.912	0.82886				2
2024.12.31	00:41:57.349	0.82888				2
2024.12.31	00:42:02.917	0.82888				2
2024.12.31	00:42:29.479		0.82985			4
2024.12.31	00:42:30.061		0.82977			4
2024.12.31	00:42:33.818	0.82889				2
2024.12.31	00:42:35.315	0.82888				2
2024.12.31	00:42:48.762	0.82887				2
2024.12.31	00:42:51.588	0.82888				2
2024.12.31	00:42:58.513	0.82889	0.82986			6
2024.12.31	00:43:02.916	0.82889				2
2024.12.31	00:43:03.565	0.82888				2
2024.12.31	00:43:06.459	0.82887				2
2024.12.31	00:43:09.582	0.82888				2
2024.12.31	00:43:11.981	0.82887				2
2024.12.31	00:43:14.615	0.82886				2
2024.12.31	00:43:19.565	0.82887				2
2024.12.31	00:43:31.411	0.82888				2
2024.12.31	00:43:53.752		0.82979			4
2024.12.31	00:44:09.196	0.82888				2
2024.12.31	00:44:12.403	0.82887				2
2024.12.31	00:44:15.081	0.82888				2
2024.12.31	00:44:19.796	0.82887				2
2024.12.31	00:44:40.021	0.82888				2
2024.12.31	00:44:51.516	0.82887				2
2024.12.31	00:44:54.796	0.82888	0.82979			6
2024.12.31	00:44:56.361	0.82887				2
2024.12.31	00:45:01.706	0.82887				2
2024.12.31	00:45:02.121	0.82880	0.82940			6
2024.12.31	00:45:03.970	0.82887	0.82979			6
2024.12.31	00:45:08.351	0.82899	0.82967			6
2024.12.31	00:45:16.873	0.82898				2
2024.12.31	00:45:17.194	0.82899				2
2024.12.31	00:45:17.877	0.82900				2
2024.12.31	00:45:19.941	0.82901				2
2024.12.31	00:45:29.936	0.82900				2
2024.12.31	00:45:32.339	0.82899				2
2024.12.31	00:45:32.675	0.82900				2
2024.12.31	00:45:33.364	0.82901				2
2024.12.31	00:45:46.576	0.82902				2
2024.12.31	00:45:54.112	0.82901				2
2024.12.31	00:45:54.874	0.82902				2
2024.12.31	00:45:56.613	0.82901				2
2024.12.31	00:46:01.264	0.82901				2
2024.12.31	00:46:01.719	0.82900				2
2024.12.31	00:46:09.586		0.82967			4
2024.12.31	00:46:11.512	0.82898				2
2024.12.31	00:46:12.215	0.82897				2
2024.12.31	00:46:15.243	0.82898				2
2024.12.31	00:46:15.582	0.82897				2
2024.12.31	00:46:16.296	0.82899				2
2024.12.31	00:46:17.367	0.82897				2
2024.12.31	00:46:17.771		0.82970			4
2024.12.31	00:46:20.838	0.82898				2
2024.12.31	00:46:21.901	0.82900				2
2024.12.31	00:46:49.701	0.82899				2
2024.12.31	00:46:52.812	0.82898				2
2024.12.31	00:46:53.374	0.82899				2
2024.12.31	00:46:54.985	0.82900				2
2024.12.31	00:46:56.723	0.82898				2
2024.12.31	00:46:57.754	0.82897				2
2024.12.31	00:46:59.912	0.82896				2
2024.12.31	00:47:00.781	0.82896				2
2024.12.31	00:47:01.366	0.82897				2
2024.12.31	00:47:02.126	0.82890	0.82926			6
2024.12.31	00:47:03.963	0.82897	0.82970			6
2024.12.31	00:47:12.777		0.82964			4
2024.12.31	00:47:32.166	0.82900				2
2024.12.31	00:47:34.772	0.82896				2
2024.12.31	00:47:35.311	0.82895				2
2024.12.31	00:47:39.873	0.82899				2
2024.12.31	00:47:46.150	0.82896				2
2024.12.31	00:47:46.963	0.82899				2
2024.12.31	00:47:49.473	0.82897				2
2024.12.31	00:47:52.115	0.82899				2
2024.12.31	00:47:54.572	0.82895				2
2024.12.31	00:47:56.360	0.82896				2
2024.12.31	00:47:58.353	0.82899				2
2024.12.31	00:48:00.364	0.82899				2
2024.12.31	00:48:00.706	0.82897				2
2024.12.31	00:48:01.375	0.82896				2
2024.12.31	00:48:02.900	0.82899				2
2024.12.31	00:48:03.422	0.82900				2
2024.12.31	00:48:07.774		0.82967			4
2024.12.31	00:48:09.687	0.82901				2
2024.12.31	00:48:12.731	0.82900				2
2024.12.31	00:48:22.527	0.82901				2
2024.12.31	00:48:27.511	0.82902				2
2024.12.31	00:48:29.450	0.82901				2
2024.12.31	00:48:35.744	0.82900				2
2024.12.31	00:48:38.013	0.82901				2
2024.12.31	00:48:48.811	0.82900				2
2024.12.31	00:48:51.223	0.82902				2
2024.12.31	00:49:02.631	0.82902	0.82962			6
2024.12.31	00:49:25.414	0.82901				2
2024.12.31	00:49:28.126	0.82900				2
2024.12.31	00:49:31.274	0.82901				2
2024.12.31	00:49:31.794	0.82900				2
2024.12.31	00:49:51.611	0.82899				2
2024.12.31	00:50:00.011	0.82900				2
2024.12.31	00:50:07.260	0.82899	0.82962			6
2024.12.31	00:50:21.154	0.82900				2
2024.12.31	00:50:21.779		0.82973			4
2024.12.31	00:50:22.652	0.82902				2
2024.12.31	00:50:24.360	0.82904				2
2024.12.31	00:50:28.060	0.82903				2
2024.12.31	00:50:33.848	0.82904				2
2024.12.31	00:50:37.712	0.82903				2
2024.12.31	00:50:38.103	0.82904				2
2024.12.31	00:50:39.823	0.82906				2
2024.12.31	00:50:48.783	0.82905				2
2024.12.31	00:50:49.685	0.82907				2
2024.12.31	00:50:54.812	0.82908				2
2024.12.31	00:50:57.076	0.82912	0.82989			6
2024.12.31	00:51:00.366	0.82912				2
2024.12.31	00:51:24.342	0.82911				2
2024.12.31	00:51:37.739	0.82909				2
2024.12.31	00:51:54.217	0.82910				2
2024.12.31	00:51:57.163		0.82989			4
2024.12.31	00:51:58.114	0.82909				2
2024.12.31	00:52:01.559	0.82909				2
2024.12.31	00:52:01.914	0.82911				2
2024.12.31	00:52:30.118	0.82912				2
2024.12.31	00:52:37.753	0.82911				2
2024.12.31	00:52:43.758	0.82912				2
2024.12.31	00:52:47.343	0.82913				2
2024.12.31	00:52:57.222		0.82989			4
2024.12.31	00:53:02.010	0.82913				2
2024.12.31	00:53:09.723	0.82915	0.83010			6
2024.12.31	00:53:20.376		0.82989			4
2024.12.31	00:53:37.778		0.83010			4
2024.12.31	00:53:53.052		0.83011			4
2024.12.31	00:54:00.399	0.82915	0.83012			6
2024.12.31	00:54:08.334		0.83011			4
2024.12.31	00:54:10.324		0.83012			4
2024.12.31	00:54:14.011	0.82914				2
2024.12.31	00:54:16.413		0.83011			4
2024.12.31	00:54:44.038		0.83012			4
2024.12.31	00:54:45.170		0.82989			4
2024.12.31	00:55:02.462	0.82914				2
2024.12.31	00:55:24.861	0.82915				2
2024.12.31	00:55:33.914	0.82916				2
2024.12.31	00:55:37.702	0.82912	0.82940			6
2024.12.31	00:55:38.772		0.82938			4
2024.12.31	00:55:41.787	0.82911				2
2024.12.31	00:55:42.200	0.82915	0.82939			6
2024.12.31	00:55:42.891	0.82917	0.82941			6
2024.12.31	00:55:45.933	0.82912	0.82938			6
2024.12.31	00:55:48.026	0.82911	0.82939			6
2024.12.31	00:55:49.615	0.82914				2
2024.12.31	00:55:50.707	0.82915	0.82942			6
2024.12.31	00:55:54.331		0.82941			4
2024.12.31	00:56:01.139	0.82915				2
2024.12.31	00:56:01.715		0.82940			4
2024.12.31	00:56:25.182		0.82941			4
2024.12.31	00:56:26.804	0.82914	0.82942			6
2024.12.31	00:56:32.611	0.82915				2
2024.12.31	00:56:34.716		0.82941			4
2024.12.31	00:56:37.701	0.82916				2
2024.12.31	00:56:41.612		0.82942			4
2024.12.31	00:56:43.711		0.82940			4
2024.12.31	00:57:03.813	0.82916				2
2024.12.31	00:57:14.096	0.82917	0.82941			6
2024.12.31	00:57:18.301	0.82918	0.82989			6
2024.12.31	00:57:20.384		0.82942			4
2024.12.31	00:57:21.468	0.82914	0.82939			6
2024.12.31	00:57:21.797	0.82919	0.82954			6
2024.12.31	00:57:22.384		0.82943			4
2024.12.31	00:57:22.711		0.82950			4
2024.12.31	00:57:26.925	0.82917				2
2024.12.31	00:57:27.342	0.82916	0.82947			6
2024.12.31	00:57:29.047	0.82884	0.82989			6
2024.12.31	00:57:29.362	0.82879	0.83028			6
2024.12.31	00:57:29.842	0.82892				2
2024.12.31	00:57:31.232	0.82902				2
2024.12.31	00:57:32.271	0.82897	0.83029			6
2024.12.31	00:57:32.667	0.82903	0.83030			6
2024.12.31	00:57:34.110	0.82904				2
2024.12.31	00:57:36.845	0.82888	0.83019			6
2024.12.31	00:57:37.714	0.82890	0.83017			6
2024.12.31	00:57:38.683	0.82891	0.83012			6
2024.12.31	00:57:39.001	0.82892				2
2024.12.31	00:57:40.114	0.82893	0.83011			6
2024.12.31	00:57:40.715	0.82894				2
2024.12.31	00:57:41.222	0.82895	0.83006			6
2024.12.31	00:57:42.380	0.82897	0.83004			6
2024.12.31	00:57:42.813	0.82898	0.83003			6
2024.12.31	00:57:43.711	0.82901	0.83001			6
2024.12.31	00:57:44.021		0.83000			4
2024.12.31	00:57:44.822	0.82903	0.82998			6
2024.12.31	00:57:45.213		0.82993			4
2024.12.31	00:57:45.639	0.82901	0.82995			6
2024.12.31	00:57:46.120	0.82902	0.82992			6
2024.12.31	00:57:47.015	0.82906	0.82988			6
2024.12.31	00:57:47.346		0.82982			4
2024.12.31	00:57:48.213	0.82907	0.82981			6
2024.12.31	00:57:49.114	0.82909	0.82975			6
2024.12.31	00:57:50.913	0.82910	0.82974			6
2024.12.31	00:57:52.418	0.82912	0.82972			6
2024.12.31	00:57:53.312		0.82971			4
2024.12.31	00:57:54.514	0.82913	0.82970			6
2024.12.31	00:57:56.612	0.82914	0.82969			6
2024.12.31	00:57:57.817	0.82913				2
2024.12.31	00:57:58.888	0.82916	0.82967			6
2024.12.31	00:58:00.024	0.82923	0.82959			6
2024.12.31	00:58:04.239		0.82960			4
2024.12.31	00:58:08.314	0.82924	0.82958			6
2024.12.31	00:58:11.145	0.82923	0.82959			6
2024.12.31	00:58:22.892	0.82921	0.82953			6
2024.12.31	00:58:32.690	0.82920	0.82952			6
2024.12.31	00:58:33.212	0.82921	0.82955			6
2024.12.31	00:58:34.212	0.82922	0.82954			6
2024.12.31	00:58:35.013		0.82955			4
2024.12.31	00:58:36.912	0.82919	0.82956			6
2024.12.31	00:58:39.664	0.82920	0.82955			6
2024.12.31	00:58:42.665	0.82921	0.82954			6
2024.12.31	00:58:44.212	0.82918	0.82957			6
2024.12.31	00:58:44.975	0.82923	0.83004			6
2024.12.31	00:58:45.284	0.82916	0.83009			6
2024.12.31	00:58:45.655		0.83010			4
2024.12.31	00:58:46.117	0.82910				2
2024.12.31	00:58:46.993	0.82909				2
2024.12.31	00:58:48.273	0.82920	0.83013			6
2024.12.31	00:58:49.535	0.82919				2
2024.12.31	00:58:50.347	0.82915				2
2024.12.31	00:58:52.221	0.82908	0.83011			6
2024.12.31	00:58:52.705	0.82906	0.83016			6
2024.12.31	00:58:53.914	0.82902	0.83021			6
2024.12.31	00:59:00.240	0.82902				2
2024.12.31	00:59:01.120	0.82901				2
2024.12.31	00:59:02.040	0.82902	0.83022			6
2024.12.31	00:59:03.077	0.82899	0.83028			6
2024.12.31	00:59:05.402		0.83034			4
2024.12.31	00:59:06.347	0.82901				2
2024.12.31	00:59:08.917	0.82900				2
2024.12.31	00:59:09.798	0.82901	0.83035			6
2024.12.31	00:59:16.710	0.82902				2
2024.12.31	00:59:18.374	0.82901				2
2024.12.31	00:59:19.340	0.82905	0.83034			6
2024.12.31	00:59:23.067	0.82886	0.83068			6
2024.12.31	00:59:25.242	0.82885				2
2024.12.31	00:59:27.230	0.82886				2
2024.12.31	00:59:30.781	0.82888	0.83073			6
2024.12.31	00:59:31.347	0.82868	0.83052			6
2024.12.31	00:59:33.121	0.82866				2
2024.12.31	00:59:33.422	0.82873	0.83051			6
2024.12.31	00:59:34.060	0.82872	0.83047			6
2024.12.31	00:59:34.375	0.82873				2
2024.12.31	00:59:35.013	0.82875				2
2024.12.31	00:59:35.489	0.82876				2
2024.12.31	00:59:35.917	0.82879	0.83046			6
2024.12.31	00:59:36.511	0.82881				2
2024.12.31	00:59:37.332	0.82883				2
2024.12.31	00:59:37.712	0.82885				2
2024.12.31	00:59:38.240	0.82886				2
2024.12.31	00:59:38.613	0.82901				2
2024.12.31	00:59:43.245		0.83039			4
2024.12.31	00:59:45.919	0.82918				2
2024.12.31	00:59:47.100	0.82903				2
2024.12.31	00:59:48.357	0.82917				2
2024.12.31	00:59:49.312	0.82918	0.83028			6
2024.12.31	00:59:49.615		0.83029			4
2024.12.31	00:59:52.224		0.83028			4
2024.12.31	00:59:52.712	0.82917				2
2024.12.31	00:59:53.434	0.82918				2
2024.12.31	00:59:53.802	0.82917				2
2024.12.31	00:59:59.097	0.82916				2
2024.12.31	01:00:00.309	0.82887	0.83035			6
2024.12.31	01:00:00.632	0.82875	0.82989			6
2024.12.31	01:00:00.943	0.82871	0.82967			6
2024.12.31	01:00:01.245	0.82868	0.82947			6
2024.12.31	01:00:02.004	0.82872	0.82946			6
2024.12.31	01:00:02.349		0.82942			4
2024.12.31	01:00:02.663	0.82877	0.82945			6
2024.12.31	01:00:02.966	0.82878				2
2024.12.31	01:00:03.270	0.82879				2
2024.12.31	01:00:03.573	0.82876	0.82942			6
2024.12.31	01:00:03.875	0.82875	0.82938			6
2024.12.31	01:00:04.178	0.82872	0.82935			6
2024.12.31	01:00:04.480		0.82965			4
2024.12.31	01:00:05.136	0.82871				2
2024.12.31	01:00:07.794		0.82967			4
2024.12.31	01:00:08.105	0.82874				2
2024.12.31	01:00:09.213		0.82966			4
2024.12.31	01:00:10.381	0.82876	0.82968			6
2024.12.31	01:00:10.897	0.82872	0.82950			6
2024.12.31	01:00:11.239	0.82873				2
2024.12.31	01:00:11.945	0.82875	0.82964			6
2024.12.31	01:00:12.325	0.82874	0.82950			6
2024.12.31	01:00:15.204	0.82876	0.82949			6
2024.12.31	01:00:15.539	0.82882				2
2024.12.31	01:00:16.001	0.82881				2
2024.12.31	01:00:17.217	0.82882				2
2024.12.31	01:00:23.457	0.82872	0.82929			6
2024.12.31	01:00:23.762	0.82873	0.82928			6
2024.12.31	01:00:24.387	0.82870				2
2024.12.31	01:00:24.703	0.82869	0.82927			6
2024.12.31	01:00:25.005	0.82877	0.82929			6
2024.12.31	01:00:25.326	0.82884	0.82936			6
2024.12.31	01:00:26.015	0.82882	0.82933			6
2024.12.31	01:00:26.323	0.82869	0.82930			6
2024.12.31	01:00:27.623	0.82868				2
2024.12.31	01:00:27.941		0.82931			4
2024.12.31	01:00:28.593		0.82930			4
2024.12.31	01:00:28.903	0.82869	0.82931			6
2024.12.31	01:00:29.986	0.82870	0.82929			6
2024.12.31	01:00:30.335	0.82884	0.82931			6
2024.12.31	01:00:30.988	0.82882	0.82930			6
2024.12.31	01:00:31.315	0.82886	0.82933			6
2024.12.31	01:00:31.623	0.82879	0.82930			6
2024.12.31	01:00:32.300	0.82862				2
2024.12.31	01:00:32.662	0.82887	0.82933			6
2024.12.31	01:00:34.137	0.82888				2
2024.12.31	01:00:39.702	0.82885	0.82932			6
2024.12.31	01:00:40.058	0.82888	0.82934			6
2024.12.31	01:00:40.362		0.82933			4
2024.12.31	01:00:41.920	0.82890	0.82934			6
2024.12.31	01:00:42.516	0.82887	0.82932			6
2024.12.31	01:00:42.927	0.82889	0.82934			6
2024.12.31	01:00:47.207	0.82890				2
2024.12.31	01:00:51.676	0.82891	0.82935			6
2024.12.31	01:00:52.667	0.82892	0.82936			6
2024.12.31	01:00:54.216	0.82890	0.82934			6
2024.12.31	01:00:55.193	0.82892	0.82935			6
2024.12.31	01:00:58.720	0.82891	0.82934			6
2024.12.31	01:01:00.063	0.82891				2
2024.12.31	01:01:00.454	0.82893	0.82936			6
2024.12.31	01:01:00.791	0.82894	0.82937			6
2024.12.31	01:01:01.493	0.82895				2
2024.12.31	01:01:02.043	0.82894				2
2024.12.31	01:01:02.814	0.82893	0.82936			6
2024.12.31	01:01:03.141	0.82895	0.82937			6
2024.12.31	01:01:03.443		0.82938			4
2024.12.31	01:01:03.754	0.82897	0.82939			6
2024.12.31	01:01:04.345	0.82902	0.82928			6
2024.12.31	01:01:04.714	0.82901	0.82930			6
2024.12.31	01:01:05.081		0.82932			4
2024.12.31	01:01:05.656	0.82902				2
2024.12.31	01:01:06.820	0.82901	0.82930			6
2024.12.31	01:01:08.402	0.82902				2
2024.12.31	01:01:10.507	0.82903				2
2024.12.31	01:01:11.313	0.82902	0.82931			6
2024.12.31	01:01:14.609	0.82895	0.82955			6
2024.12.31	01:01:15.819	0.82896				2
2024.12.31	01:01:16.393	0.82903	0.82928			6
2024.12.31	01:01:16.766		0.82929			4
2024.12.31	01:01:18.391	0.82904				2
2024.12.31	01:01:18.974	0.82903	0.82927			6
2024.12.31	01:01:19.334	0.82904	0.82929			6
2024.12.31	01:01:21.212	0.82903	0.82928			6
2024.12.31	01:01:22.294		0.82929			4
2024.12.31	01:01:22.856	0.82892	0.82931			6
2024.12.31	01:01:24.200	0.82893	0.82940			6
2024.12.31	01:01:24.502	0.82894	0.82939			6
2024.12.31	01:01:25.111		0.82941			4
2024.12.31	01:01:27.021		0.82942			4
2024.12.31	01:01:28.688	0.82895	0.82943			6
2024.12.31	01:01:32.613	0.82896	0.82944			6
2024.12.31	01:01:33.480		0.82943			4
2024.12.31	01:01:34.128	0.82900				2
2024.12.31	01:01:34.896	0.82901	0.82942			6
2024.12.31	01:01:36.213		0.82941			4
2024.12.31	01:01:40.684	0.82900	0.82943			6
2024.12.31	01:01:41.043	0.82899				2
2024.12.31	01:01:44.188		0.82941			4
2024.12.31	01:01:44.524	0.82897	0.82943			6
2024.12.31	01:01:44.919		0.82945			4
2024.12.31	01:01:45.224	0.82898				2
2024.12.31	01:01:46.711	0.82899				2
2024.12.31	01:01:49.431	0.82898				2
2024.12.31	01:01:51.005		0.82944			4
2024.12.31	01:01:52.968	0.82894	0.82936			6
2024.12.31	01:01:53.313	0.82893	0.82933			6
2024.12.31	01:01:53.977		0.82934			4
2024.12.31	01:01:55.403	0.82891	0.82935			6
2024.12.31	01:01:56.611		0.82932			4
2024.12.31	01:01:57.302	0.82893	0.82930			6
2024.12.31	01:01:58.657	0.82888	0.82922			6
2024.12.31	01:01:58.965	0.82887	0.82920			6
2024.12.31	01:02:00.376	0.82888	0.82921			6
2024.12.31	01:02:01.543	0.82887	0.82920			6
2024.12.31	01:02:01.863	0.82886				2
2024.12.31	01:02:02.311	0.82888	0.82921			6
2024.12.31	01:02:02.641	0.82892	0.82924			6
2024.12.31	01:02:02.944	0.82888	0.82920			6
2024.12.31	01:02:03.565	0.82887	0.82923			6
2024.12.31	01:02:03.890	0.82888	0.82909			6
2024.12.31	01:02:04.386		0.82911			4
2024.12.31	01:02:04.733		0.82934			4
2024.12.31	01:02:05.493	0.82889				2
2024.12.31	01:02:06.130		0.82909			4
2024.12.31	01:02:06.510	0.82885				2
2024.12.31	01:02:08.661		0.82907			4
2024.12.31	01:02:09.730		0.82916			4
2024.12.31	01:02:10.903	0.82884	0.82915			6
2024.12.31	01:02:12.277	0.82883	0.82914			6
2024.12.31	01:02:13.387	0.82895	0.82916			6
2024.12.31	01:02:13.703	0.82902	0.82923			6
2024.12.31	01:02:14.009		0.82926			4
2024.12.31	01:02:14.342	0.82898	0.82927			6
2024.12.31	01:02:15.212		0.82926			4
2024.12.31	01:02:18.830	0.82900				2
2024.12.31	01:02:21.514	0.82901				2
2024.12.31	01:02:24.708	0.82900	0.82923			6
2024.12.31	01:02:25.778	0.82901	0.82926			6
2024.12.31	01:02:33.211		0.82925			4
2024.12.31	01:02:37.430	0.82900	0.82923			6
2024.12.31	01:02:37.752	0.82896	0.82920			6
2024.12.31	01:02:39.781		0.82921			4
2024.12.31	01:02:42.390		0.82920			4
2024.12.31	01:02:42.813	0.82897				2
2024.12.31	01:02:43.644	0.82898				2
2024.12.31	01:02:49.709	0.82896	0.82919			6
2024.12.31	01:02:50.397	0.82897				2
2024.12.31	01:02:52.774	0.82898	0.82920			6
2024.12.31	01:02:53.368	0.82899				2
2024.12.31	01:02:53.923	0.82898				2
2024.12.31	01:02:54.386	0.82899				2
2024.12.31	01:02:54.880	0.82898				2
2024.12.31	01:03:00.494	0.82898				2
2024.12.31	01:03:04.389	0.82899				2
2024.12.31	01:03:04.881		0.82919			4
2024.12.31	01:03:06.388	0.82901	0.82918			6
2024.12.31	01:03:06.701		0.82919			4
2024.12.31	01:03:10.112	0.82902	0.82920			6
2024.12.31	01:03:13.157	0.82906				2
2024.12.31	01:03:14.913		0.82919			4
2024.12.31	01:03:20.389		0.82918			4
2024.12.31	01:03:21.734		0.82919			4
2024.12.31	01:03:23.421		0.82918			4
2024.12.31	01:03:28.398		0.82917			4
2024.12.31	01:03:37.425		0.82918			4
2024.12.31	01:03:38.505		0.82917			4
2024.12.31	01:03:42.757		0.82916			4
2024.12.31	01:03:58.538		0.82917			4
2024.12.31	01:04:00.401	0.82906				2
2024.12.31	01:04:01.502		0.82916			4
2024.12.31	01:04:01.897		0.82915			4
2024.12.31	01:04:06.508		0.82916			4
2024.12.31	01:04:16.136		0.82917			4
2024.12.31	01:04:16.574	0.82910	0.82912			6
2024.12.31	01:04:18.385	0.82906	0.82917			6
2024.12.31	01:04:31.505		0.82916			4
2024.12.31	01:04:50.095		0.82917			4
2024.12.31	01:04:58.144		0.82916			4
2024.12.31	01:04:58.908		0.82917			4
2024.12.31	01:05:00.407	0.82911	0.82924			6
2024.12.31	01:05:04.351	0.82912	0.82925			6
2024.12.31	01:05:06.233	0.82911	0.82924			6
2024.12.31	01:05:06.547	0.82908	0.82921			6
2024.12.31	01:05:26.663	0.82909				2
2024.12.31	01:05:27.141	0.82918	0.82920			6
2024.12.31	01:05:29.265	0.82910	0.82921			6
2024.12.31	01:05:32.613	0.82909				2
2024.12.31	01:05:33.703	0.82913	0.82926			6
2024.12.31	01:05:45.086	0.82915	0.82927			6
2024.12.31	01:05:45.550	0.82916	0.82928			6
2024.12.31	01:05:59.379	0.82917				2
2024.12.31	01:06:00.039	0.82918				2
2024.12.31	01:06:04.903	0.82919				2
2024.12.31	01:06:05.283	0.82918	0.82930			6
2024.12.31	01:06:06.287	0.82917				2
2024.12.31	01:06:07.288	0.82918	0.82929			6
2024.12.31	01:06:08.899	0.82919	0.82930			6
2024.12.31	01:06:09.844	0.82918				2
2024.12.31	01:06:12.344	0.82920	0.82931			6
2024.12.31	01:06:24.379	0.82919				2
2024.12.31	01:06:28.742	0.82923	0.82932			6
2024.12.31	01:06:31.562	0.82920				2
2024.12.31	01:06:34.392		0.82931			4
2024.12.31	01:06:48.294		0.82932			4
2024.12.31	01:06:49.360	0.82926	0.82936			6
2024.12.31	01:06:50.201	0.82923				2
2024.12.31	01:06:54.251		0.82935			4
2024.12.31	01:06:54.776		0.82936			4
2024.12.31	01:06:55.455	0.82925	0.82937			6
2024.12.31	01:06:55.820	0.82923	0.82934			6
2024.12.31	01:06:56.351		0.82935			4
2024.12.31	01:06:57.415	0.82924				2
2024.12.31	01:06:58.348	0.82923				2
2024.12.31	01:07:01.712	0.82924	0.82936			6
2024.12.31	01:07:06.226	0.82925				2
2024.12.31	01:07:09.115	0.82924				2
2024.12.31	01:07:10.359	0.82925				2
2024.12.31	01:07:11.302	0.82926				2
2024.12.31	01:07:27.343	0.82923	0.82933			6
2024.12.31	01:07:27.670	0.82922	0.82932			6
2024.12.31	01:07:29.017	0.82923				2
2024.12.31	01:07:29.920		0.82933			4
2024.12.31	01:07:34.411		0.82932			4
2024.12.31	01:07:36.228		0.82933			4
2024.12.31	01:07:43.094		0.82932			4
2024.12.31	01:07:49.516		0.82934			4
2024.12.31	01:07:49.908	0.82924	0.82935			6
2024.12.31	01:07:57.661	0.82923	0.82932			6
2024.12.31	01:08:00.535	0.82923				2
2024.12.31	01:08:06.437	0.82922				2
2024.12.31	01:08:06.748	0.82920	0.82931			6
2024.12.31	01:08:34.167	0.82919	0.82929			6
2024.12.31	01:08:34.848		0.82930			4
2024.12.31	01:08:35.383	0.82918	0.82931			6
2024.12.31	01:08:36.381		0.82929			4
2024.12.31	01:08:50.823	0.82919				2
2024.12.31	01:08:51.180	0.82918				2
2024.12.31	01:08:51.487	0.82917	0.82926			6
2024.12.31	01:09:02.544	0.82917				2
2024.12.31	01:09:23.220	0.82915	0.82925			6
2024.12.31	01:09:24.229	0.82914				2
2024.12.31	01:09:25.710	0.82915	0.82926			6
2024.12.31	01:09:36.365	0.82911	0.82921			6
2024.12.31	01:09:52.227	0.82910				2
2024.12.31	01:10:00.387	0.82910				2
2024.12.31	01:10:00.811	0.82911				2
2024.12.31	01:10:37.034		0.82921			4
2024.12.31	01:10:38.050	0.82912	0.82922			6
2024.12.31	01:10:39.210	0.82911	0.82921			6
2024.12.31	01:11:00.202	0.82913	0.82922			6
2024.12.31	01:11:04.368		0.82923			4
2024.12.31	01:11:06.213		0.82922			4
2024.12.31	01:11:15.724		0.82923			4
2024.12.31	01:11:18.213		0.82922			4
2024.12.31	01:11:41.556	0.82912				2
2024.12.31	01:11:41.961	0.82916	0.82920			6
2024.12.31	01:11:45.286	0.82914	0.82921			6
2024.12.31	01:12:01.154	0.82914				2
2024.12.31	01:12:28.127	0.82913	0.82922			6
2024.12.31	01:12:50.766		0.82921			4
2024.12.31	01:12:52.412		0.82922			4
2024.12.31	01:13:01.853	0.82913				2
2024.12.31	01:13:07.786		0.82921			4
2024.12.31	01:13:10.477	0.82914				2
2024.12.31	01:13:11.906		0.82922			4
2024.12.31	01:13:20.138	0.82913				2
2024.12.31	01:13:27.943	0.82914	0.82923			6
2024.12.31	01:13:46.978	0.82915				2
2024.12.31	01:13:47.336	0.82912	0.82921			6
2024.12.31	01:13:47.751	0.82913				2
2024.12.31	01:13:48.811		0.82922			4
2024.12.31	01:14:00.511	0.82913				2
2024.12.31	01:14:10.412	0.82914				2
2024.12.31	01:14:12.314	0.82918	0.82926			6
2024.12.31	01:14:12.616		0.82927			4
2024.12.31	01:14:18.170		0.82926			4
2024.12.31	01:14:18.681	0.82923	0.82932			6
2024.12.31	01:14:22.036	0.82922				2
2024.12.31	01:14:24.520	0.82921	0.82933			6
2024.12.31	01:14:29.181	0.82922	0.82932			6
2024.12.31	01:14:31.712		0.82931			4
2024.12.31	01:14:45.400	0.82921	0.82933			6
2024.12.31	01:14:45.706	0.82920				2
2024.12.31	01:14:48.644	0.82921	0.82931			6
2024.12.31	01:14:52.272		0.82932			4
2024.12.31	01:14:54.501	0.82913	0.82921			6
2024.12.31	01:14:55.976	0.82914	0.82926			6
2024.12.31	01:14:59.726	0.82916	0.82925			6
2024.12.31	01:15:00.043	0.82916	0.82926			6
2024.12.31	01:15:00.376	0.82910	0.82919			6
2024.12.31	01:15:00.683		0.82918			4
2024.12.31	01:15:00.984	0.82909	0.82916			6
2024.12.31	01:15:01.401	0.82910	0.82918			6
2024.12.31	01:15:05.611		0.82919			4
2024.12.31	01:15:07.112		0.82918			4
2024.12.31	01:15:08.967	0.82914	0.82921			6
2024.12.31	01:15:10.361	0.82916	0.82922			6
2024.12.31	01:15:10.664	0.82918	0.82926			6
2024.12.31	01:15:12.198		0.82927			4
2024.12.31	01:15:14.070	0.82919				2
2024.12.31	01:15:20.061	0.82918				2
2024.12.31	01:15:21.210	0.82919				2
2024.12.31	01:15:27.098		0.82928			4
2024.12.31	01:15:27.546	0.82918				2
2024.12.31	01:15:30.096	0.82919				2
2024.12.31	01:15:30.791	0.82918				2
2024.12.31	01:15:31.295	0.82919				2
2024.12.31	01:15:33.553		0.82927			4
2024.12.31	01:15:44.311	0.82920	0.82926			6
2024.12.31	01:15:46.764		0.82927			4
2024.12.31	01:15:49.986	0.82921				2
2024.12.31	01:15:50.606		0.82928			4
2024.12.31	01:15:53.895	0.82923				2
2024.12.31	01:15:54.203	0.82921				2
2024.12.31	01:15:58.081	0.82924	0.82931			6
2024.12.31	01:16:00.197	0.82924				2
2024.12.31	01:16:02.290	0.82925				2
2024.12.31	01:16:19.461		0.82929			4
2024.12.31	01:16:20.329	0.82924	0.82931			6
2024.12.31	01:16:30.390	0.82923	0.82933			6
2024.12.31	01:16:31.414	0.82922	0.82934			6
2024.12.31	01:16:34.777	0.82921	0.82932			6
2024.12.31	01:16:35.311		0.82933			4
2024.12.31	01:16:35.611		0.82932			4
2024.12.31	01:16:36.820		0.82930			4
2024.12.31	01:16:45.176		0.82931			4
2024.12.31	01:16:48.213		0.82932			4
2024.12.31	01:16:49.173		0.82931			4
2024.12.31	01:16:49.927	0.82924	0.82928			6
2024.12.31	01:17:00.482	0.82924				2
2024.12.31	01:17:06.316	0.82923	0.82927			6
2024.12.31	01:17:22.375	0.82925	0.82929			6
2024.12.31	01:17:27.288	0.82924	0.82928			6
2024.12.31	01:17:30.034	0.82923	0.82927			6
2024.12.31	01:18:01.200	0.82923				2
2024.12.31	01:18:08.275		0.82926			4
2024.12.31	01:18:10.361		0.82927			4
2024.12.31	01:18:25.046	0.82922	0.82926			6
2024.12.31	01:18:34.446	0.82923	0.82927			6
2024.12.31	01:19:00.282	0.82923				2
2024.12.31	01:19:20.629	0.82924	0.82928			6
2024.12.31	01:19:23.470	0.82925	0.82929			6
2024.12.31	01:20:00.129	0.82926	0.82930			6
2024.12.31	01:20:09.751	0.82927	0.82931			6
2024.12.31	01:20:33.814	0.82928				2
2024.12.31	01:20:35.045	0.82927				2
2024.12.31	01:20:38.318	0.82928				2
2024.12.31	01:20:40.531	0.82927				2
2024.12.31	01:20:44.099	0.82928	0.82932			6
2024.12.31	01:20:51.886	0.82926	0.82930			6
2024.12.31	01:20:53.825	0.82927	0.82931			6
2024.12.31	01:21:02.876	0.82927				2
2024.12.31	01:21:48.834	0.82926	0.82930			6
2024.12.31	01:22:00.437	0.82926				2
2024.12.31	01:22:27.032	0.82928				2
2024.12.31	01:22:43.855		0.82931			4
2024.12.31	01:22:51.263	0.82927				2
2024.12.31	01:23:00.343	0.82927				2
2024.12.31	01:23:18.718		0.82930			4
2024.12.31	01:23:33.211		0.82931			4
2024.12.31	01:23:36.048	0.82926	0.82930			6
2024.12.31	01:24:01.712	0.82926				2
2024.12.31	01:24:36.772		0.82930			4
2024.12.31	01:25:00.732	0.82926				2
2024.12.31	01:25:26.048	0.82927	0.82931			6
2024.12.31	01:26:02.189	0.82927				2
2024.12.31	01:26:21.053	0.82926	0.82930			6
2024.12.31	01:26:34.807	0.82925	0.82931			6
2024.12.31	01:26:37.878	0.82926				2
2024.12.31	01:26:40.870	0.82925				2
2024.12.31	01:26:43.494	0.82927				2
2024.12.31	01:27:02.631	0.82927				2
2024.12.31	01:27:36.230		0.82931			4
2024.12.31	01:27:46.852		0.82930			4
2024.12.31	01:27:47.158	0.82926				2
2024.12.31	01:27:47.505	0.82923	0.82927			6
2024.12.31	01:27:47.811	0.82924	0.82928			6
2024.12.31	01:27:53.145	0.82925				2
2024.12.31	01:27:53.720	0.82926	0.82930			6
2024.12.31	01:28:00.389	0.82926				2
2024.12.31	01:28:03.569		0.82929			4
2024.12.31	01:28:07.381	0.82924	0.82928			6
2024.12.31	01:28:08.778		0.82927			4
2024.12.31	01:28:17.276		0.82928			4
2024.12.31	01:28:20.374		0.82927			4
2024.12.31	01:28:26.724		0.82928			4
2024.12.31	01:28:32.249		0.82927			4
2024.12.31	01:28:36.051	0.82917	0.82921			6
2024.12.31	01:28:36.798	0.82918	0.82922			6
2024.12.31	01:28:38.184	0.82921	0.82925			6
2024.12.31	01:28:43.029	0.82922	0.82926			6
2024.12.31	01:29:00.454	0.82922				2
2024.12.31	01:29:09.505	0.82923	0.82927			6
2024.12.31	01:29:10.350	0.82924	0.82928			6
2024.12.31	01:29:41.075		0.82929			4
2024.12.31	01:30:00.390	0.82924				2
2024.12.31	01:30:02.157	0.82926				2
2024.12.31	01:30:03.673	0.82925	0.82928			6
2024.12.31	01:30:03.974	0.82923	0.82927			6
2024.12.31	01:30:08.284	0.82925	0.82928			6
2024.12.31	01:30:13.524		0.82929			4
2024.12.31	01:30:15.819	0.82926				2
2024.12.31	01:30:20.724	0.82925				2
2024.12.31	01:30:41.560	0.82926				2
2024.12.31	01:30:42.818	0.82925				2
2024.12.31	01:31:03.761	0.82925				2
2024.12.31	01:31:08.168	0.82926				2
2024.12.31	01:31:08.525		0.82930			4
2024.12.31	01:31:26.452	0.82923	0.82927			6
2024.12.31	01:31:50.456	0.82925	0.82928			6
2024.12.31	01:31:52.207		0.82929			4
2024.12.31	01:31:53.075		0.82928			4
2024.12.31	01:31:53.404	0.82923	0.82927			6
2024.12.31	01:32:00.171	0.82923				2
2024.12.31	01:32:31.458	0.82924				2
2024.12.31	01:32:32.227	0.82923				2
2024.12.31	01:32:48.564	0.82924	0.82928			6
2024.12.31	01:33:00.509	0.82924				2
2024.12.31	01:33:05.981	0.82925	0.82929			6
2024.12.31	01:33:24.174		0.82928			4
2024.12.31	01:33:26.270		0.82929			4
2024.12.31	01:34:01.142	0.82925				2
2024.12.31	01:34:07.496	0.82927	0.82930			6
2024.12.31	01:34:07.803	0.82928	0.82931			6
2024.12.31	01:34:13.664	0.82929	0.82932			6
2024.12.31	01:34:15.772	0.82930	0.82934			6
2024.12.31	01:34:22.863		0.82933			4
2024.12.31	01:34:31.474		0.82934			4
2024.12.31	01:34:38.496	0.82927	0.82931			6
2024.12.31	01:34:42.004	0.82928				2
2024.12.31	01:34:43.713	0.82926	0.82930			6
2024.12.31	01:34:44.370	0.82927				2
2024.12.31	01:34:48.240	0.82926				2
2024.12.31	01:34:53.358	0.82927				2
2024.12.31	01:34:59.162	0.82928				2
2024.12.31	01:35:00.193	0.82927				2
2024.12.31	01:35:02.292	0.82928				2
2024.12.31	01:35:06.352	0.82927				2
2024.12.31	01:35:23.042	0.82926				2
2024.12.31	01:35:23.421	0.82927				2
2024.12.31	01:35:23.723	0.82926				2
2024.12.31	01:35:24.678	0.82927				2
2024.12.31	01:35:25.215	0.82926				2
2024.12.31	01:35:27.350	0.82927				2
2024.12.31	01:35:33.365	0.82926				2
2024.12.31	01:35:49.717		0.82930			4
2024.12.31	01:36:00.376	0.82926				2
2024.12.31	01:36:23.474	0.82925	0.82929			6
2024.12.31	01:36:37.158	0.82926				2
2024.12.31	01:36:38.840	0.82928	0.82932			6
2024.12.31	01:37:00.029	0.82928				2
2024.12.31	01:37:17.037	0.82929	0.82933			6
2024.12.31	01:37:34.449		0.82932			4
2024.12.31	01:37:35.159	0.82927	0.82931			6
2024.12.31	01:37:36.345	0.82928				2
2024.12.31	01:37:39.115	0.82927				2
2024.12.31	01:38:03.733	0.82927				2
2024.12.31	01:38:35.118	0.82928				2
2024.12.31	01:38:35.687		0.82931			4
2024.12.31	01:38:41.613	0.82927				2
2024.12.31	01:38:56.280	0.82928				2
2024.12.31	01:39:01.055	0.82928				2
2024.12.31	01:39:01.357		0.82932			4
2024.12.31	01:39:06.704	0.82927	0.82930			6
2024.12.31	01:39:10.547	0.82926				2
2024.12.31	01:39:37.171	0.82927				2
2024.12.31	01:39:37.730	0.82926				2
2024.12.31	01:39:44.617	0.82927				2
2024.12.31	01:39:50.385		0.82931			4
2024.12.31	01:40:00.174	0.82927				2
2024.12.31	01:40:05.312		0.82930			4
2024.12.31	01:40:08.259	0.82926	0.82929			6
2024.12.31	01:40:14.719		0.82930			4
2024.12.31	01:40:40.181		0.82929			4
2024.12.31	01:40:51.983		0.82930			4
2024.12.31	01:40:54.000		0.82928			4
2024.12.31	01:41:00.972	0.82926				2
2024.12.31	01:41:03.260	0.82925				2
2024.12.31	01:41:33.841		0.82929			4
2024.12.31	01:41:38.611	0.82926				2
2024.12.31	01:41:39.402	0.82925				2
2024.12.31	01:41:44.315	0.82926				2
2024.12.31	01:41:52.613	0.82925				2
2024.12.31	01:41:58.261	0.82926				2
2024.12.31	01:42:01.146	0.82926	0.82930			6
2024.12.31	01:42:07.992		0.82929			4
2024.12.31	01:42:08.504		0.82928			4
2024.12.31	01:42:16.718		0.82929			4
2024.12.31	01:42:25.610	0.82927	0.82930			6
2024.12.31	01:42:32.613	0.82928	0.82931			6
2024.12.31	01:42:34.886		0.82932			4
2024.12.31	01:43:00.634	0.82928				2
2024.12.31	01:43:07.067		0.82930			4
2024.12.31	01:43:14.721		0.82929			4
2024.12.31	01:43:17.926	0.82924	0.82928			6
2024.12.31	01:44:00.388	0.82924				2
2024.12.31	01:44:09.800	0.82920	0.82924			6
2024.12.31	01:44:10.677	0.82919	0.82923			6
2024.12.31	01:44:15.577	0.82920	0.82924			6
2024.12.31	01:44:21.323	0.82919	0.82923			6
2024.12.31	01:44:25.658		0.82925			4
2024.12.31	01:44:30.680	0.82916	0.82923			6
2024.12.31	01:44:31.463		0.82922			4
2024.12.31	01:45:00.187	0.82916				2
2024.12.31	01:45:01.557	0.82915	0.82921			6
2024.12.31	01:45:06.024		0.82922			4
2024.12.31	01:45:09.442		0.82921			4
2024.12.31	01:45:15.125	0.82914	0.82920			6
2024.12.31	01:45:16.347	0.82915	0.82921			6
2024.12.31	01:45:18.260	0.82912	0.82919			6
2024.12.31	01:45:18.583		0.82918			4
2024.12.31	01:45:21.263		0.82919			4
2024.12.31	01:45:22.662		0.82920			4
2024.12.31	01:45:38.295	0.82914	0.82921			6
2024.12.31	01:45:38.602	0.82913				2
2024.12.31	01:45:40.716	0.82914				2
2024.12.31	01:45:49.140		0.82920			4
2024.12.31	01:46:00.982	0.82914				2
2024.12.31	01:46:07.437	0.82913				2
2024.12.31	01:46:12.500	0.82914	0.82919			6
2024.12.31	01:46:15.801	0.82913				2
2024.12.31	01:46:24.554	0.82914	0.82920			6
2024.12.31	01:46:35.334		0.82921			4
2024.12.31	01:46:35.654	0.82915				2
2024.12.31	01:46:39.688	0.82916	0.82922			6
2024.12.31	01:46:41.310	0.82915	0.82921			6
2024.12.31	01:47:01.262	0.82916	0.82924			6
2024.12.31	01:47:01.606	0.82917	0.82923			6
2024.12.31	01:47:10.700	0.82916				2
2024.12.31	01:47:11.915	0.82917				2
2024.12.31	01:47:17.612	0.82916				2
2024.12.31	01:47:32.317	0.82917				2
2024.12.31	01:47:32.694	0.82919	0.82924			6
2024.12.31	01:47:33.287	0.82917				2
2024.12.31	01:47:42.441		0.82923			4
2024.12.31	01:47:56.382		0.82924			4
2024.12.31	01:48:00.274	0.82917	0.82923			6
2024.12.31	01:48:17.621	0.82916	0.82922			6
2024.12.31	01:48:17.930		0.82921			4
2024.12.31	01:48:22.647		0.82922			4
2024.12.31	01:48:32.683		0.82923			4
2024.12.31	01:48:33.302		0.82922			4
2024.12.31	01:48:38.616	0.82917	0.82923			6
2024.12.31	01:48:51.294	0.82918				2
2024.12.31	01:48:54.260		0.82924			4
2024.12.31	01:49:01.391	0.82918				2
2024.12.31	01:49:14.441	0.82916	0.82920			6
2024.12.31	01:49:14.773	0.82915				2
2024.12.31	01:49:20.353		0.82921			4
2024.12.31	01:49:23.721	0.82913	0.82920			6
2024.12.31	01:49:24.050	0.82914	0.82921			6
2024.12.31	01:49:27.506		0.82920			4
2024.12.31	01:50:00.297	0.82914				2
2024.12.31	01:50:24.044		0.82921			4
2024.12.31	01:50:34.118		0.82920			4
2024.12.31	01:50:34.650		0.82921			4
2024.12.31	01:50:41.582		0.82920			4
2024.12.31	01:50:47.308	0.82915				2
2024.12.31	01:50:58.880	0.82914				2
2024.12.31	01:51:00.382	0.82914				2
2024.12.31	01:51:05.975	0.82915				2
2024.12.31	01:51:26.378		0.82921			4
2024.12.31	01:51:38.732	0.82916				2
2024.12.31	01:51:40.918	0.82919	0.82925			6
2024.12.31	01:51:41.240	0.82920				2
2024.12.31	01:51:43.055	0.82919				2
2024.12.31	01:51:44.810	0.82920				2
2024.12.31	01:51:47.528		0.82926			4
2024.12.31	01:51:47.871		0.82925			4
2024.12.31	01:51:50.786		0.82926			4
2024.12.31	01:52:00.836	0.82920				2
2024.12.31	01:52:04.683		0.82925			4
2024.12.31	01:52:13.593	0.82921	0.82926			6
2024.12.31	01:52:13.947	0.82920	0.82925			6
2024.12.31	01:52:15.670		0.82926			4
2024.12.31	01:52:16.127		0.82925			4
2024.12.31	01:52:16.504	0.82921	0.82926			6
2024.12.31	01:52:18.065	0.82920	0.82925			6
2024.12.31	01:52:21.247	0.82921	0.82926			6
2024.12.31	01:52:22.112	0.82920	0.82925			6
2024.12.31	01:52:25.116		0.82926			4
2024.12.31	01:52:35.612	0.82921				2
2024.12.31	01:52:39.930	0.82920	0.82925			6
2024.12.31	01:52:44.242	0.82921	0.82926			6
2024.12.31	01:52:51.597		0.82927			4
2024.12.31	01:53:01.357	0.82921				2
2024.12.31	01:53:01.934	0.82922				2
2024.12.31	01:53:08.116		0.82928			4
2024.12.31	01:53:18.411	0.82923				2
2024.12.31	01:53:18.750	0.82921				2
2024.12.31	01:53:21.623	0.82922	0.82927			6
2024.12.31	01:53:29.225	0.82923	0.82928			6
2024.12.31	01:53:31.959	0.82921	0.82927			6
2024.12.31	01:53:32.690	0.82922				2
2024.12.31	01:53:39.993	0.82923	0.82928			6
2024.12.31	01:53:42.756	0.82922	0.82927			6
2024.12.31	01:53:43.778	0.82923	0.82928			6
2024.12.31	01:54:00.737	0.82923				2
2024.12.31	01:54:23.861		0.82929			4
2024.12.31	01:54:34.112		0.82928			4
2024.12.31	01:54:48.128	0.82924	0.82929			6
2024.12.31	01:54:53.030	0.82923				2
2024.12.31	01:54:53.505	0.82924				2
2024.12.31	01:54:57.997	0.82922	0.82927			6
2024.12.31	01:55:01.735	0.82922				2
2024.12.31	01:55:02.969	0.82924	0.82929			6
2024.12.31	01:55:08.613	0.82923	0.82928			6
2024.12.31	01:55:12.271		0.82929			4
2024.12.31	01:55:16.313		0.82928			4
2024.12.31	01:55:24.343	0.82922				2
2024.12.31	01:55:34.546	0.82921	0.82927			6
2024.12.31	01:55:41.461	0.82922				2
2024.12.31	01:55:45.815		0.82928			4
2024.12.31	01:55:49.763	0.82924	0.82929			6
2024.12.31	01:55:54.667	0.82923				2
2024.12.31	01:55:59.924		0.82928			4
2024.12.31	01:56:00.275	0.82923				2
2024.12.31	01:56:01.418	0.82924	0.82929			6
2024.12.31	01:56:17.853	0.82923	0.82928			6
2024.12.31	01:56:18.160	0.82924	0.82929			6
2024.12.31	01:56:25.426	0.82925	0.82930			6
2024.12.31	01:56:30.702	0.82924				2
2024.12.31	01:56:31.010		0.82929			4
2024.12.31	01:56:35.819	0.82923	0.82928			6
2024.12.31	01:56:54.677	0.82924	0.82929			6
2024.12.31	01:57:01.745	0.82923				2
2024.12.31	01:57:02.933	0.82924				2
2024.12.31	01:57:04.009	0.82923				2
2024.12.31	01:57:12.125	0.82922	0.82928			6
2024.12.31	01:57:13.618	0.82923				2
2024.12.31	01:57:14.621		0.82927			4
2024.12.31	01:57:17.794		0.82928			4
2024.12.31	01:57:25.498	0.82924	0.82929			6
2024.12.31	01:57:36.896	0.82923	0.82928			6
2024.12.31	01:57:38.736	0.82924	0.82929			6
2024.12.31	01:57:41.610	0.82923				2
2024.12.31	01:57:45.146	0.82924				2
2024.12.31	01:57:46.301	0.82923				2
2024.12.31	01:57:47.180	0.82924				2
2024.12.31	01:57:50.619	0.82923				2
2024.12.31	01:57:54.219		0.82928			4
2024.12.31	01:58:00.021	0.82923	0.82929			6
2024.12.31	01:58:01.060		0.82928			4
2024.12.31	01:58:01.752	0.82921	0.82927			6
2024.12.31	01:58:06.890		0.82926			4
2024.12.31	01:58:07.192	0.82922	0.82927			6
2024.12.31	01:58:19.130	0.82921				2
2024.12.31	01:58:20.178	0.82922	0.82928			6
2024.12.31	01:58:24.227		0.82927			4
2024.12.31	01:58:24.813	0.82923	0.82928			6
2024.12.31	01:58:36.357		0.82929			4
2024.12.31	01:58:46.871	0.82924				2
2024.12.31	01:58:48.037	0.82923				2
2024.12.31	01:59:00.420	0.82923				2
2024.12.31	01:59:04.048	0.82925				2
2024.12.31	01:59:04.350	0.82924				2
2024.12.31	01:59:06.718	0.82923				2
2024.12.31	01:59:07.417	0.82924				2
2024.12.31	01:59:12.350	0.82925				2
2024.12.31	01:59:14.012	0.82924				2
2024.12.31	01:59:36.832		0.82929			4
2024.12.31	01:59:51.761		0.82930			4
2024.12.31	01:59:55.087		0.82929			4
2024.12.31	02:00:00.363	0.82923				2
2024.12.31	02:00:00.756	0.82926	0.82927			6
2024.12.31	02:00:01.161		0.82928			4
2024.12.31	02:00:17.068		0.82927			4
2024.12.31	02:00:38.490	0.82925	0.82926			6
2024.12.31	02:00:43.761	0.82924	0.82927			6
2024.12.31	02:00:44.066	0.82923	0.82926			6
2024.12.31	02:01:00.471	0.82923				2
2024.12.31	02:01:04.147	0.82922				2
2024.12.31	02:01:25.018	0.82926	0.82927			6
2024.12.31	02:01:35.964		0.82928			4
2024.12.31	02:01:43.367	0.82927				2
2024.12.31	02:01:44.828	0.82926				2
2024.12.31	02:01:48.809	0.82927				2
2024.12.31	02:02:00.404	0.82927				2
2024.12.31	02:02:04.163	0.82926				2
2024.12.31	02:02:13.084	0.82927				2
2024.12.31	02:02:21.427	0.82928	0.82929			6
2024.12.31	02:03:00.390	0.82928				2
2024.12.31	02:03:11.166	0.82929	0.82931			6
2024.12.31	02:03:18.377	0.82930				2
2024.12.31	02:03:24.532	0.82929	0.82932			6
2024.12.31	02:03:30.055	0.82930	0.82931			6
2024.12.31	02:03:32.451	0.82929	0.82930			6
2024.12.31	02:03:36.254	0.82927	0.82931			6
2024.12.31	02:03:36.614	0.82928				2
2024.12.31	02:03:50.694	0.82927	0.82932			6
2024.12.31	02:03:59.611		0.82931			4
2024.12.31	02:04:00.059	0.82927				2
2024.12.31	02:04:23.892		0.82930			4
2024.12.31	02:04:25.460	0.82926	0.82929			6
2024.12.31	02:04:25.762	0.82928				2
2024.12.31	02:04:27.321	0.82927	0.82930			6
2024.12.31	02:04:31.732	0.82929				2
2024.12.31	02:04:36.479	0.82930	0.82931			6
2024.12.31	02:04:36.785	0.82929	0.82930			6
2024.12.31	02:04:38.347	0.82927	0.82932			6
2024.12.31	02:04:39.557		0.82930			4
2024.12.31	02:04:39.975	0.82926				2
2024.12.31	02:04:42.064		0.82929			4
2024.12.31	02:04:42.439	0.82925				2
2024.12.31	02:04:51.525	0.82926				2
2024.12.31	02:04:57.536	0.82925	0.82927			6
2024.12.31	02:05:00.371	0.82926				2
2024.12.31	02:05:00.765	0.82925	0.82926			6
2024.12.31	02:05:02.348	0.82924				2
2024.12.31	02:05:12.113		0.82925			4
2024.12.31	02:05:20.523	0.82923	0.82924			6
2024.12.31	02:05:20.831	0.82922	0.82923			6
2024.12.31	02:05:25.666		0.82924			4
2024.12.31	02:05:26.399	0.82923				2
2024.12.31	02:05:36.241	0.82924	0.82925			6
2024.12.31	02:06:00.209	0.82924				2
2024.12.31	02:06:09.734	0.82923				2
2024.12.31	02:06:22.371		0.82924			4
2024.12.31	02:06:22.809	0.82922	0.82923			6
2024.12.31	02:06:29.612	0.82923	0.82924			6
2024.12.31	02:06:56.251	0.82924	0.82925			6
2024.12.31	02:06:58.430	0.82923	0.82924			6
2024.12.31	02:07:00.471	0.82923				2
2024.12.31	02:07:00.810		0.82925			4
2024.12.31	02:07:01.984	0.82924				2
2024.12.31	02:07:02.412	0.82923	0.82924			6
2024.12.31	02:07:06.451		0.82925			4
2024.12.31	02:07:21.480		0.82924			4
2024.12.31	02:07:21.888		0.82925			4
2024.12.31	02:07:22.462	0.82924				2
2024.12.31	02:07:38.569	0.82923				2
2024.12.31	02:08:00.313	0.82923				2
2024.12.31	02:08:07.595		0.82924			4
2024.12.31	02:08:40.314	0.82924	0.82925			6
2024.12.31	02:09:00.815	0.82924				2
2024.12.31	02:09:13.451	0.82925	0.82926			6
2024.12.31	02:09:14.258	0.82924				2
2024.12.31	02:09:37.568		0.82925			4
2024.12.31	02:09:40.780		0.82926			4
2024.12.31	02:09:58.063		0.82925			4
2024.12.31	02:10:00.237	0.82924				2
2024.12.31	02:10:08.957	0.82923				2
2024.12.31	02:10:49.832		0.82924			4
2024.12.31	02:10:54.698	0.82922				2
2024.12.31	02:11:00.598	0.82922				2
2024.12.31	02:11:04.460	0.82923				2
2024.12.31	02:11:17.939	0.82922	0.82925			6
2024.12.31	02:11:18.345	0.82923				2
2024.12.31	02:11:19.648	0.82924				2
2024.12.31	02:11:20.215	0.82923	0.82926			6
2024.12.31	02:11:23.484	0.82924	0.82925			6
2024.12.31	02:11:30.495	0.82922	0.82923			6
2024.12.31	02:11:30.881		0.82924			4
2024.12.31	02:11:31.454		0.82923			4
2024.12.31	02:11:37.783	0.82921				2
2024.12.31	02:11:38.633	0.82922				2
2024.12.31	02:12:01.263	0.82922				2
2024.12.31	02:12:30.506	0.82923	0.82924			6
2024.12.31	02:12:32.342		0.82925			4
2024.12.31	02:13:02.333	0.82923				2
2024.12.31	02:13:03.544	0.82924				2
2024.12.31	02:13:34.736		0.82925			4
2024.12.31	02:13:37.026	0.82923				2
2024.12.31	02:13:37.359		0.82924			4
2024.12.31	02:13:39.341	0.82922	0.82925			6
2024.12.31	02:13:39.908	0.82923				2
2024.12.31	02:13:42.705	0.82924				2
2024.12.31	02:14:00.257	0.82924				2
2024.12.31	02:14:12.142	0.82922	0.82923			6
2024.12.31	02:14:12.633	0.82923	0.82924			6
2024.12.31	02:14:41.439	0.82922				2
2024.12.31	02:14:41.914		0.82923			4
2024.12.31	02:14:57.193		0.82924			4
2024.12.31	02:15:00.371	0.82922				2
2024.12.31	02:15:20.980		0.82923			4
2024.12.31	02:15:26.713	0.82921	0.82922			6
2024.12.31	02:15:31.377	0.82922	0.82923			6
2024.12.31	02:15:37.582	0.82923	0.82924			6
2024.12.31	02:15:46.902	0.82922	0.82923			6
2024.12.31	02:15:47.259	0.82923	0.82924			6
2024.12.31	02:15:52.187	0.82921	0.82922			6
2024.12.31	02:16:02.140	0.82921				2
2024.12.31	02:16:32.260	0.82922	0.82923			6
2024.12.31	02:16:47.658	0.82921	0.82922			6
2024.12.31	02:16:55.369	0.82922	0.82923			6
2024.12.31	02:17:00.676	0.82922				2
2024.12.31	02:17:18.666	0.82921				2
2024.12.31	02:17:19.204		0.82922			4
2024.12.31	02:17:19.941	0.82920	0.82921			6
2024.12.31	02:17:21.727	0.82921	0.82922			6
2024.12.31	02:17:37.381	0.82919	0.82920			6
2024.12.31	02:17:38.815	0.82918				2
2024.12.31	02:17:39.792	0.82919				2
2024.12.31	02:17:41.159	0.82918				2
2024.12.31	02:18:01.790	0.82918				2
2024.12.31	02:18:08.413	0.82919				2
2024.12.31	02:18:37.620		0.82920			4
2024.12.31	02:19:04.467	0.82919				2
2024.12.31	02:19:38.005		0.82920			4
2024.12.31	02:19:44.887	0.82918				2
2024.12.31	02:20:00.089	0.82918				2
2024.12.31	02:20:06.941	0.82920	0.82921			6
2024.12.31	02:21:00.357	0.82920				2
2024.12.31	02:21:07.304		0.82921			4
2024.12.31	02:21:29.759	0.82921	0.82922			6
2024.12.31	02:21:50.591		0.82923			4
2024.12.31	02:21:54.347	0.82922				2
2024.12.31	02:22:00.473	0.82921				2
2024.12.31	02:22:01.001	0.82922				2
2024.12.31	02:22:03.733	0.82921	0.82922			6
2024.12.31	02:22:21.871	0.82922	0.82923			6
2024.12.31	02:22:23.434	0.82921				2
2024.12.31	02:22:24.170		0.82922			4
2024.12.31	02:22:52.290	0.82920	0.82921			6
2024.12.31	02:23:01.312	0.82920				2
2024.12.31	02:23:20.609	0.82921	0.82922			6
2024.12.31	02:23:20.913	0.82922	0.82924			6
2024.12.31	02:23:21.458	0.82923				2
2024.12.31	02:23:22.351	0.82922				2
2024.12.31	02:23:22.982	0.82923				2
2024.12.31	02:23:26.836	0.82922	0.82923			6
2024.12.31	02:23:28.280		0.82924			4
2024.12.31	02:23:28.989	0.82923				2
2024.12.31	02:23:31.352	0.82922	0.82923			6
2024.12.31	02:23:34.350	0.82923	0.82924			6
2024.12.31	02:23:44.515	0.82924	0.82925			6
2024.12.31	02:24:00.305	0.82924				2
2024.12.31	02:24:27.412	0.82923				2
2024.12.31	02:24:30.109		0.82924			4
2024.12.31	02:24:45.480		0.82925			4
2024.12.31	02:24:52.224		0.82924			4
2024.12.31	02:25:00.818	0.82923				2
2024.12.31	02:25:31.199	0.82922	0.82923			6
2024.12.31	02:25:32.541	0.82923	0.82924			6
2024.12.31	02:25:44.682		0.82925			4
2024.12.31	02:25:45.837		0.82924			4
2024.12.31	02:25:57.377	0.82922				2
2024.12.31	02:26:01.724	0.82922				2
2024.12.31	02:26:05.674	0.82923				2
2024.12.31	02:26:27.219	0.82922	0.82923			6
2024.12.31	02:26:42.010	0.82923	0.82924			6
2024.12.31	02:26:42.491	0.82922				2
2024.12.31	02:26:42.997		0.82923			4
2024.12.31	02:27:00.434	0.82922				2
2024.12.31	02:27:05.441	0.82923	0.82924			6
2024.12.31	02:27:17.321	0.82922	0.82923			6
2024.12.31	02:27:20.320	0.82923	0.82924			6
2024.12.31	02:27:22.365	0.82922	0.82923			6
2024.12.31	02:27:24.816	0.82923	0.82924			6
2024.12.31	02:28:01.749	0.82923				2
2024.12.31	02:28:18.794		0.82925			4
2024.12.31	02:28:19.602		0.82924			4
2024.12.31	02:28:37.061	0.82921	0.82923			6
2024.12.31	02:28:37.575	0.82922				2
2024.12.31	02:28:49.069	0.82923	0.82924			6
2024.12.31	02:29:00.081	0.82923				2
2024.12.31	02:29:00.498	0.82922				2
2024.12.31	02:29:15.965	0.82923				2
2024.12.31	02:29:19.444	0.82922	0.82923			6
2024.12.31	02:30:01.421	0.82922				2
2024.12.31	02:30:08.271	0.82921				2
2024.12.31	02:30:10.171	0.82922				2
2024.12.31	02:30:10.563		0.82924			4
2024.12.31	02:30:11.555		0.82923			4
2024.12.31	02:30:15.302	0.82923	0.82924			6
2024.12.31	02:30:27.977	0.82927	0.82928			6
2024.12.31	02:30:28.640	0.82925	0.82926			6
2024.12.31	02:30:36.843	0.82927	0.82928			6
2024.12.31	02:30:52.739	0.82925	0.82926			6
2024.12.31	02:31:00.516	0.82924	0.82925			6
2024.12.31	02:31:08.391	0.82923	0.82924			6
2024.12.31	02:31:08.878	0.82922				2
2024.12.31	02:31:09.193	0.82924	0.82925			6
2024.12.31	02:31:09.600		0.82926			4
2024.12.31	02:31:10.108	0.82925				2
2024.12.31	02:31:11.127	0.82924				2
2024.12.31	02:31:11.447	0.82925				2
2024.12.31	02:31:13.753	0.82927	0.82928			6
2024.12.31	02:31:14.115	0.82926				2
2024.12.31	02:31:14.431	0.82927				2
2024.12.31	02:31:18.596	0.82926	0.82927			6
2024.12.31	02:31:22.350	0.82925	0.82926			6
2024.12.31	02:31:24.719	0.82928	0.82929			6
2024.12.31	02:31:27.935		0.82930			4
2024.12.31	02:31:28.736		0.82929			4
2024.12.31	02:31:37.390	0.82924	0.82925			6
2024.12.31	02:31:38.350	0.82925	0.82926			6
2024.12.31	02:31:39.464	0.82924	0.82927			6
2024.12.31	02:31:39.784	0.82928	0.82929			6
2024.12.31	02:31:41.529	0.82925	0.82927			6
2024.12.31	02:31:45.774	0.82927	0.82928			6
2024.12.31	02:31:49.224	0.82926	0.82927			6
2024.12.31	02:32:03.267	0.82925	0.82926			6
2024.12.31	02:32:06.654	0.82926	0.82927			6
2024.12.31	02:32:10.818	0.82924	0.82926			6
2024.12.31	02:32:18.322		0.82925			4
2024.12.31	02:32:18.623	0.82927	0.82928			6
2024.12.31	02:32:19.569	0.82928	0.82929			6
2024.12.31	02:32:19.889	0.82929	0.82930			6
2024.12.31	02:32:20.351	0.82924	0.82925			6
2024.12.31	02:32:20.663	0.82923	0.82924			6
2024.12.31	02:32:21.662	0.82924	0.82925			6
2024.12.31	02:32:37.821	0.82923	0.82924			6
2024.12.31	02:32:39.144	0.82924	0.82925			6
2024.12.31	02:32:42.024	0.82923	0.82924			6
2024.12.31	02:32:47.915	0.82924	0.82925			6
2024.12.31	02:32:51.969		0.82926			4
2024.12.31	02:32:52.284		0.82925			4
2024.12.31	02:33:00.406	0.82924				2
2024.12.31	02:33:07.741	0.82925	0.82926			6
2024.12.31	02:33:08.201	0.82924	0.82925			6
2024.12.31	02:33:08.501	0.82925	0.82927			6
2024.12.31	02:33:08.878		0.82926			4
2024.12.31	02:33:12.438	0.82926	0.82927			6
2024.12.31	02:33:12.741	0.82925	0.82926			6
2024.12.31	02:33:17.612	0.82924				2
2024.12.31	02:33:18.322	0.82926	0.82927			6
2024.12.31	02:33:21.833	0.82927	0.82928			6
2024.12.31	02:33:39.676	0.82925	0.82926			6
2024.12.31	02:33:42.715	0.82926	0.82927			6
2024.12.31	02:33:43.368	0.82924	0.82925			6
2024.12.31	02:33:46.951	0.82923	0.82924			6
2024.12.31	02:33:58.032	0.82924	0.82925			6
2024.12.31	02:33:58.640	0.82925	0.82926			6
2024.12.31	02:34:00.663	0.82927	0.82928			6
2024.12.31	02:34:01.393	0.82926	0.82927			6
2024.12.31	02:34:02.631	0.82927	0.82928			6
2024.12.31	02:34:04.121	0.82925	0.82926			6
2024.12.31	02:34:05.351	0.82924	0.82925			6
2024.12.31	02:34:08.743	0.82925	0.82927			6
2024.12.31	02:34:17.987	0.82924	0.82925			6
2024.12.31	02:34:19.064		0.82926			4
2024.12.31	02:34:21.478		0.82925			4
2024.12.31	02:34:33.802		0.82926			4
2024.12.31	02:34:34.152	0.82925				2
2024.12.31	02:34:42.414	0.82924	0.82925			6
2024.12.31	02:34:47.302	0.82925	0.82926			6
2024.12.31	02:35:00.463	0.82925				2
2024.12.31	02:35:17.669	0.82924				2
2024.12.31	02:35:17.995		0.82925			4
2024.12.31	02:35:20.315		0.82926			4
2024.12.31	02:35:24.787	0.82925				2
2024.12.31	02:35:37.702	0.82926	0.82927			6
2024.12.31	02:35:51.582	0.82927	0.82928			6
2024.12.31	02:35:56.358	0.82926	0.82927			6
2024.12.31	02:35:56.664	0.82925	0.82926			6
2024.12.31	02:35:57.862	0.82924				2
2024.12.31	02:35:58.483	0.82926	0.82927			6
2024.12.31	02:35:58.935	0.82927	0.82928			6
2024.12.31	02:36:00.723	0.82927				2
2024.12.31	02:36:01.363	0.82926	0.82927			6
2024.12.31	02:36:04.966	0.82925	0.82926			6
2024.12.31	02:36:07.271	0.82927	0.82928			6
2024.12.31	02:36:23.323	0.82924	0.82926			6
2024.12.31	02:36:29.854		0.82925			4
2024.12.31	02:36:31.582	0.82926	0.82927			6
2024.12.31	02:36:43.441	0.82925	0.82926			6
2024.12.31	02:36:44.505	0.82926	0.82927			6
2024.12.31	02:37:00.268	0.82926				2
2024.12.31	02:37:25.443	0.82927	0.82928			6
2024.12.31	02:37:25.786	0.82926	0.82927			6
2024.12.31	02:37:34.900	0.82924	0.82925			6
2024.12.31	02:37:57.568	0.82926	0.82927			6
2024.12.31	02:37:57.875	0.82925	0.82926			6
2024.12.31	02:37:58.326	0.82924	0.82925			6
2024.12.31	02:38:00.304	0.82924				2
2024.12.31	02:38:07.422		0.82926			4
2024.12.31	02:38:10.778		0.82925			4
2024.12.31	02:38:26.564	0.82923	0.82926			6
2024.12.31	02:38:27.248	0.82924	0.82925			6
2024.12.31	02:38:53.572	0.82925	0.82926			6
2024.12.31	02:38:58.555	0.82924	0.82925			6
2024.12.31	02:39:02.316	0.82924				2
2024.12.31	02:39:04.923	0.82925	0.82926			6
2024.12.31	02:39:05.446	0.82924	0.82925			6
2024.12.31	02:39:06.355		0.82926			4
2024.12.31	02:39:15.972	0.82925				2
2024.12.31	02:39:18.399	0.82924	0.82925			6
2024.12.31	02:39:23.684	0.82925	0.82926			6
2024.12.31	02:40:00.641	0.82925				2
2024.12.31	02:40:03.869	0.82924	0.82925			6
2024.12.31	02:40:09.262		0.82926			4
2024.12.31	02:40:11.193		0.82925			4
2024.12.31	02:40:26.611	0.82925	0.82926			6
2024.12.31	02:40:28.494	0.82924				2
2024.12.31	02:40:29.339	0.82925				2
2024.12.31	02:40:33.887	0.82926	0.82927			6
2024.12.31	02:40:39.513	0.82927	0.82928			6
2024.12.31	02:40:59.060	0.82924	0.82925			6
2024.12.31	02:41:00.141	0.82924				2
2024.12.31	02:41:02.604	0.82925	0.82926			6
2024.12.31	02:41:04.343	0.82927	0.82928			6
2024.12.31	02:41:07.032	0.82928	0.82929			6
2024.12.31	02:41:16.171	0.82927	0.82928			6
2024.12.31	02:41:16.784	0.82925	0.82926			6
2024.12.31	02:41:18.495	0.82924				2
2024.12.31	02:41:22.017	0.82920	0.82922			6
2024.12.31	02:41:22.683		0.82921			4
2024.12.31	02:41:32.402	0.82922	0.82923			6
2024.12.31	02:41:32.957		0.82924			4
2024.12.31	02:41:39.710	0.82923				2
2024.12.31	02:41:40.838	0.82921	0.82922			6
2024.12.31	02:41:41.336	0.82920				2
2024.12.31	02:41:47.001		0.82924			4
2024.12.31	02:41:47.578	0.82921	0.82922			6
2024.12.31	02:41:50.449		0.82923			4
2024.12.31	02:41:52.222	0.82922				2
2024.12.31	02:42:01.455	0.82922				2
2024.12.31	02:42:02.777		0.82924			4
2024.12.31	02:42:03.268		0.82923			4
2024.12.31	02:42:17.315	0.82923	0.82924			6
2024.12.31	02:42:24.087	0.82922	0.82923			6
2024.12.31	02:42:31.011	0.82921	0.82922			6
2024.12.31	02:42:45.346	0.82920	0.82921			6
2024.12.31	02:42:53.247	0.82919	0.82922			6
2024.12.31	02:42:54.325	0.82920	0.82921			6
2024.12.31	02:42:55.363	0.82919	0.82922			6
2024.12.31	02:42:55.711	0.82920	0.82921			6
2024.12.31	02:43:00.058	0.82920				2
2024.12.31	02:43:02.734	0.82921	0.82922			6
2024.12.31	02:43:11.379		0.82923			4
2024.12.31	02:43:11.716	0.82922				2
2024.12.31	02:43:12.419		0.82924			4
2024.12.31	02:43:14.517	0.82923				2
2024.12.31	02:43:22.530	0.82921	0.82922			6
2024.12.31	02:43:25.507	0.82920	0.82921			6
2024.12.31	02:43:26.573		0.82922			4
2024.12.31	02:43:29.320		0.82921			4
2024.12.31	02:43:40.410		0.82922			4
2024.12.31	02:43:45.376		0.82921			4
2024.12.31	02:43:48.593	0.82918	0.82919			6
2024.12.31	02:43:51.961	0.82919	0.82920			6
2024.12.31	02:43:55.403		0.82921			4
2024.12.31	02:43:58.137	0.82918	0.82920			6
2024.12.31	02:43:58.447	0.82919				2
2024.12.31	02:44:00.138	0.82919				2
2024.12.31	02:44:01.881	0.82918				2
2024.12.31	02:44:16.307		0.82919			4
2024.12.31	02:44:24.560	0.82919	0.82920			6
2024.12.31	02:44:27.940		0.82922			4
2024.12.31	02:44:32.842		0.82921			4
2024.12.31	02:44:42.627	0.82920				2
2024.12.31	02:44:45.220	0.82919				2
2024.12.31	02:44:47.033		0.82920			4
2024.12.31	02:45:00.034	0.82919				2
2024.12.31	02:45:00.687		0.82922			4
2024.12.31	02:45:01.412	0.82920	0.82921			6
2024.12.31	02:45:01.722	0.82921	0.82923			6
2024.12.31	02:45:03.247		0.82922			4
2024.12.31	02:45:32.749	0.82920	0.82921			6
2024.12.31	02:45:38.617		0.82922			4
2024.12.31	02:45:39.256	0.82921				2
2024.12.31	02:45:42.714	0.82920				2
2024.12.31	02:45:49.284	0.82919				2
2024.12.31	02:45:51.636	0.82921				2
2024.12.31	02:45:53.295	0.82919	0.82920			6
2024.12.31	02:46:02.372	0.82921	0.82923			6
2024.12.31	02:46:02.686		0.82922			4
2024.12.31	02:46:05.865	0.82922	0.82923			6
2024.12.31	02:46:18.993	0.82923	0.82924			6
2024.12.31	02:46:45.185	0.82924	0.82925			6
2024.12.31	02:46:58.849	0.82926	0.82927			6
2024.12.31	02:47:00.353	0.82926				2
2024.12.31	02:47:35.150	0.82928	0.82929			6
2024.12.31	02:47:50.707	0.82930	0.82931			6
2024.12.31	02:47:51.170	0.82929	0.82930			6
2024.12.31	02:47:51.874	0.82930	0.82931			6
2024.12.31	02:48:00.240	0.82930				2
2024.12.31	02:48:46.169	0.82932	0.82933			6
2024.12.31	02:49:00.744	0.82932				2
2024.12.31	02:49:12.570	0.82930	0.82931			6
2024.12.31	02:49:12.886	0.82929	0.82930			6
2024.12.31	02:49:15.227		0.82931			4
2024.12.31	02:49:45.324		0.82930			4
2024.12.31	02:50:00.547	0.82929				2
2024.12.31	02:50:25.635	0.82931	0.82932			6
2024.12.31	02:50:30.496	0.82928	0.82929			6
2024.12.31	02:50:38.400		0.82930			4
2024.12.31	02:50:49.715		0.82929			4
2024.12.31	02:50:50.595	0.82927	0.82928			6
2024.12.31	02:50:53.473	0.82924	0.82926			6
2024.12.31	02:50:59.251	0.82925				2
2024.12.31	02:51:00.688	0.82925				2
2024.12.31	02:51:51.547	0.82926	0.82928			6
2024.12.31	02:51:53.720		0.82927			4
2024.12.31	02:52:00.128	0.82926				2
2024.12.31	02:52:10.756		0.82928			4
2024.12.31	02:52:14.546		0.82927			4
2024.12.31	02:52:23.430	0.82927	0.82928			6
2024.12.31	02:52:24.344	0.82926	0.82927			6
2024.12.31	02:52:27.663	0.82925				2
2024.12.31	02:52:31.386		0.82926			4
2024.12.31	02:52:43.829	0.82924	0.82925			6
2024.12.31	02:53:00.285	0.82924				2
2024.12.31	02:53:01.009		0.82926			4
2024.12.31	02:53:02.412	0.82925				2
2024.12.31	02:53:11.409		0.82927			4
2024.12.31	02:53:16.820		0.82926			4
2024.12.31	02:53:19.900		0.82927			4
2024.12.31	02:53:35.779		0.82926			4
2024.12.31	02:53:49.381	0.82927	0.82928			6
2024.12.31	02:54:00.353	0.82927				2
2024.12.31	02:54:20.887	0.82928	0.82929			6
2024.12.31	02:55:00.141	0.82928				2
2024.12.31	02:55:00.832	0.82929	0.82930			6
2024.12.31	02:55:03.433		0.82931			4
2024.12.31	02:55:10.991		0.82930			4
2024.12.31	02:55:11.683	0.82926	0.82927			6
2024.12.31	02:55:23.491	0.82925	0.82926			6
2024.12.31	02:55:51.533	0.82924	0.82925			6
2024.12.31	02:55:51.845	0.82923	0.82924			6
2024.12.31	02:55:53.760	0.82924	0.82925			6
2024.12.31	02:56:00.470	0.82924				2
2024.12.31	02:56:11.955	0.82921	0.82922			6
2024.12.31	02:56:25.615	0.82919	0.82920			6
2024.12.31	02:56:26.656		0.82921			4
2024.12.31	02:56:27.592		0.82920			4
2024.12.31	02:56:32.469	0.82918	0.82919			6
2024.12.31	02:56:33.534	0.82917				2
2024.12.31	02:56:34.122		0.82918			4
2024.12.31	02:56:37.686	0.82918	0.82919			6
2024.12.31	02:56:45.160	0.82919	0.82920			6
2024.12.31	02:56:47.893	0.82920	0.82921			6
2024.12.31	02:57:00.288	0.82920				2
2024.12.31	02:57:01.161	0.82919				2
2024.12.31	02:57:02.332	0.82920				2
2024.12.31	02:57:02.827	0.82919				2
2024.12.31	02:57:11.295		0.82920			4
2024.12.31	02:57:30.403	0.82920	0.82921			6
2024.12.31	02:57:31.969	0.82921	0.82922			6
2024.12.31	02:57:37.299	0.82919	0.82920			6
2024.12.31	02:57:41.704	0.82918	0.82919			6
2024.12.31	02:57:43.387	0.82916	0.82917			6
2024.12.31	02:57:44.721	0.82915	0.82916			6
2024.12.31	02:57:45.022	0.82914	0.82915			6
2024.12.31	02:57:45.338		0.82916			4
2024.12.31	02:57:47.529	0.82916	0.82917			6
2024.12.31	02:57:47.843	0.82917	0.82918			6
2024.12.31	02:57:48.166	0.82920	0.82921			6
2024.12.31	02:57:49.175	0.82918	0.82920			6
2024.12.31	02:57:51.381		0.82919			4
2024.12.31	02:57:59.518	0.82919	0.82921			6
2024.12.31	02:58:00.386	0.82919				2
2024.12.31	02:58:10.496		0.82920			4
2024.12.31	02:58:18.566		0.82921			4
2024.12.31	02:58:19.821		0.82920			4
2024.12.31	02:58:36.363	0.82920	0.82921			6
2024.12.31	02:58:38.825	0.82919				2
2024.12.31	02:58:39.145	0.82920				2
2024.12.31	02:59:00.932	0.82920				2
2024.12.31	02:59:03.586		0.82922			4
2024.12.31	02:59:05.725		0.82921			4
2024.12.31	02:59:45.681	0.82918	0.82920			6
2024.12.31	02:59:46.345	0.82919				2
2024.12.31	02:59:46.726	0.82918	0.82919			6
2024.12.31	02:59:47.289	0.82919	0.82920			6
2024.12.31	02:59:48.954	0.82918	0.82919			6
2024.12.31	02:59:50.791	0.82919	0.82920			6
2024.12.31	02:59:52.343	0.82918	0.82919			6
2024.12.31	02:59:52.983	0.82916	0.82918			6
2024.12.31	02:59:58.070		0.82917			4
2024.12.31	02:59:59.228		0.82918			4
2024.12.31	02:59:59.700	0.82917				2
2024.12.31	03:00:00.378	0.82916	0.82917			6
2024.12.31	03:00:02.459	0.82917	0.82918			6
2024.12.31	03:00:19.556	0.82918	0.82919			6
2024.12.31	03:00:20.207	0.82917				2
2024.12.31	03:00:20.563		0.82918			4
2024.12.31	03:00:24.196	0.82918	0.82919			6
2024.12.31	03:00:35.888	0.82919	0.82920			6
2024.12.31	03:00:36.206	0.82918	0.82919			6
2024.12.31	03:00:38.523	0.82919	0.82920			6
2024.12.31	03:00:40.755	0.82920	0.82921			6
2024.12.31	03:00:57.303	0.82919				2
2024.12.31	03:00:57.607	0.82920				2
2024.12.31	03:01:00.622	0.82920				2
2024.12.31	03:01:01.801		0.82922			4
2024.12.31	03:01:04.525		0.82923			4
2024.12.31	03:01:04.974		0.82922			4
2024.12.31	03:01:10.021	0.82921				2
2024.12.31	03:01:11.054	0.82920				2
2024.12.31	03:01:15.735	0.82921				2
2024.12.31	03:01:22.122	0.82919				2
2024.12.31	03:01:24.977	0.82920	0.82921			6
2024.12.31	03:01:34.866	0.82921	0.82922			6
2024.12.31	03:01:35.197	0.82922	0.82923			6
2024.12.31	03:01:37.988	0.82921	0.82922			6
2024.12.31	03:01:40.782	0.82920				2
2024.12.31	03:01:42.330	0.82921				2
2024.12.31	03:01:51.264	0.82922	0.82923			6
2024.12.31	03:01:51.926	0.82921	0.82922			6
2024.12.31	03:02:00.283	0.82921				2
2024.12.31	03:02:08.273		0.82923			4
2024.12.31	03:02:11.296		0.82922			4
2024.12.31	03:02:18.740	0.82922	0.82923			6
2024.12.31	03:02:22.114		0.82924			4
2024.12.31	03:02:22.483		0.82923			4
2024.12.31	03:02:24.881	0.82921				2
2024.12.31	03:02:26.002	0.82922				2
2024.12.31	03:02:30.491	0.82921				2
2024.12.31	03:02:33.540		0.82922			4
2024.12.31	03:03:00.357	0.82921				2
2024.12.31	03:03:01.592	0.82920	0.82921			6
2024.12.31	03:03:06.109	0.82919	0.82920			6
2024.12.31	03:03:06.435	0.82920	0.82921			6
2024.12.31	03:03:07.668	0.82919				2
2024.12.31	03:03:07.993	0.82920				2
2024.12.31	03:03:10.621	0.82921	0.82922			6
2024.12.31	03:03:12.023	0.82920	0.82921			6
2024.12.31	03:03:14.848		0.82922			4
2024.12.31	03:03:21.403	0.82921				2
2024.12.31	03:03:43.506		0.82923			4
2024.12.31	03:03:44.281		0.82922			4
2024.12.31	03:03:46.458	0.82922	0.82923			6
2024.12.31	03:04:00.206	0.82922				2
2024.12.31	03:04:16.385	0.82920	0.82922			6
2024.12.31	03:04:16.704	0.82921				2
2024.12.31	03:04:30.140	0.82922	0.82923			6
2024.12.31	03:04:31.252	0.82923	0.82924			6
2024.12.31	03:04:40.475	0.82922				2
2024.12.31	03:04:41.510	0.82923				2
2024.12.31	03:05:00.494	0.82923				2
2024.12.31	03:05:02.421	0.82924	0.82925			6
2024.12.31	03:05:18.185	0.82925	0.82926			6
2024.12.31	03:05:18.498	0.82926	0.82927			6
2024.12.31	03:05:19.849	0.82925				2
2024.12.31	03:05:29.534	0.82926				2
2024.12.31	03:05:43.981	0.82925				2
2024.12.31	03:05:47.973		0.82926			4
2024.12.31	03:05:55.672		0.82927			4
2024.12.31	03:06:00.034	0.82925				2
2024.12.31	03:06:00.717	0.82926				2
2024.12.31	03:06:12.264	0.82925	0.82926			6
2024.12.31	03:06:22.770		0.82927			4
2024.12.31	03:06:23.323		0.82926			4
2024.12.31	03:06:24.475	0.82924				2
2024.12.31	03:06:26.893	0.82925				2
2024.12.31	03:06:27.956	0.82924	0.82925			6
2024.12.31	03:06:28.497	0.82925	0.82926			6
2024.12.31	03:06:33.106		0.82927			4
2024.12.31	03:06:33.630	0.82926				2
2024.12.31	03:06:43.142	0.82925				2
2024.12.31	03:06:52.105	0.82924	0.82926			6
2024.12.31	03:06:52.792		0.82925			4
2024.12.31	03:06:53.771		0.82926			4
2024.12.31	03:06:54.419		0.82925			4
2024.12.31	03:07:03.948	0.82924				2
2024.12.31	03:07:10.225	0.82925	0.82926			6
2024.12.31	03:07:44.076	0.82923	0.82925			6
2024.12.31	03:08:00.680	0.82923				2
2024.12.31	03:08:03.741	0.82924				2
2024.12.31	03:08:06.131	0.82925	0.82926			6
2024.12.31	03:08:12.594	0.82924	0.82925			6
2024.12.31	03:08:17.945	0.82923				2
2024.12.31	03:08:20.105		0.82924			4
2024.12.31	03:08:44.336		0.82925			4
2024.12.31	03:08:44.645	0.82924				2
2024.12.31	03:08:45.478	0.82923				2
2024.12.31	03:08:47.800	0.82924				2
2024.12.31	03:08:48.379	0.82925	0.82926			6
2024.12.31	03:08:49.735	0.82924				2
2024.12.31	03:09:01.502	0.82924				2
2024.12.31	03:09:11.866		0.82925			4
2024.12.31	03:09:12.247		0.82926			4
2024.12.31	03:09:12.917		0.82925			4
2024.12.31	03:09:17.802	0.82926	0.82927			6
2024.12.31	03:09:29.937	0.82928	0.82930			6
2024.12.31	03:09:30.748	0.82929	0.82931			6
2024.12.31	03:09:31.406	0.82930				2
2024.12.31	03:09:40.374	0.82929				2
2024.12.31	03:09:48.348	0.82930				2
2024.12.31	03:10:00.511	0.82930				2
2024.12.31	03:10:32.670		0.82931			4
2024.12.31	03:10:37.783	0.82928	0.82929			6
2024.12.31	03:10:44.131	0.82929	0.82930			6
2024.12.31	03:10:46.209	0.82930	0.82931			6
2024.12.31	03:10:47.442	0.82929	0.82930			6
2024.12.31	03:10:59.522	0.82928	0.82929			6
2024.12.31	03:10:59.870	0.82929	0.82930			6
2024.12.31	03:11:00.224	0.82929				2
2024.12.31	03:11:02.830	0.82930	0.82931			6
2024.12.31	03:11:04.954	0.82928	0.82929			6
2024.12.31	03:11:06.766	0.82927	0.82928			6
2024.12.31	03:11:17.811	0.82926	0.82927			6
2024.12.31	03:11:25.179		0.82928			4
2024.12.31	03:11:30.109		0.82927			4
2024.12.31	03:11:50.639	0.82925	0.82926			6
2024.12.31	03:11:57.372	0.82926	0.82927			6
2024.12.31	03:11:59.322	0.82925	0.82926			6
2024.12.31	03:12:00.255	0.82925				2
2024.12.31	03:12:02.441	0.82924	0.82925			6
2024.12.31	03:12:03.218	0.82923				2
2024.12.31	03:12:09.002		0.82924			4
2024.12.31	03:12:12.037	0.82922				2
2024.12.31	03:12:16.725	0.82921	0.82923			6
2024.12.31	03:12:18.810		0.82922			4
2024.12.31	03:12:19.132		0.82923			4
2024.12.31	03:12:20.152	0.82922	0.82924			6
2024.12.31	03:12:20.778	0.82923				2
2024.12.31	03:12:23.440	0.82922				2
2024.12.31	03:12:25.737	0.82923				2
2024.12.31	03:12:28.562	0.82922	0.82923			6
2024.12.31	03:12:28.870	0.82921	0.82922			6
2024.12.31	03:12:32.521	0.82922	0.82923			6
2024.12.31	03:12:32.826	0.82923	0.82924			6
2024.12.31	03:12:36.842		0.82925			4
2024.12.31	03:12:37.655		0.82924			4
2024.12.31	03:12:39.990		0.82925			4
2024.12.31	03:12:40.304	0.82924				2
2024.12.31	03:12:41.667	0.82925	0.82926			6
2024.12.31	03:12:42.494	0.82924	0.82925			6
2024.12.31	03:12:46.685	0.82923	0.82924			6
2024.12.31	03:12:48.437		0.82925			4
2024.12.31	03:12:51.205		0.82924			4
2024.12.31	03:12:51.525	0.82921	0.82922			6
2024.12.31	03:12:57.098	0.82920				2
2024.12.31	03:12:57.416		0.82921			4
2024.12.31	03:12:58.662	0.82919				2
2024.12.31	03:12:58.972	0.82920				2
2024.12.31	03:12:59.289	0.82919	0.82920			6
2024.12.31	03:12:59.623		0.82921			4
2024.12.31	03:13:00.518	0.82919				2
2024.12.31	03:13:00.976		0.82920			4
2024.12.31	03:13:04.723	0.82918	0.82919			6
2024.12.31	03:13:16.039	0.82919	0.82920			6
2024.12.31	03:13:19.988	0.82918				2
2024.12.31	03:13:22.557		0.82919			4
2024.12.31	03:13:23.875	0.82917	0.82918			6
2024.12.31	03:13:24.824	0.82918	0.82919			6
2024.12.31	03:13:25.776	0.82917				2
2024.12.31	03:13:27.210		0.82918			4
2024.12.31	03:13:28.365	0.82918	0.82919			6
2024.12.31	03:13:30.678		0.82920			4
2024.12.31	03:13:31.020	0.82919				2
2024.12.31	03:13:33.377	0.82920	0.82921			6
2024.12.31	03:13:36.633	0.82921	0.82922			6
2024.12.31	03:13:41.191	0.82920				2
2024.12.31	03:13:42.145	0.82921				2
2024.12.31	03:13:45.535	0.82920	0.82921			6
2024.12.31	03:14:01.070	0.82920				2
2024.12.31	03:14:15.635	0.82918				2
2024.12.31	03:14:16.345	0.82919				2
2024.12.31	03:14:17.138	0.82920				2
2024.12.31	03:14:17.510	0.82918				2
2024.12.31	03:14:18.679		0.82920			4
2024.12.31	03:14:27.230	0.82919				2
2024.12.31	03:14:30.435	0.82921	0.82922			6
2024.12.31	03:14:30.749	0.82922	0.82923			6
2024.12.31	03:14:36.672	0.82918	0.82920			6
2024.12.31	03:14:37.043	0.82919				2
2024.12.31	03:14:49.324	0.82918	0.82919			6
2024.12.31	03:14:50.318	0.82916	0.82917			6
2024.12.31	03:14:50.766	0.82917	0.82918			6
2024.12.31	03:14:54.855	0.82916	0.82917			6
2024.12.31	03:14:56.555	0.82917	0.82918			6
2024.12.31	03:14:58.026		0.82919			4
2024.12.31	03:14:58.413		0.82918			4
2024.12.31	03:15:00.401	0.82917				2
2024.12.31	03:15:02.737	0.82918	0.82919			6
2024.12.31	03:15:05.446	0.82917				2
2024.12.31	03:15:07.126		0.82918			4
2024.12.31	03:15:08.790	0.82916	0.82917			6
2024.12.31	03:15:31.621	0.82914	0.82915			6
2024.12.31	03:15:32.230	0.82913	0.82914			6
2024.12.31	03:15:32.561	0.82914	0.82915			6
2024.12.31	03:15:32.865	0.82912	0.82913			6
2024.12.31	03:15:34.846	0.82911				2
2024.12.31	03:15:37.255	0.82912				2
2024.12.31	03:15:37.580	0.82909	0.82912			6
2024.12.31	03:15:37.882	0.82908	0.82909			6
2024.12.31	03:15:41.248	0.82906	0.82907			6
2024.12.31	03:15:42.833	0.82908	0.82909			6
2024.12.31	03:15:43.259		0.82910			4
2024.12.31	03:15:48.299	0.82906	0.82907			6
2024.12.31	03:15:48.604	0.82905				2
2024.12.31	03:15:48.988	0.82906				2
2024.12.31	03:15:50.821	0.82905	0.82906			6
2024.12.31	03:15:51.823	0.82902	0.82903			6
2024.12.31	03:15:52.126	0.82900	0.82901			6
2024.12.31	03:15:53.589	0.82899				2
2024.12.31	03:15:54.033	0.82900				2
2024.12.31	03:15:54.663	0.82901	0.82902			6
2024.12.31	03:15:55.008	0.82902	0.82903			6
2024.12.31	03:15:55.340	0.82901				2
2024.12.31	03:15:55.670	0.82902	0.82905			6
2024.12.31	03:15:56.980	0.82904				2
2024.12.31	03:15:57.332	0.82907	0.82908			6
2024.12.31	03:16:00.376	0.82908	0.82909			6
2024.12.31	03:16:01.405	0.82909	0.82910			6
2024.12.31	03:16:06.004	0.82908				2
2024.12.31	03:16:06.520	0.82909				2
2024.12.31	03:16:07.179	0.82910	0.82911			6
2024.12.31	03:16:10.703	0.82912	0.82914			6
2024.12.31	03:16:11.371		0.82913			4
2024.12.31	03:16:11.683	0.82910	0.82911			6
2024.12.31	03:16:12.024		0.82912			4
2024.12.31	03:16:12.677	0.82909	0.82911			6
2024.12.31	03:16:14.144	0.82910				2
2024.12.31	03:16:27.970	0.82909	0.82910			6
2024.12.31	03:16:28.278	0.82910	0.82911			6
2024.12.31	03:16:28.902		0.82912			4
2024.12.31	03:16:31.373	0.82911				2
2024.12.31	03:16:33.826	0.82910				2
2024.12.31	03:16:40.354	0.82911				2
2024.12.31	03:16:45.225	0.82910				2
2024.12.31	03:16:45.565		0.82911			4
2024.12.31	03:16:56.253		0.82912			4
2024.12.31	03:16:57.057		0.82911			4
2024.12.31	03:16:59.518	0.82911	0.82912			6
2024.12.31	03:16:59.854	0.82910	0.82911			6
2024.12.31	03:17:00.434	0.82910				2
2024.12.31	03:17:02.640	0.82911	0.82912			6
2024.12.31	03:17:03.404	0.82910				2
2024.12.31	03:17:05.081		0.82911			4
2024.12.31	03:17:05.382	0.82911	0.82912			6
2024.12.31	03:17:11.774	0.82909	0.82910			6
2024.12.31	03:17:13.138	0.82908				2
2024.12.31	03:17:13.442	0.82907	0.82909			6
2024.12.31	03:17:13.771		0.82908			4
2024.12.31	03:17:14.506	0.82906	0.82907			6
2024.12.31	03:17:14.952	0.82905	0.82906			6
2024.12.31	03:17:16.975	0.82906	0.82907			6
2024.12.31	03:17:19.908	0.82905	0.82906			6
2024.12.31	03:17:21.139	0.82906	0.82907			6
2024.12.31	03:17:21.444	0.82907	0.82908			6
2024.12.31	03:17:26.176	0.82908	0.82909			6
2024.12.31	03:18:00.050	0.82908				2
2024.12.31	03:18:02.314	0.82907	0.82908			6
2024.12.31	03:18:10.087	0.82909	0.82910			6
2024.12.31	03:18:10.733	0.82908	0.82909			6
2024.12.31	03:18:11.045	0.82907	0.82908			6
2024.12.31	03:18:15.551	0.82906	0.82907			6
2024.12.31	03:18:19.143	0.82907	0.82908			6
2024.12.31	03:18:22.880	0.82906	0.82907			6
2024.12.31	03:18:24.462	0.82904	0.82905			6
2024.12.31	03:18:30.963	0.82905	0.82906			6
2024.12.31	03:18:43.199		0.82907			4
2024.12.31	03:18:45.509	0.82906				2
2024.12.31	03:18:45.822	0.82905	0.82906			6
2024.12.31	03:18:58.002		0.82907			4
2024.12.31	03:19:00.318	0.82905				2
2024.12.31	03:19:03.193		0.82906			4
2024.12.31	03:19:06.034		0.82907			4
2024.12.31	03:19:09.955	0.82906				2
2024.12.31	03:19:11.963	0.82907	0.82908			6
2024.12.31	03:19:14.864	0.82908	0.82909			6
2024.12.31	03:19:18.372	0.82907	0.82908			6
2024.12.31	03:19:19.536	0.82908	0.82909			6
2024.12.31	03:19:21.241	0.82909	0.82910			6
2024.12.31	03:19:28.930	0.82908				2
2024.12.31	03:19:33.884	0.82909				2
2024.12.31	03:19:40.246	0.82908	0.82909			6
2024.12.31	03:19:41.372	0.82909	0.82911			6
2024.12.31	03:19:48.738	0.82910				2
2024.12.31	03:19:53.364	0.82911	0.82912			6
2024.12.31	03:19:54.845	0.82910	0.82911			6
2024.12.31	03:19:58.129	0.82911	0.82912			6
2024.12.31	03:20:00.161	0.82911				2
2024.12.31	03:20:22.434	0.82913	0.82914			6
2024.12.31	03:20:23.435	0.82912	0.82913			6
2024.12.31	03:20:24.652		0.82914			4
2024.12.31	03:20:33.410		0.82913			4
2024.12.31	03:20:34.425		0.82914			4
2024.12.31	03:20:45.711	0.82913				2
2024.12.31	03:20:51.013		0.82915			4
2024.12.31	03:20:57.943		0.82914			4
2024.12.31	03:20:58.772	0.82912	0.82913			6
2024.12.31	03:21:00.760	0.82912				2
2024.12.31	03:21:08.512	0.82913	0.82914			6
2024.12.31	03:21:09.372	0.82912	0.82913			6
2024.12.31	03:21:23.816	0.82913	0.82914			6
2024.12.31	03:21:30.010	0.82912				2
2024.12.31	03:21:30.826	0.82913				2
2024.12.31	03:21:51.057		0.82915			4
2024.12.31	03:22:03.019	0.82913				2
2024.12.31	03:22:25.249		0.82914			4
2024.12.31	03:22:26.624	0.82912	0.82913			6
2024.12.31	03:22:29.285	0.82911	0.82912			6
2024.12.31	03:22:31.423	0.82910	0.82911			6
2024.12.31	03:22:35.934	0.82911	0.82912			6
2024.12.31	03:22:36.248	0.82910				2
2024.12.31	03:22:36.590	0.82911				2
2024.12.31	03:22:45.934		0.82913			4
2024.12.31	03:22:52.008	0.82910	0.82911			6
2024.12.31	03:22:52.323		0.82912			4
2024.12.31	03:22:52.633		0.82911			4
2024.12.31	03:22:56.827	0.82911	0.82912			6
2024.12.31	03:23:00.192	0.82911				2
2024.12.31	03:23:12.091	0.82909				2
2024.12.31	03:23:12.403	0.82910	0.82911			6
