<DATE>	<TIME>	<BID>	<ASK>	<LAST>	<VOLUME>	<FLAGS>
2024.08.15	00:00:00.435	0.85728	0.85871			6
2024.08.15	00:00:01.682	0.85730	0.85872			6
2024.08.15	00:00:05.533		0.85874			4
2024.08.15	00:00:10.117		0.85880			4
2024.08.15	00:00:15.882		0.85900			4
2024.08.15	00:00:31.331	0.85714	0.85901			6
2024.08.15	00:00:45.696		0.85902			4
2024.08.15	00:00:54.758	0.85702	0.85903			6
2024.08.15	00:00:55.905		0.85902			4
2024.08.15	00:01:11.296	0.85702				2
2024.08.15	00:01:14.911		0.85901			4
2024.08.15	00:01:30.768		0.85902			4
2024.08.15	00:01:55.017	0.85700				2
2024.08.15	00:02:08.215	0.85700				2
2024.08.15	00:02:21.222		0.85903			4
2024.08.15	00:02:37.533		0.85883			4
2024.08.15	00:02:41.461	0.85717				2
2024.08.15	00:03:10.945	0.85717				2
2024.08.15	00:03:38.256	0.85732	0.85883			6
2024.08.15	00:04:11.279	0.85732				2
2024.08.15	00:04:35.050		0.85891			4
2024.08.15	00:05:00.641	0.85732	0.85886			6
2024.08.15	00:05:04.680	0.85715				2
2024.08.15	00:05:06.111	0.85733				2
2024.08.15	00:05:12.360	0.85738				2
2024.08.15	00:05:19.976	0.85760				2
2024.08.15	00:05:32.664		0.85888			4
2024.08.15	00:05:38.976		0.85896			4
2024.08.15	00:05:39.378		0.85894			4
2024.08.15	00:05:40.680		0.85893			4
2024.08.15	00:05:45.594		0.85892			4
2024.08.15	00:05:47.083		0.85891			4
2024.08.15	00:05:49.970		0.85889			4
2024.08.15	00:05:50.341		0.85890			4
2024.08.15	00:05:57.478		0.85889			4
2024.08.15	00:06:00.447	0.85760	0.85886			6
2024.08.15	00:06:02.321		0.85887			4
2024.08.15	00:06:04.364		0.85890			4
2024.08.15	00:06:07.512		0.85888			4
2024.08.15	00:06:14.368		0.85886			4
2024.08.15	00:06:15.640		0.85884			4
2024.08.15	00:06:16.721		0.85882			4
2024.08.15	00:06:19.977	0.85755				2
2024.08.15	00:06:20.361		0.85881			4
2024.08.15	00:06:25.498		0.85880			4
2024.08.15	00:06:30.326		0.85881			4
2024.08.15	00:06:35.567		0.85880			4
2024.08.15	00:06:40.999		0.85882			4
2024.08.15	00:06:46.369		0.85881			4
2024.08.15	00:06:49.384		0.85888			4
2024.08.15	00:06:50.359		0.85891			4
2024.08.15	00:06:50.848		0.85884			4
2024.08.15	00:06:51.818		0.85885			4
2024.08.15	00:06:52.357		0.85884			4
2024.08.15	00:06:57.333		0.85883			4
2024.08.15	00:06:58.787		0.85882			4
2024.08.15	00:07:00.366	0.85755	0.85880			6
2024.08.15	00:07:02.508		0.85881			4
2024.08.15	00:07:12.535		0.85880			4
2024.08.15	00:07:16.887		0.85879			4
2024.08.15	00:07:17.646		0.85881			4
2024.08.15	00:07:24.371		0.85880			4
2024.08.15	00:07:51.734		0.85879			4
2024.08.15	00:07:54.755		0.85880			4
2024.08.15	00:07:59.374		0.85878			4
2024.08.15	00:08:00.402	0.85755				2
2024.08.15	00:08:02.402		0.85879			4
2024.08.15	00:08:04.131		0.85880			4
2024.08.15	00:08:08.648		0.85888			4
2024.08.15	00:08:10.403		0.85883			4
2024.08.15	00:08:12.365		0.85884			4
2024.08.15	00:08:14.010		0.85885			4
2024.08.15	00:08:15.678		0.85886			4
2024.08.15	00:08:29.311		0.85884			4
2024.08.15	00:08:34.671		0.85885			4
2024.08.15	00:08:42.350		0.85884			4
2024.08.15	00:08:44.191		0.85883			4
2024.08.15	00:08:54.596		0.85884			4
2024.08.15	00:09:00.891	0.85755				2
2024.08.15	00:09:06.362		0.85888			4
2024.08.15	00:09:14.360		0.85889			4
2024.08.15	00:09:16.357		0.85886			4
2024.08.15	00:09:24.352		0.85884			4
2024.08.15	00:09:58.896		0.85883			4
2024.08.15	00:10:00.365	0.85756	0.85870			6
2024.08.15	00:10:00.814	0.85755				2
2024.08.15	00:10:02.278	0.85757	0.85871			6
2024.08.15	00:10:03.727	0.85758				2
2024.08.15	00:10:05.364		0.85870			4
2024.08.15	00:10:06.157	0.85756				2
2024.08.15	00:10:08.858	0.85755	0.85864			6
2024.08.15	00:10:10.209		0.85866			4
2024.08.15	00:10:12.364		0.85870			4
2024.08.15	00:10:13.849		0.85865			4
2024.08.15	00:10:14.455	0.85757				2
2024.08.15	00:10:16.355	0.85759	0.85868			6
2024.08.15	00:10:16.822		0.85869			4
2024.08.15	00:10:19.492	0.85758				2
2024.08.15	00:10:20.567		0.85868			4
2024.08.15	00:10:24.461	0.85757	0.85869			6
2024.08.15	00:10:26.351	0.85755				2
2024.08.15	00:10:29.715	0.85757				2
2024.08.15	00:10:34.992	0.85758				2
2024.08.15	00:10:36.369	0.85760				2
2024.08.15	00:10:39.732	0.85759				2
2024.08.15	00:10:40.291	0.85757				2
2024.08.15	00:10:44.462	0.85758				2
2024.08.15	00:10:44.841	0.85759	0.85870			6
2024.08.15	00:10:45.419	0.85756	0.85872			6
2024.08.15	00:10:45.756	0.85754				2
2024.08.15	00:10:47.967		0.85873			4
2024.08.15	00:10:49.209	0.85755	0.85872			6
2024.08.15	00:10:50.234	0.85754				2
2024.08.15	00:10:54.537	0.85756				2
2024.08.15	00:10:55.450	0.85755				2
2024.08.15	00:10:56.411	0.85757				2
2024.08.15	00:10:59.242	0.85755				2
2024.08.15	00:11:00.387	0.85757				2
2024.08.15	00:11:08.631	0.85756				2
2024.08.15	00:11:14.414	0.85759				2
2024.08.15	00:11:16.562	0.85756				2
2024.08.15	00:11:23.452	0.85757				2
2024.08.15	00:11:38.982		0.85871			4
2024.08.15	00:11:41.166	0.85800				2
2024.08.15	00:11:42.362	0.85798				2
2024.08.15	00:11:43.160	0.85796				2
2024.08.15	00:11:46.198		0.85870			4
2024.08.15	00:11:46.558	0.85801				2
2024.08.15	00:11:48.267	0.85791				2
2024.08.15	00:11:50.498	0.85799				2
2024.08.15	00:11:50.891		0.85871			4
2024.08.15	00:11:51.226	0.85800				2
2024.08.15	00:11:58.358	0.85802				2
2024.08.15	00:12:00.592	0.85802				2
2024.08.15	00:12:07.995	0.85803				2
2024.08.15	00:12:21.191	0.85802				2
2024.08.15	00:12:43.027	0.85799				2
2024.08.15	00:12:47.362		0.85870			4
2024.08.15	00:13:00.402	0.85799				2
2024.08.15	00:13:03.128	0.85797				2
2024.08.15	00:13:12.397		0.85869			4
2024.08.15	00:13:27.547	0.85799				2
2024.08.15	00:13:32.259	0.85797	0.85870			6
2024.08.15	00:13:41.161	0.85789	0.85869			6
2024.08.15	00:13:42.721		0.85868			4
2024.08.15	00:13:45.729	0.85783				2
2024.08.15	00:13:47.338		0.85867			4
2024.08.15	00:13:50.730	0.85764	0.85865			6
2024.08.15	00:13:53.033	0.85767	0.85866			6
2024.08.15	00:13:53.594	0.85766				2
2024.08.15	00:13:54.595	0.85764	0.85865			6
2024.08.15	00:14:00.589	0.85763				2
2024.08.15	00:14:26.095	0.85761				2
2024.08.15	00:14:26.495	0.85760				2
2024.08.15	00:14:31.098	0.85762				2
2024.08.15	00:14:35.608	0.85760	0.85864			6
2024.08.15	00:14:47.182		0.85865			4
2024.08.15	00:14:49.414	0.85761				2
2024.08.15	00:14:52.350	0.85760				2
2024.08.15	00:14:59.366		0.85864			4
2024.08.15	00:15:01.276	0.85760				2
2024.08.15	00:15:04.535	0.85763				2
2024.08.15	00:15:24.352	0.85760				2
2024.08.15	00:15:33.836	0.85758				2
2024.08.15	00:15:34.352	0.85759				2
2024.08.15	00:15:38.062	0.85760				2
2024.08.15	00:15:38.832	0.85763				2
2024.08.15	00:15:50.427	0.85771				2
2024.08.15	00:15:52.356	0.85770				2
2024.08.15	00:15:54.601	0.85760				2
2024.08.15	00:16:02.364	0.85762	0.85864			6
2024.08.15	00:16:03.560		0.85865			4
2024.08.15	00:16:07.926	0.85770	0.85866			6
2024.08.15	00:16:08.710		0.85865			4
2024.08.15	00:16:09.931		0.85866			4
2024.08.15	00:16:12.616	0.85772	0.85867			6
2024.08.15	00:16:15.796	0.85764				2
2024.08.15	00:16:17.336	0.85763				2
2024.08.15	00:16:18.670		0.85868			4
2024.08.15	00:16:27.661		0.85869			4
2024.08.15	00:16:29.921	0.85761				2
2024.08.15	00:16:31.016	0.85763				2
2024.08.15	00:16:35.991	0.85765				2
2024.08.15	00:16:38.804	0.85766				2
2024.08.15	00:16:41.701	0.85767				2
2024.08.15	00:16:46.277	0.85764				2
2024.08.15	00:16:47.616	0.85773	0.85870			6
2024.08.15	00:16:47.960		0.85871			4
2024.08.15	00:16:50.136		0.85870			4
2024.08.15	00:16:50.596	0.85782	0.85869			6
2024.08.15	00:16:52.358	0.85780				2
2024.08.15	00:16:55.737	0.85781				2
2024.08.15	00:17:01.237	0.85779				2
2024.08.15	00:17:02.345	0.85781	0.85868			6
2024.08.15	00:17:05.731	0.85772				2
2024.08.15	00:17:06.193	0.85771				2
2024.08.15	00:17:08.330	0.85773				2
2024.08.15	00:17:11.360	0.85780				2
2024.08.15	00:17:15.817	0.85781				2
2024.08.15	00:17:19.979	0.85782				2
2024.08.15	00:17:20.570	0.85781				2
2024.08.15	00:17:22.361	0.85782				2
2024.08.15	00:17:24.700	0.85780	0.85867			6
2024.08.15	00:17:28.528	0.85770	0.85868			6
2024.08.15	00:17:29.375	0.85775				2
2024.08.15	00:17:29.795		0.85865			4
2024.08.15	00:17:30.270	0.85777				2
2024.08.15	00:17:30.643	0.85778				2
2024.08.15	00:17:34.373	0.85773				2
2024.08.15	00:17:34.824	0.85772				2
2024.08.15	00:17:35.500	0.85771				2
2024.08.15	00:17:37.585	0.85772				2
2024.08.15	00:17:39.510	0.85773				2
2024.08.15	00:17:40.160	0.85771				2
2024.08.15	00:17:43.931	0.85801	0.85867			6
2024.08.15	00:17:46.412	0.85802				2
2024.08.15	00:17:49.790	0.85806	0.85868			6
2024.08.15	00:17:51.276	0.85804	0.85870			6
2024.08.15	00:17:52.378	0.85805	0.85869			6
2024.08.15	00:17:53.676	0.85803	0.85871			6
2024.08.15	00:17:54.363	0.85800	0.85874			6
2024.08.15	00:17:55.475	0.85801	0.85873			6
2024.08.15	00:18:00.890	0.85801				2
2024.08.15	00:18:03.596	0.85802	0.85872			6
2024.08.15	00:18:07.531	0.85803	0.85871			6
2024.08.15	00:18:13.161	0.85804	0.85870			6
2024.08.15	00:18:15.946	0.85803	0.85871			6
2024.08.15	00:18:19.209	0.85802	0.85872			6
2024.08.15	00:19:02.360	0.85802				2
2024.08.15	00:19:20.899		0.85872			4
2024.08.15	00:19:33.459	0.85830	0.85884			6
2024.08.15	00:19:33.862	0.85829	0.85883			6
2024.08.15	00:20:01.278	0.85829				2
2024.08.15	00:20:17.733	0.85832	0.85890			6
2024.08.15	00:20:23.063		0.85891			4
2024.08.15	00:20:31.723	0.85835	0.85888			6
2024.08.15	00:20:56.918	0.85834				2
2024.08.15	00:21:00.203	0.85834				2
2024.08.15	00:21:01.253	0.85835	0.85887			6
2024.08.15	00:21:14.069		0.85888			4
2024.08.15	00:21:23.360		0.85887			4
2024.08.15	00:21:26.746	0.85836	0.85888			6
2024.08.15	00:21:31.675	0.85837	0.85887			6
2024.08.15	00:21:39.965	0.85825	0.85880			6
2024.08.15	00:21:40.580		0.85879			4
2024.08.15	00:21:41.109	0.85815	0.85876			6
2024.08.15	00:21:43.440	0.85786	0.85870			6
2024.08.15	00:21:44.660		0.85869			4
2024.08.15	00:21:47.661		0.85870			4
2024.08.15	00:21:52.358		0.85864			4
2024.08.15	00:21:59.365		0.85863			4
2024.08.15	00:22:02.420	0.85802	0.85868			6
2024.08.15	00:22:04.361	0.85797	0.85872			6
2024.08.15	00:22:05.096	0.85800	0.85870			6
2024.08.15	00:22:06.787	0.85798	0.85872			6
2024.08.15	00:22:12.377	0.85797				2
2024.08.15	00:22:25.071	0.85828	0.85881			6
2024.08.15	00:22:29.968	0.85827	0.85880			6
2024.08.15	00:22:32.612	0.85831	0.85888			6
2024.08.15	00:22:40.739	0.85832	0.85885			6
2024.08.15	00:22:43.232	0.85834	0.85888			6
2024.08.15	00:22:51.560		0.85886			4
2024.08.15	00:22:54.330	0.85822	0.85879			6
2024.08.15	00:23:00.588	0.85820				2
2024.08.15	00:23:03.692	0.85812	0.85876			6
2024.08.15	00:23:10.937		0.85874			4
2024.08.15	00:23:38.443	0.85811				2
2024.08.15	00:23:50.921	0.85810				2
2024.08.15	00:23:51.241	0.85812				2
2024.08.15	00:23:51.562	0.85810				2
2024.08.15	00:23:51.872	0.85812				2
2024.08.15	00:23:52.180	0.85810				2
2024.08.15	00:23:53.361		0.85875			4
2024.08.15	00:24:00.379	0.85810				2
2024.08.15	00:24:24.292		0.85874			4
2024.08.15	00:24:46.560	0.85811				2
2024.08.15	00:25:00.321	0.85814				2
2024.08.15	00:25:04.740		0.85875			4
2024.08.15	00:25:10.738	0.85813	0.85874			6
2024.08.15	00:25:49.188	0.85809				2
2024.08.15	00:26:02.422	0.85809				2
2024.08.15	00:26:10.895		0.85874			4
2024.08.15	00:26:45.516	0.85808				2
2024.08.15	00:26:46.609	0.85809				2
2024.08.15	00:26:53.743	0.85803				2
2024.08.15	00:27:00.377	0.85803				2
2024.08.15	00:27:20.898		0.85874			4
2024.08.15	00:27:52.034	0.85798				2
2024.08.15	00:27:53.664		0.85873			4
2024.08.15	00:28:07.863	0.85798				2
2024.08.15	00:28:29.023		0.85874			4
2024.08.15	00:29:20.360	0.85798				2
2024.08.15	00:29:30.903		0.85874			4
2024.08.15	00:30:00.382	0.85799	0.85871			6
2024.08.15	00:30:03.310	0.85800	0.85870			6
2024.08.15	00:30:08.360		0.85871			4
2024.08.15	00:30:11.837		0.85866			4
2024.08.15	00:30:12.923		0.85865			4
2024.08.15	00:30:15.910		0.85866			4
2024.08.15	00:30:16.701	0.85796				2
2024.08.15	00:30:17.004		0.85867			4
2024.08.15	00:30:19.333		0.85866			4
2024.08.15	00:30:21.378		0.85863			4
2024.08.15	00:30:21.857		0.85862			4
2024.08.15	00:30:22.816		0.85861			4
2024.08.15	00:30:23.806		0.85863			4
2024.08.15	00:30:31.008		0.85864			4
2024.08.15	00:30:35.147		0.85863			4
2024.08.15	00:30:37.481		0.85864			4
2024.08.15	00:30:37.782		0.85861			4
2024.08.15	00:30:39.683		0.85864			4
2024.08.15	00:30:40.020		0.85862			4
2024.08.15	00:30:40.323		0.85861			4
2024.08.15	00:30:40.643		0.85863			4
2024.08.15	00:30:40.951		0.85862			4
2024.08.15	00:30:41.707		0.85861			4
2024.08.15	00:30:42.025		0.85862			4
2024.08.15	00:30:42.351		0.85863			4
2024.08.15	00:30:42.668		0.85862			4
2024.08.15	00:30:45.029		0.85860			4
2024.08.15	00:30:49.945		0.85863			4
2024.08.15	00:30:50.271		0.85861			4
2024.08.15	00:30:50.972		0.85860			4
2024.08.15	00:30:57.038	0.85802	0.85862			6
2024.08.15	00:30:57.708		0.85863			4
2024.08.15	00:31:00.057	0.85802				2
2024.08.15	00:31:00.363		0.85862			4
2024.08.15	00:31:00.885		0.85861			4
2024.08.15	00:31:03.481		0.85860			4
2024.08.15	00:31:04.802		0.85863			4
2024.08.15	00:31:05.107		0.85862			4
2024.08.15	00:31:08.265	0.85795				2
2024.08.15	00:31:10.337	0.85803				2
2024.08.15	00:31:13.237	0.85801				2
2024.08.15	00:31:16.572	0.85827	0.85872			6
2024.08.15	00:31:23.885	0.85826	0.85871			6
2024.08.15	00:31:29.938	0.85830	0.85876			6
2024.08.15	00:31:32.935	0.85829	0.85877			6
2024.08.15	00:31:34.651	0.85828	0.85878			6
2024.08.15	00:31:36.361	0.85827	0.85871			6
2024.08.15	00:31:53.567	0.85826	0.85872			6
2024.08.15	00:31:56.572	0.85827	0.85871			6
2024.08.15	00:31:58.300	0.85826	0.85872			6
2024.08.15	00:32:00.694	0.85827	0.85871			6
2024.08.15	00:32:09.747		0.85886			4
2024.08.15	00:32:12.593	0.85828				2
2024.08.15	00:32:13.159		0.85878			4
2024.08.15	00:32:24.691	0.85829	0.85877			6
2024.08.15	00:32:25.934	0.85828	0.85878			6
2024.08.15	00:32:37.095	0.85808	0.85867			6
2024.08.15	00:32:37.765	0.85827	0.85881			6
2024.08.15	00:32:40.007	0.85831	0.85877			6
2024.08.15	00:32:40.321	0.85830	0.85878			6
2024.08.15	00:32:41.722		0.85879			4
2024.08.15	00:32:42.252	0.85829				2
2024.08.15	00:32:44.027		0.85880			4
2024.08.15	00:32:45.992	0.85831	0.85878			6
2024.08.15	00:32:46.776	0.85830				2
2024.08.15	00:32:48.052	0.85826	0.85883			6
2024.08.15	00:32:58.540	0.85827	0.85882			6
2024.08.15	00:33:00.796	0.85828	0.85881			6
2024.08.15	00:33:04.923	0.85831	0.85878			6
2024.08.15	00:33:05.278	0.85830				2
2024.08.15	00:33:08.198	0.85829	0.85880			6
2024.08.15	00:33:10.019	0.85830	0.85878			6
2024.08.15	00:33:11.165	0.85831	0.85877			6
2024.08.15	00:33:13.191	0.85830	0.85878			6
2024.08.15	00:33:13.787		0.85879			4
2024.08.15	00:33:20.228	0.85829	0.85880			6
2024.08.15	00:33:22.253	0.85831	0.85877			6
2024.08.15	00:33:24.249	0.85832				2
2024.08.15	00:33:26.266	0.85830	0.85878			6
2024.08.15	00:33:28.243	0.85831				2
2024.08.15	00:33:28.546	0.85830	0.85879			6
2024.08.15	00:33:30.284	0.85829				2
2024.08.15	00:33:30.804	0.85828	0.85880			6
2024.08.15	00:33:32.289	0.85831	0.85878			6
2024.08.15	00:33:34.306	0.85830	0.85879			6
2024.08.15	00:33:36.723		0.85878			4
2024.08.15	00:33:40.311	0.85829	0.85879			6
2024.08.15	00:33:40.833		0.85880			4
2024.08.15	00:33:47.371	0.85830	0.85879			6
2024.08.15	00:33:47.683	0.85831	0.85877			6
2024.08.15	00:33:48.017		0.85878			4
2024.08.15	00:33:51.035	0.85830	0.85879			6
2024.08.15	00:33:57.864	0.85829				2
2024.08.15	00:34:00.808	0.85828	0.85880			6
2024.08.15	00:34:02.434	0.85830	0.85878			6
2024.08.15	00:34:04.451	0.85831				2
2024.08.15	00:34:04.766		0.85877			4
2024.08.15	00:34:06.478	0.85830	0.85879			6
2024.08.15	00:34:09.937	0.85829	0.85880			6
2024.08.15	00:34:10.776	0.85831	0.85877			6
2024.08.15	00:34:11.080		0.85878			4
2024.08.15	00:34:11.698	0.85832	0.85877			6
2024.08.15	00:34:14.734	0.85830	0.85878			6
2024.08.15	00:34:18.551	0.85829	0.85879			6
2024.08.15	00:34:20.186	0.85831	0.85878			6
2024.08.15	00:34:22.541		0.85877			4
2024.08.15	00:34:35.829		0.85878			4
2024.08.15	00:34:37.650	0.85830				2
2024.08.15	00:35:01.107	0.85830				2
2024.08.15	00:35:01.858		0.85879			4
2024.08.15	00:35:02.614	0.85833	0.85891			6
2024.08.15	00:35:14.073	0.85831	0.85893			6
2024.08.15	00:36:03.239	0.85831				2
2024.08.15	00:36:11.503	0.85832	0.85892			6
2024.08.15	00:36:13.236	0.85830	0.85894			6
2024.08.15	00:36:13.561	0.85829	0.85895			6
2024.08.15	00:36:16.825	0.85830	0.85894			6
2024.08.15	00:36:20.476	0.85829	0.85895			6
2024.08.15	00:36:36.284	0.85827	0.85897			6
2024.08.15	00:36:38.810	0.85826	0.85898			6
2024.08.15	00:36:41.278		0.85897			4
2024.08.15	00:36:43.052	0.85824	0.85900			6
2024.08.15	00:36:43.558		0.85893			4
2024.08.15	00:36:44.188		0.85900			4
2024.08.15	00:36:48.710	0.85827	0.85893			6
2024.08.15	00:36:50.360		0.85896			4
2024.08.15	00:36:50.673	0.85828				2
2024.08.15	00:36:52.175		0.85895			4
2024.08.15	00:36:54.311	0.85829				2
2024.08.15	00:36:59.216	0.85828	0.85896			6
2024.08.15	00:36:59.767	0.85829				2
2024.08.15	00:37:02.612	0.85829				2
2024.08.15	00:37:04.861	0.85828				2
2024.08.15	00:37:35.072	0.85829	0.85895			6
2024.08.15	00:37:40.924	0.85828	0.85896			6
2024.08.15	00:37:42.645	0.85829	0.85895			6
2024.08.15	00:37:45.111		0.85894			4
2024.08.15	00:37:48.242		0.85895			4
2024.08.15	00:38:05.908	0.85828	0.85897			6
2024.08.15	00:38:07.493	0.85829	0.85895			6
2024.08.15	00:38:08.211	0.85828	0.85896			6
2024.08.15	00:38:11.791	0.85829	0.85894			6
2024.08.15	00:38:16.820	0.85828	0.85896			6
2024.08.15	00:38:18.349	0.85827				2
2024.08.15	00:38:19.840		0.85890			4
2024.08.15	00:38:20.516		0.85896			4
2024.08.15	00:38:24.867	0.85829	0.85895			6
2024.08.15	00:38:27.415	0.85827	0.85891			6
2024.08.15	00:38:28.896	0.85828	0.85896			6
2024.08.15	00:38:29.991	0.85829	0.85894			6
2024.08.15	00:38:31.907	0.85827	0.85890			6
2024.08.15	00:38:38.049	0.85830	0.85895			6
2024.08.15	00:38:41.366	0.85829	0.85896			6
2024.08.15	00:38:44.681		0.85897			4
2024.08.15	00:38:54.925	0.85828				2
2024.08.15	00:38:57.049	0.85827	0.85898			6
2024.08.15	00:38:59.056	0.85826	0.85899			6
2024.08.15	00:39:00.418	0.85828	0.85897			6
2024.08.15	00:39:06.084	0.85827	0.85898			6
2024.08.15	00:39:09.218	0.85828	0.85897			6
2024.08.15	00:39:10.805	0.85827	0.85898			6
2024.08.15	00:39:13.592	0.85828	0.85897			6
2024.08.15	00:39:16.895	0.85826	0.85899			6
2024.08.15	00:39:23.493		0.85890			4
2024.08.15	00:39:24.413	0.85828	0.85897			6
2024.08.15	00:39:30.447	0.85827	0.85898			6
2024.08.15	00:39:36.367	0.85826	0.85891			6
2024.08.15	00:39:37.203		0.85899			4
2024.08.15	00:39:46.625	0.85827	0.85898			6
2024.08.15	00:39:51.562		0.85899			4
2024.08.15	00:39:52.161		0.85898			4
2024.08.15	00:39:54.690	0.85828	0.85897			6
2024.08.15	00:39:55.017	0.85827	0.85898			6
2024.08.15	00:39:58.348	0.85825	0.85888			6
2024.08.15	00:40:00.414	0.85828	0.85896			6
2024.08.15	00:40:00.981		0.85897			4
2024.08.15	00:40:02.403	0.85827	0.85898			6
2024.08.15	00:40:03.016	0.85826	0.85883			6
2024.08.15	00:40:05.428	0.85825	0.85884			6
2024.08.15	00:40:16.787	0.85827	0.85883			6
2024.08.15	00:40:17.401	0.85826	0.85884			6
2024.08.15	00:40:19.299	0.85827	0.85882			6
2024.08.15	00:40:19.633	0.85826	0.85883			6
2024.08.15	00:40:21.506	0.85827				2
2024.08.15	00:40:22.242	0.85825	0.85884			6
2024.08.15	00:40:25.501	0.85826	0.85883			6
2024.08.15	00:40:26.753		0.85884			4
2024.08.15	00:40:30.555	0.85825	0.85885			6
2024.08.15	00:40:41.169	0.85826	0.85884			6
2024.08.15	00:40:42.291	0.85825	0.85885			6
2024.08.15	00:40:45.775	0.85824	0.85886			6
2024.08.15	00:40:49.631	0.85825	0.85885			6
2024.08.15	00:41:00.792	0.85824				2
2024.08.15	00:41:19.086	0.85823	0.85886			6
2024.08.15	00:41:20.640	0.85824				2
2024.08.15	00:41:33.303	0.85825	0.85900			6
2024.08.15	00:41:35.487	0.85827	0.85896			6
2024.08.15	00:41:37.631	0.85825	0.85885			6
2024.08.15	00:41:43.923		0.85884			4
2024.08.15	00:41:44.282	0.85824	0.85885			6
2024.08.15	00:41:49.937		0.85886			4
2024.08.15	00:41:53.060	0.85825	0.85885			6
2024.08.15	00:42:00.644	0.85824				2
2024.08.15	00:42:02.096	0.85825	0.85884			6
2024.08.15	00:42:09.666	0.85824	0.85886			6
2024.08.15	00:42:42.282		0.85881			4
2024.08.15	00:42:47.666		0.85886			4
2024.08.15	00:43:01.228	0.85824				2
2024.08.15	00:43:04.412	0.85823	0.85887			6
2024.08.15	00:43:09.329		0.85885			4
2024.08.15	00:43:10.839		0.85887			4
2024.08.15	00:43:14.386		0.85886			4
2024.08.15	00:43:21.169		0.85887			4
2024.08.15	00:43:33.984		0.85885			4
2024.08.15	00:43:35.546		0.85887			4
2024.08.15	00:43:40.473		0.85886			4
2024.08.15	00:43:59.481		0.85887			4
2024.08.15	00:44:00.400	0.85823				2
2024.08.15	00:44:09.332		0.85885			4
2024.08.15	00:44:10.425		0.85887			4
2024.08.15	00:44:10.769	0.85824	0.85886			6
2024.08.15	00:44:13.895	0.85823	0.85887			6
2024.08.15	00:44:15.753	0.85825	0.85885			6
2024.08.15	00:44:30.130	0.85826	0.85896			6
2024.08.15	00:44:31.820	0.85827	0.85887			6
2024.08.15	00:44:33.440		0.85896			4
2024.08.15	00:44:33.978	0.85828	0.85898			6
2024.08.15	00:44:35.328	0.85826	0.85899			6
2024.08.15	00:44:36.848	0.85827				2
2024.08.15	00:44:38.909	0.85825	0.85887			6
2024.08.15	00:44:39.495		0.85896			4
2024.08.15	00:44:40.478	0.85827	0.85899			6
2024.08.15	00:44:41.952	0.85825	0.85883			6
2024.08.15	00:44:45.515	0.85823				2
2024.08.15	00:44:47.478		0.85885			4
2024.08.15	00:44:48.679	0.85807	0.85864			6
2024.08.15	00:44:51.767	0.85798	0.85863			6
2024.08.15	00:44:52.085		0.85862			4
2024.08.15	00:44:53.496		0.85863			4
2024.08.15	00:44:53.802		0.85862			4
2024.08.15	00:44:55.917		0.85863			4
2024.08.15	00:44:57.077		0.85862			4
2024.08.15	00:44:59.427	0.85785	0.85863			6
2024.08.15	00:45:00.134	0.85784	0.85862			6
2024.08.15	00:45:01.746	0.85816	0.85870			6
2024.08.15	00:45:03.165	0.85784	0.85862			6
2024.08.15	00:45:06.515	0.85796	0.85850			6
2024.08.15	00:45:08.374	0.85798				2
2024.08.15	00:45:12.897		0.85849			4
2024.08.15	00:45:14.078	0.85796				2
2024.08.15	00:45:19.102	0.85798				2
2024.08.15	00:45:19.414	0.85797	0.85848			6
2024.08.15	00:45:20.889	0.85798	0.85849			6
2024.08.15	00:45:23.479		0.85848			4
2024.08.15	00:45:31.172	0.85799				2
2024.08.15	00:45:31.558	0.85800				2
2024.08.15	00:45:53.564	0.85788				2
2024.08.15	00:45:54.026	0.85799				2
2024.08.15	00:45:58.514	0.85790				2
2024.08.15	00:45:58.823	0.85795				2
2024.08.15	00:45:59.151	0.85788	0.85847			6
2024.08.15	00:45:59.470	0.85797	0.85849			6
2024.08.15	00:45:59.783	0.85805	0.85848			6
2024.08.15	00:46:00.090	0.85805				2
2024.08.15	00:46:00.585	0.85797				2
2024.08.15	00:46:00.929	0.85801				2
2024.08.15	00:46:01.254	0.85797				2
2024.08.15	00:46:03.348	0.85791				2
2024.08.15	00:46:03.667	0.85792				2
2024.08.15	00:46:06.186	0.85791				2
2024.08.15	00:46:06.495	0.85817				2
2024.08.15	00:46:16.286	0.85815	0.85850			6
2024.08.15	00:46:16.786		0.85849			4
2024.08.15	00:46:27.544		0.85850			4
2024.08.15	00:46:32.172	0.85816	0.85849			6
2024.08.15	00:46:48.586	0.85815	0.85850			6
2024.08.15	00:47:00.795	0.85815				2
2024.08.15	00:47:01.727	0.85831	0.85857			6
2024.08.15	00:47:02.690	0.85832				2
2024.08.15	00:47:03.135	0.85815	0.85850			6
2024.08.15	00:47:07.897	0.85814	0.85851			6
2024.08.15	00:47:10.796	0.85819				2
2024.08.15	00:47:11.687	0.85814				2
2024.08.15	00:47:16.164	0.85815	0.85850			6
2024.08.15	00:47:20.792	0.85819				2
2024.08.15	00:47:40.700	0.85814	0.85851			6
2024.08.15	00:47:49.065	0.85821	0.85850			6
2024.08.15	00:47:49.377	0.85815				2
2024.08.15	00:47:49.775	0.85816	0.85849			6
2024.08.15	00:47:57.613	0.85822				2
2024.08.15	00:48:00.187	0.85822				2
2024.08.15	00:48:00.831	0.85817				2
2024.08.15	00:48:01.538	0.85815				2
2024.08.15	00:48:04.552	0.85817	0.85848			6
2024.08.15	00:48:06.381		0.85849			4
2024.08.15	00:48:06.864	0.85819				2
2024.08.15	00:48:18.543	0.85817				2
2024.08.15	00:48:23.543	0.85818				2
2024.08.15	00:48:24.183	0.85820				2
2024.08.15	00:48:36.350	0.85818				2
2024.08.15	00:48:40.870		0.85850			4
2024.08.15	00:48:41.544	0.85819				2
2024.08.15	00:48:53.668		0.85849			4
2024.08.15	00:48:54.546	0.85818				2
2024.08.15	00:48:59.560	0.85819				2
2024.08.15	00:49:00.151	0.85819				2
2024.08.15	00:49:00.798		0.85850			4
2024.08.15	00:49:02.687	0.85824	0.85844			6
2024.08.15	00:49:06.917	0.85820	0.85848			6
2024.08.15	00:49:08.884	0.85819				2
2024.08.15	00:49:09.619	0.85821	0.85847			6
2024.08.15	00:49:10.832	0.85819	0.85849			6
2024.08.15	00:49:14.053	0.85825	0.85848			6
2024.08.15	00:49:14.364	0.85812				2
2024.08.15	00:49:16.542	0.85832	0.85858			6
2024.08.15	00:49:16.850	0.85831				2
2024.08.15	00:49:19.498	0.85830	0.85850			6
2024.08.15	00:49:22.546	0.85829	0.85849			6
2024.08.15	00:49:28.546	0.85831	0.85851			6
2024.08.15	00:49:29.548	0.85829	0.85849			6
2024.08.15	00:49:33.545	0.85834	0.85866			6
2024.08.15	00:49:35.322	0.85836	0.85865			6
2024.08.15	00:49:37.501	0.85835	0.85866			6
2024.08.15	00:49:47.426	0.85836	0.85865			6
2024.08.15	00:49:49.562		0.85866			4
2024.08.15	00:49:49.871	0.85832	0.85852			6
2024.08.15	00:49:50.188	0.85833	0.85853			6
2024.08.15	00:50:00.860	0.85833	0.85862			6
2024.08.15	00:50:08.001	0.85835	0.85861			6
2024.08.15	00:50:11.325		0.85865			4
2024.08.15	00:50:15.355	0.85834	0.85866			6
2024.08.15	00:50:15.833		0.85863			4
2024.08.15	00:50:17.003		0.85866			4
2024.08.15	00:50:17.673	0.85835	0.85865			6
2024.08.15	00:50:20.318		0.85863			4
2024.08.15	00:50:21.456	0.85832	0.85852			6
2024.08.15	00:50:45.369	0.85829	0.85856			6
2024.08.15	00:50:45.721		0.85855			4
2024.08.15	00:50:46.386	0.85830				2
2024.08.15	00:50:46.993	0.85832	0.85852			6
2024.08.15	00:50:49.324	0.85834	0.85854			6
2024.08.15	00:50:52.887		0.85857			4
2024.08.15	00:50:59.000	0.85833				2
2024.08.15	00:51:02.350	0.85833				2
2024.08.15	00:51:05.751	0.85832	0.85856			6
2024.08.15	00:51:06.666	0.85831				2
2024.08.15	00:51:07.166	0.85833	0.85857			6
2024.08.15	00:51:07.493	0.85829				2
2024.08.15	00:51:08.084		0.85862			4
2024.08.15	00:51:11.130	0.85833	0.85858			6
2024.08.15	00:51:23.042	0.85834	0.85857			6
2024.08.15	00:51:27.283	0.85833	0.85860			6
2024.08.15	00:51:38.362	0.85834	0.85859			6
2024.08.15	00:51:46.598	0.85833				2
2024.08.15	00:51:48.221	0.85834				2
2024.08.15	00:51:52.762	0.85833	0.85860			6
2024.08.15	00:51:54.539	0.85832	0.85861			6
2024.08.15	00:51:57.969	0.85833	0.85860			6
2024.08.15	00:52:01.277	0.85832	0.85861			6
2024.08.15	00:52:03.378	0.85826				2
2024.08.15	00:52:04.236		0.85858			4
2024.08.15	00:52:04.880	0.85831	0.85862			6
2024.08.15	00:52:06.889	0.85832	0.85861			6
2024.08.15	00:52:14.056		0.85859			4
2024.08.15	00:52:16.372	0.85831				2
2024.08.15	00:52:17.349		0.85862			4
2024.08.15	00:52:19.372		0.85859			4
2024.08.15	00:52:19.705		0.85862			4
2024.08.15	00:52:25.940	0.85830	0.85863			6
2024.08.15	00:52:29.372	0.85831	0.85862			6
2024.08.15	00:52:35.462		0.85859			4
2024.08.15	00:52:36.077		0.85862			4
2024.08.15	00:52:41.494	0.85832	0.85861			6
2024.08.15	00:52:44.512	0.85831	0.85862			6
2024.08.15	00:53:02.351	0.85831				2
2024.08.15	00:53:03.653	0.85832	0.85861			6
2024.08.15	00:53:14.514	0.85831	0.85862			6
2024.08.15	00:53:34.963	0.85829	0.85864			6
2024.08.15	00:53:41.278	0.85828	0.85859			6
2024.08.15	00:53:41.609	0.85827	0.85866			6
2024.08.15	00:53:42.415	0.85826				2
2024.08.15	00:53:43.633	0.85827				2
2024.08.15	00:53:45.432		0.85861			4
2024.08.15	00:53:50.621	0.85828	0.85863			6
2024.08.15	00:53:51.113		0.85862			4
2024.08.15	00:53:52.750	0.85827				2
2024.08.15	00:53:53.594	0.85828				2
2024.08.15	00:53:55.455	0.85825	0.85861			6
2024.08.15	00:53:55.757	0.85827				2
2024.08.15	00:53:57.281		0.85863			4
2024.08.15	00:53:59.390		0.85861			4
2024.08.15	00:53:59.729		0.85863			4
2024.08.15	00:54:00.127	0.85827	0.85861			6
2024.08.15	00:54:00.586		0.85866			4
2024.08.15	00:54:00.925		0.85861			4
2024.08.15	00:54:04.652		0.85863			4
2024.08.15	00:54:05.823	0.85826	0.85861			6
2024.08.15	00:54:10.911		0.85863			4
2024.08.15	00:54:12.269		0.85861			4
2024.08.15	00:54:14.688		0.85858			4
2024.08.15	00:54:19.424		0.85863			4
2024.08.15	00:54:22.747	0.85827				2
2024.08.15	00:54:23.050		0.85861			4
2024.08.15	00:54:26.393	0.85828	0.85862			6
2024.08.15	00:54:29.711	0.85827	0.85860			6
2024.08.15	00:54:30.222	0.85828				2
2024.08.15	00:54:30.704	0.85826	0.85858			6
2024.08.15	00:54:31.157		0.85863			4
2024.08.15	00:54:31.558		0.85860			4
2024.08.15	00:54:32.804	0.85827	0.85863			6
2024.08.15	00:54:34.118		0.85862			4
2024.08.15	00:54:35.433		0.85861			4
2024.08.15	00:54:36.257		0.85859			4
2024.08.15	00:54:38.134		0.85857			4
2024.08.15	00:54:43.194		0.85865			4
2024.08.15	00:54:47.269	0.85828	0.85858			6
2024.08.15	00:54:48.880		0.85865			4
2024.08.15	00:54:50.121	0.85826	0.85857			6
2024.08.15	00:54:50.890	0.85827				2
2024.08.15	00:54:52.092	0.85826				2
2024.08.15	00:54:54.221	0.85828	0.85864			6
2024.08.15	00:54:54.725		0.85865			4
2024.08.15	00:54:55.521	0.85827				2
2024.08.15	00:54:58.256		0.85866			4
2024.08.15	00:55:00.795	0.85827	0.85860			6
2024.08.15	00:55:04.694	0.85828	0.85864			6
2024.08.15	00:55:05.919	0.85826	0.85862			6
2024.08.15	00:55:07.286		0.85855			4
2024.08.15	00:55:08.301		0.85846			4
2024.08.15	00:55:14.235		0.85848			4
2024.08.15	00:55:15.914	0.85827	0.85847			6
2024.08.15	00:55:17.063	0.85826	0.85846			6
2024.08.15	00:55:27.063	0.85827	0.85848			6
2024.08.15	00:55:28.902	0.85828				2
2024.08.15	00:55:39.397	0.85829				2
2024.08.15	00:55:41.700	0.85828	0.85847			6
2024.08.15	00:55:42.135	0.85829	0.85848			6
2024.08.15	00:55:46.334		0.85849			4
2024.08.15	00:55:48.311	0.85830				2
2024.08.15	00:55:52.649		0.85850			4
2024.08.15	00:56:02.351	0.85830				2
2024.08.15	00:56:08.505	0.85829	0.85849			6
2024.08.15	00:56:15.084	0.85830	0.85864			6
2024.08.15	00:56:15.563	0.85829	0.85854			6
2024.08.15	00:56:18.371	0.85830	0.85853			6
2024.08.15	00:56:22.297	0.85829	0.85854			6
2024.08.15	00:56:27.854		0.85853			4
2024.08.15	00:56:28.362	0.85828	0.85854			6
2024.08.15	00:56:34.005	0.85829				2
2024.08.15	00:56:34.716	0.85828				2
2024.08.15	00:56:40.897		0.85855			4
2024.08.15	00:56:43.217		0.85854			4
2024.08.15	00:56:49.694	0.85827	0.85855			6
2024.08.15	00:57:01.286	0.85827				2
2024.08.15	00:57:06.970	0.85828				2
2024.08.15	00:57:07.570	0.85827				2
2024.08.15	00:57:19.455		0.85856			4
2024.08.15	00:57:22.066		0.85855			4
2024.08.15	00:57:24.072		0.85856			4
2024.08.15	00:57:24.618	0.85826				2
2024.08.15	00:57:26.085	0.85827				2
2024.08.15	00:57:28.099		0.85855			4
2024.08.15	00:57:30.104		0.85875			4
2024.08.15	00:57:30.651	0.85828	0.85865			6
2024.08.15	00:57:31.239		0.85874			4
2024.08.15	00:57:31.679	0.85830	0.85872			6
2024.08.15	00:57:32.242	0.85828	0.85873			6
2024.08.15	00:57:32.544	0.85829				2
2024.08.15	00:57:33.609	0.85830	0.85871			6
2024.08.15	00:57:33.931		0.85872			4
2024.08.15	00:57:36.124	0.85829	0.85873			6
2024.08.15	00:57:37.385	0.85828	0.85874			6
2024.08.15	00:57:37.942		0.85867			4
2024.08.15	00:57:40.165	0.85829	0.85873			6
2024.08.15	00:57:42.815		0.85867			4
2024.08.15	00:57:43.115	0.85830	0.85872			6
2024.08.15	00:57:43.433	0.85829	0.85867			6
2024.08.15	00:57:43.754	0.85830	0.85872			6
2024.08.15	00:57:44.249	0.85828	0.85867			6
2024.08.15	00:57:44.569		0.85866			4
2024.08.15	00:57:46.199		0.85872			4
2024.08.15	00:57:47.268	0.85830				2
2024.08.15	00:57:50.624	0.85827	0.85864			6
2024.08.15	00:57:52.219	0.85830	0.85872			6
2024.08.15	00:57:53.622	0.85828	0.85865			6
2024.08.15	00:57:55.255	0.85830	0.85872			6
2024.08.15	00:57:55.798	0.85829	0.85873			6
2024.08.15	00:57:56.535		0.85870			4
2024.08.15	00:58:00.764	0.85829				2
2024.08.15	00:58:03.384	0.85828	0.85860			6
2024.08.15	00:58:03.702	0.85827				2
2024.08.15	00:58:04.088	0.85828	0.85868			6
2024.08.15	00:58:05.304		0.85870			4
2024.08.15	00:58:05.617	0.85830	0.85860			6
2024.08.15	00:58:05.924	0.85829	0.85859			6
2024.08.15	00:58:08.277		0.85867			4
2024.08.15	00:58:10.879		0.85870			4
2024.08.15	00:58:14.281	0.85828	0.85860			6
2024.08.15	00:58:21.187		0.85867			4
2024.08.15	00:58:23.753		0.85872			4
2024.08.15	00:58:27.692		0.85863			4
2024.08.15	00:58:28.206	0.85829	0.85873			6
2024.08.15	00:58:28.523	0.85828	0.85872			6
2024.08.15	00:58:29.939		0.85873			4
2024.08.15	00:58:30.798		0.85874			4
2024.08.15	00:58:31.877		0.85865			4
2024.08.15	00:58:33.600	0.85830	0.85872			6
2024.08.15	00:58:35.326	0.85831	0.85871			6
2024.08.15	00:58:36.494	0.85829	0.85872			6
2024.08.15	00:58:36.806		0.85873			4
2024.08.15	00:58:44.124		0.85871			4
2024.08.15	00:58:50.000		0.85873			4
2024.08.15	00:58:51.918	0.85831	0.85871			6
2024.08.15	00:58:53.576	0.85830	0.85872			6
2024.08.15	00:58:54.184		0.85871			4
2024.08.15	00:58:55.399	0.85829	0.85872			6
2024.08.15	00:58:56.399		0.85870			4
2024.08.15	00:58:56.986	0.85830	0.85872			6
2024.08.15	00:58:57.319	0.85829	0.85864			6
2024.08.15	00:59:00.138	0.85829	0.85869			6
2024.08.15	00:59:01.106		0.85873			4
2024.08.15	00:59:01.439	0.85828	0.85862			6
2024.08.15	00:59:02.347		0.85871			4
2024.08.15	00:59:03.671		0.85864			4
2024.08.15	00:59:05.693	0.85829	0.85873			6
2024.08.15	00:59:06.264	0.85828	0.85872			6
2024.08.15	00:59:06.749		0.85873			4
2024.08.15	00:59:07.056		0.85864			4
2024.08.15	00:59:07.828		0.85872			4
2024.08.15	00:59:08.884		0.85866			4
2024.08.15	00:59:09.222	0.85830	0.85872			6
2024.08.15	00:59:10.346	0.85829	0.85865			6
2024.08.15	00:59:11.225		0.85872			4
2024.08.15	00:59:11.540	0.85828				2
2024.08.15	00:59:13.771		0.85873			4
2024.08.15	00:59:14.134		0.85865			4
2024.08.15	00:59:15.731	0.85829	0.85873			6
2024.08.15	00:59:20.446	0.85828				2
2024.08.15	00:59:20.754		0.85872			4
2024.08.15	00:59:23.411	0.85829				2
2024.08.15	00:59:24.785	0.85828	0.85868			6
2024.08.15	00:59:25.225	0.85829	0.85873			6
2024.08.15	00:59:28.169	0.85828				2
2024.08.15	00:59:30.633	0.85829	0.85866			6
2024.08.15	00:59:30.974	0.85828				2
2024.08.15	00:59:31.413		0.85873			4
2024.08.15	00:59:33.901	0.85829	0.85867			6
2024.08.15	00:59:34.616		0.85872			4
2024.08.15	00:59:38.766	0.85828	0.85863			6
2024.08.15	00:59:42.686	0.85829	0.85872			6
2024.08.15	00:59:43.939	0.85830	0.85870			6
2024.08.15	00:59:45.966	0.85829	0.85873			6
2024.08.15	00:59:48.972	0.85830	0.85872			6
2024.08.15	00:59:51.142	0.85829	0.85870			6
2024.08.15	00:59:52.997	0.85830	0.85871			6
2024.08.15	01:00:00.320	0.85829	0.85873			6
2024.08.15	01:00:00.626	0.85830	0.85871			6
2024.08.15	01:00:01.002	0.85825	0.85874			6
2024.08.15	01:00:01.323		0.85870			4
2024.08.15	01:00:01.645	0.85831	0.85884			6
2024.08.15	01:00:01.947	0.85838	0.85879			6
2024.08.15	01:00:02.289	0.85833	0.85869			6
2024.08.15	01:00:02.701	0.85836	0.85867			6
2024.08.15	01:00:03.058	0.85839	0.85869			6
2024.08.15	01:00:03.487	0.85837	0.85868			6
2024.08.15	01:00:03.866	0.85843	0.85867			6
2024.08.15	01:00:04.242	0.85844	0.85868			6
2024.08.15	01:00:04.948		0.85867			4
2024.08.15	01:00:05.258	0.85847	0.85870			6
2024.08.15	01:00:05.564	0.85850	0.85876			6
2024.08.15	01:00:05.906	0.85847	0.85875			6
2024.08.15	01:00:06.210	0.85850	0.85877			6
2024.08.15	01:00:06.516		0.85872			4
2024.08.15	01:00:07.011	0.85848	0.85871			6
2024.08.15	01:00:07.374	0.85849	0.85872			6
2024.08.15	01:00:07.682	0.85845	0.85867			6
2024.08.15	01:00:08.377	0.85844				2
2024.08.15	01:00:09.932	0.85843				2
2024.08.15	01:00:10.296	0.85845				2
2024.08.15	01:00:10.692	0.85851	0.85872			6
2024.08.15	01:00:11.981	0.85853				2
2024.08.15	01:00:12.361	0.85851				2
2024.08.15	01:00:12.720	0.85853				2
2024.08.15	01:00:13.360	0.85848	0.85871			6
2024.08.15	01:00:13.663	0.85849	0.85873			6
2024.08.15	01:00:13.970	0.85848	0.85875			6
2024.08.15	01:00:14.362	0.85849				2
2024.08.15	01:00:14.711	0.85844	0.85867			6
2024.08.15	01:00:15.445	0.85846	0.85868			6
2024.08.15	01:00:15.960	0.85847	0.85873			6
2024.08.15	01:00:16.366	0.85848	0.85871			6
2024.08.15	01:00:16.898	0.85847	0.85868			6
2024.08.15	01:00:17.644	0.85846	0.85867			6
2024.08.15	01:00:17.962	0.85845				2
2024.08.15	01:00:18.607		0.85868			4
2024.08.15	01:00:19.910		0.85867			4
2024.08.15	01:00:21.059	0.85846	0.85863			6
2024.08.15	01:00:21.561	0.85843				2
2024.08.15	01:00:22.368	0.85849	0.85862			6
2024.08.15	01:00:22.678	0.85847				2
2024.08.15	01:00:23.061	0.85848				2
2024.08.15	01:00:23.371	0.85844	0.85856			6
2024.08.15	01:00:24.357	0.85848	0.85861			6
2024.08.15	01:00:25.071	0.85845	0.85859			6
2024.08.15	01:00:25.381	0.85846				2
2024.08.15	01:00:25.894		0.85860			4
2024.08.15	01:00:26.360	0.85845				2
2024.08.15	01:00:30.222	0.85846				2
2024.08.15	01:00:33.464		0.85859			4
2024.08.15	01:00:33.916	0.85844	0.85857			6
2024.08.15	01:00:35.688	0.85843	0.85856			6
2024.08.15	01:00:39.075	0.85844	0.85857			6
2024.08.15	01:00:39.538	0.85843				2
2024.08.15	01:00:39.974	0.85844	0.85856			6
2024.08.15	01:00:41.897	0.85846	0.85862			6
2024.08.15	01:00:43.101	0.85845				2
2024.08.15	01:00:49.614	0.85846				2
2024.08.15	01:00:51.373	0.85850	0.85863			6
2024.08.15	01:00:51.750		0.85864			4
2024.08.15	01:00:55.534		0.85863			4
2024.08.15	01:00:56.940	0.85849				2
2024.08.15	01:00:57.369	0.85850				2
2024.08.15	01:00:57.993	0.85849	0.85864			6
2024.08.15	01:00:58.336	0.85847	0.85865			6
2024.08.15	01:00:58.647	0.85849	0.85864			6
2024.08.15	01:01:00.154	0.85850				2
2024.08.15	01:01:00.463	0.85849	0.85863			6
2024.08.15	01:01:00.770	0.85850	0.85864			6
2024.08.15	01:01:01.090		0.85863			4
2024.08.15	01:01:01.557	0.85849				2
2024.08.15	01:01:02.410		0.85864			4
2024.08.15	01:01:03.732	0.85848	0.85862			6
2024.08.15	01:01:06.609	0.85847	0.85864			6
2024.08.15	01:01:07.450	0.85849	0.85861			6
2024.08.15	01:01:17.691	0.85848	0.85860			6
2024.08.15	01:01:18.441	0.85847	0.85862			6
2024.08.15	01:01:19.193	0.85849	0.85860			6
2024.08.15	01:01:21.649	0.85848	0.85861			6
2024.08.15	01:01:23.041	0.85849	0.85860			6
2024.08.15	01:01:24.401	0.85848				2
2024.08.15	01:01:24.918	0.85847	0.85861			6
2024.08.15	01:01:26.748	0.85848				2
2024.08.15	01:01:30.927	0.85849	0.85859			6
2024.08.15	01:01:35.103	0.85848	0.85860			6
2024.08.15	01:01:36.073	0.85849				2
2024.08.15	01:01:42.403	0.85848				2
2024.08.15	01:01:50.176		0.85861			4
2024.08.15	01:01:50.487		0.85860			4
2024.08.15	01:01:54.389	0.85850	0.85862			6
2024.08.15	01:01:56.124		0.85865			4
2024.08.15	01:01:59.086	0.85849	0.85866			6
2024.08.15	01:02:00.293	0.85849				2
2024.08.15	01:02:01.496	0.85856	0.85867			6
2024.08.15	01:02:02.577	0.85851				2
2024.08.15	01:02:04.943	0.85856				2
2024.08.15	01:02:06.353	0.85857				2
2024.08.15	01:02:11.860	0.85852	0.85865			6
2024.08.15	01:02:28.772	0.85851				2
2024.08.15	01:02:43.919	0.85852				2
2024.08.15	01:02:48.416	0.85851				2
2024.08.15	01:02:48.837	0.85852				2
2024.08.15	01:02:50.495	0.85851				2
2024.08.15	01:03:00.433	0.85851	0.85864			6
2024.08.15	01:03:07.035	0.85854	0.85862			6
2024.08.15	01:03:07.641	0.85855				2
2024.08.15	01:03:08.113	0.85854				2
2024.08.15	01:03:08.432	0.85853				2
2024.08.15	01:03:10.381	0.85852				2
2024.08.15	01:03:18.363	0.85853				2
2024.08.15	01:03:22.678	0.85852				2
2024.08.15	01:03:22.997	0.85849	0.85857			6
2024.08.15	01:03:23.360	0.85846				2
2024.08.15	01:03:23.684	0.85845				2
2024.08.15	01:03:27.937	0.85846	0.85855			6
2024.08.15	01:03:36.513	0.85848	0.85857			6
2024.08.15	01:03:39.282	0.85846	0.85856			6
2024.08.15	01:03:43.767		0.85855			4
2024.08.15	01:03:44.241	0.85845				2
2024.08.15	01:03:45.229	0.85846				2
2024.08.15	01:03:47.666	0.85845				2
2024.08.15	01:04:00.155	0.85846				2
2024.08.15	01:04:15.390	0.85845				2
2024.08.15	01:04:18.962		0.85851			4
2024.08.15	01:04:22.939		0.85850			4
2024.08.15	01:04:24.319	0.85844				2
2024.08.15	01:04:28.678		0.85849			4
2024.08.15	01:04:31.573	0.85845	0.85854			6
2024.08.15	01:04:33.980	0.85843	0.85852			6
2024.08.15	01:04:35.296		0.85851			4
2024.08.15	01:04:37.332	0.85842				2
2024.08.15	01:04:43.477		0.85850			4
2024.08.15	01:04:46.523		0.85851			4
2024.08.15	01:05:01.998	0.85842	0.85850			6
2024.08.15	01:05:02.409	0.85840	0.85845			6
2024.08.15	01:05:04.159	0.85839				2
2024.08.15	01:05:34.273		0.85846			4
2024.08.15	01:05:34.789	0.85840				2
2024.08.15	01:05:36.138		0.85849			4
2024.08.15	01:05:36.530	0.85844	0.85855			6
2024.08.15	01:05:37.752	0.85845	0.85856			6
2024.08.15	01:05:38.072	0.85846	0.85857			6
2024.08.15	01:05:50.942	0.85847				2
2024.08.15	01:05:52.410	0.85848				2
2024.08.15	01:06:00.306	0.85848				2
2024.08.15	01:06:00.854	0.85847	0.85855			6
2024.08.15	01:06:01.422	0.85855	0.85863			6
2024.08.15	01:06:01.726		0.85862			4
2024.08.15	01:06:02.120		0.85863			4
2024.08.15	01:06:02.494		0.85862			4
2024.08.15	01:06:07.072		0.85863			4
2024.08.15	01:06:16.651		0.85862			4
2024.08.15	01:06:23.021		0.85863			4
2024.08.15	01:06:33.522		0.85864			4
2024.08.15	01:06:48.187		0.85863			4
2024.08.15	01:06:51.213	0.85856				2
2024.08.15	01:07:01.149	0.85856				2
2024.08.15	01:07:06.260		0.85864			4
2024.08.15	01:07:31.400		0.85866			4
2024.08.15	01:07:35.070		0.85865			4
2024.08.15	01:07:38.181		0.85866			4
2024.08.15	01:07:46.503		0.85865			4
2024.08.15	01:08:06.578	0.85856				2
2024.08.15	01:08:21.544		0.85866			4
2024.08.15	01:08:22.175		0.85867			4
2024.08.15	01:08:28.880		0.85866			4
2024.08.15	01:08:40.963	0.85852	0.85863			6
2024.08.15	01:08:45.554	0.85855	0.85866			6
2024.08.15	01:09:00.023	0.85855				2
2024.08.15	01:09:25.536	0.85852	0.85864			6
2024.08.15	01:09:29.579	0.85851	0.85863			6
2024.08.15	01:09:30.300	0.85853	0.85864			6
2024.08.15	01:09:36.385	0.85855	0.85865			6
2024.08.15	01:09:37.324		0.85866			4
2024.08.15	01:09:42.005		0.85864			4
2024.08.15	01:09:42.421		0.85863			4
2024.08.15	01:10:00.157	0.85855				2
2024.08.15	01:10:01.546		0.85864			4
2024.08.15	01:10:14.711	0.85850	0.85859			6
2024.08.15	01:10:18.461	0.85849				2
2024.08.15	01:10:21.597	0.85851	0.85862			6
2024.08.15	01:10:28.875		0.85861			4
2024.08.15	01:11:05.995	0.85851				2
2024.08.15	01:11:31.621	0.85853	0.85861			6
2024.08.15	01:11:34.058	0.85855				2
2024.08.15	01:11:36.079	0.85856				2
2024.08.15	01:11:38.270	0.85854				2
2024.08.15	01:11:38.769	0.85853	0.85859			6
2024.08.15	01:11:39.761	0.85852				2
2024.08.15	01:11:59.386	0.85853				2
2024.08.15	01:12:00.662	0.85853				2
2024.08.15	01:12:04.160	0.85852				2
2024.08.15	01:12:11.459	0.85851				2
2024.08.15	01:12:11.819	0.85849	0.85858			6
2024.08.15	01:12:16.089	0.85848	0.85855			6
2024.08.15	01:12:41.386	0.85851				2
2024.08.15	01:12:41.701	0.85848	0.85852			6
2024.08.15	01:12:42.518		0.85851			4
2024.08.15	01:12:45.595		0.85852			4
2024.08.15	01:12:51.876		0.85851			4
2024.08.15	01:12:52.336		0.85852			4
2024.08.15	01:12:58.702		0.85851			4
2024.08.15	01:13:00.262	0.85848				2
2024.08.15	01:13:06.604	0.85846				2
2024.08.15	01:13:14.305	0.85847				2
2024.08.15	01:13:14.607		0.85852			4
2024.08.15	01:13:17.161		0.85851			4
2024.08.15	01:13:19.501		0.85852			4
2024.08.15	01:13:20.914	0.85846	0.85851			6
2024.08.15	01:13:23.260	0.85847				2
2024.08.15	01:13:23.649		0.85852			4
2024.08.15	01:13:25.681	0.85848				2
2024.08.15	01:13:29.170	0.85846	0.85849			6
2024.08.15	01:13:29.677		0.85850			4
2024.08.15	01:14:03.065	0.85846				2
2024.08.15	01:14:10.844	0.85845				2
2024.08.15	01:14:14.262	0.85846				2
2024.08.15	01:14:16.664	0.85847				2
2024.08.15	01:14:17.070	0.85846				2
2024.08.15	01:14:31.185		0.85850			4
2024.08.15	01:14:47.185	0.85847				2
2024.08.15	01:14:47.593	0.85845	0.85849			6
2024.08.15	01:14:49.017		0.85851			4
2024.08.15	01:14:57.561	0.85844				2
2024.08.15	01:15:00.154	0.85844	0.85850			6
2024.08.15	01:15:30.297		0.85852			4
2024.08.15	01:15:33.314	0.85845				2
2024.08.15	01:15:38.059	0.85844				2
2024.08.15	01:15:41.306		0.85851			4
2024.08.15	01:15:42.560	0.85845				2
2024.08.15	01:15:58.209		0.85852			4
2024.08.15	01:16:06.109	0.85845				2
2024.08.15	01:16:11.763		0.85853			4
2024.08.15	01:16:35.498	0.85844	0.85852			6
2024.08.15	01:16:40.760	0.85843	0.85851			6
2024.08.15	01:16:44.265	0.85844				2
2024.08.15	01:16:45.514		0.85852			4
2024.08.15	01:16:47.360	0.85843	0.85851			6
2024.08.15	01:17:00.650	0.85844				2
2024.08.15	01:17:01.333	0.85843				2
2024.08.15	01:17:04.281	0.85844				2
2024.08.15	01:17:06.261		0.85852			4
2024.08.15	01:17:53.972		0.85851			4
2024.08.15	01:17:59.541		0.85852			4
2024.08.15	01:18:04.376	0.85844				2
2024.08.15	01:18:05.154	0.85843	0.85851			6
2024.08.15	01:18:45.380		0.85850			4
2024.08.15	01:18:45.697	0.85844				2
2024.08.15	01:18:46.525	0.85843				2
2024.08.15	01:18:55.100		0.85851			4
2024.08.15	01:18:56.327	0.85844	0.85849			6
2024.08.15	01:18:56.806		0.85850			4
2024.08.15	01:19:00.486	0.85844				2
2024.08.15	01:19:00.896		0.85849			4
2024.08.15	01:19:01.249		0.85850			4
2024.08.15	01:19:04.788	0.85843				2
2024.08.15	01:19:08.510		0.85849			4
2024.08.15	01:19:13.045		0.85850			4
2024.08.15	01:19:27.918		0.85851			4
2024.08.15	01:19:40.160		0.85850			4
2024.08.15	01:19:43.614		0.85851			4
2024.08.15	01:19:50.181	0.85844				2
2024.08.15	01:19:54.640		0.85850			4
2024.08.15	01:19:56.733	0.85845				2
2024.08.15	01:20:00.101	0.85845				2
2024.08.15	01:20:03.917		0.85851			4
2024.08.15	01:20:21.875	0.85846				2
2024.08.15	01:21:01.160	0.85846	0.85850			6
2024.08.15	01:21:12.260	0.85845	0.85851			6
2024.08.15	01:21:12.561		0.85849			4
2024.08.15	01:21:13.283		0.85850			4
2024.08.15	01:21:19.418		0.85849			4
2024.08.15	01:21:20.059		0.85850			4
2024.08.15	01:21:21.223		0.85849			4
2024.08.15	01:21:23.308		0.85850			4
2024.08.15	01:21:26.126		0.85849			4
2024.08.15	01:21:29.856		0.85850			4
2024.08.15	01:21:40.354	0.85844	0.85849			6
2024.08.15	01:21:40.663		0.85850			4
2024.08.15	01:21:57.137		0.85849			4
2024.08.15	01:22:01.550	0.85844				2
2024.08.15	01:22:09.425		0.85848			4
2024.08.15	01:22:17.114		0.85849			4
2024.08.15	01:22:21.115		0.85848			4
2024.08.15	01:22:22.962		0.85849			4
2024.08.15	01:22:45.160		0.85848			4
2024.08.15	01:22:51.001		0.85849			4
2024.08.15	01:23:01.074	0.85844				2
2024.08.15	01:23:15.537		0.85848			4
2024.08.15	01:23:16.941		0.85849			4
2024.08.15	01:23:30.165		0.85848			4
2024.08.15	01:23:35.317		0.85849			4
2024.08.15	01:24:00.832	0.85844				2
2024.08.15	01:24:14.933		0.85848			4
2024.08.15	01:24:19.274	0.85845				2
2024.08.15	01:24:20.647		0.85849			4
2024.08.15	01:24:34.247	0.85844				2
2024.08.15	01:24:39.040	0.85845	0.85850			6
2024.08.15	01:24:46.574	0.85846	0.85852			6
2024.08.15	01:24:49.251	0.85847				2
2024.08.15	01:24:50.520		0.85851			4
2024.08.15	01:24:54.399		0.85852			4
2024.08.15	01:25:00.461	0.85847				2
2024.08.15	01:25:01.763		0.85853			4
2024.08.15	01:25:03.163	0.85848				2
2024.08.15	01:25:05.056	0.85846				2
2024.08.15	01:25:10.092		0.85852			4
2024.08.15	01:26:02.542	0.85846				2
2024.08.15	01:26:13.005		0.85852			4
2024.08.15	01:26:29.052	0.85847				2
2024.08.15	01:26:36.261		0.85853			4
2024.08.15	01:26:40.771		0.85852			4
2024.08.15	01:26:55.681		0.85853			4
2024.08.15	01:27:00.438	0.85847				2
2024.08.15	01:27:16.945	0.85849				2
2024.08.15	01:27:17.595	0.85850	0.85855			6
2024.08.15	01:27:17.960		0.85854			4
2024.08.15	01:27:22.160		0.85853			4
2024.08.15	01:27:23.113	0.85849				2
2024.08.15	01:27:24.691	0.85848				2
2024.08.15	01:27:25.158	0.85849				2
2024.08.15	01:27:28.161		0.85854			4
2024.08.15	01:27:31.695	0.85848	0.85852			6
2024.08.15	01:27:57.085	0.85851	0.85855			6
2024.08.15	01:27:58.897	0.85852	0.85856			6
2024.08.15	01:28:03.405	0.85851				2
2024.08.15	01:28:08.063		0.85855			4
2024.08.15	01:28:24.560	0.85850	0.85853			6
2024.08.15	01:28:27.915		0.85854			4
2024.08.15	01:28:34.195		0.85853			4
2024.08.15	01:28:55.895	0.85851	0.85854			6
2024.08.15	01:28:56.216	0.85850				2
2024.08.15	01:28:58.317	0.85851	0.85856			6
2024.08.15	01:28:58.624	0.85852				2
2024.08.15	01:28:59.159	0.85854	0.85858			6
2024.08.15	01:29:00.373	0.85854				2
2024.08.15	01:29:01.688		0.85857			4
2024.08.15	01:29:02.821		0.85858			4
2024.08.15	01:29:03.370	0.85855				2
2024.08.15	01:29:03.671		0.85857			4
2024.08.15	01:29:04.291		0.85858			4
2024.08.15	01:29:04.598		0.85859			4
2024.08.15	01:29:05.846		0.85858			4
2024.08.15	01:29:07.553		0.85859			4
2024.08.15	01:29:08.638		0.85858			4
2024.08.15	01:29:13.771		0.85859			4
2024.08.15	01:29:17.255		0.85860			4
2024.08.15	01:29:22.727		0.85859			4
2024.08.15	01:29:42.412	0.85852	0.85858			6
2024.08.15	01:29:42.728		0.85855			4
2024.08.15	01:29:52.174		0.85856			4
2024.08.15	01:29:52.487		0.85855			4
2024.08.15	01:29:54.356		0.85856			4
2024.08.15	01:30:00.321	0.85851	0.85855			6
2024.08.15	01:30:00.994	0.85850				2
2024.08.15	01:30:01.663	0.85851	0.85856			6
2024.08.15	01:30:03.237	0.85850	0.85855			6
2024.08.15	01:30:04.363		0.85856			4
2024.08.15	01:30:14.683	0.85851				2
2024.08.15	01:30:19.360	0.85850	0.85857			6
2024.08.15	01:30:28.017	0.85849	0.85856			6
2024.08.15	01:30:30.295		0.85855			4
2024.08.15	01:30:39.117	0.85851				2
2024.08.15	01:30:40.837		0.85856			4
2024.08.15	01:30:49.572	0.85850				2
2024.08.15	01:30:51.515	0.85851	0.85854			6
2024.08.15	01:30:53.833		0.85855			4
2024.08.15	01:31:01.336	0.85851				2
2024.08.15	01:31:05.361		0.85856			4
2024.08.15	01:31:10.161		0.85855			4
2024.08.15	01:31:11.061		0.85856			4
2024.08.15	01:31:11.979	0.85853	0.85857			6
2024.08.15	01:31:12.382	0.85852				2
2024.08.15	01:31:13.506	0.85854	0.85858			6
2024.08.15	01:31:14.382	0.85855	0.85860			6
2024.08.15	01:31:16.192	0.85856				2
2024.08.15	01:32:00.893	0.85856				2
2024.08.15	01:32:15.348		0.85860			4
2024.08.15	01:32:22.555		0.85859			4
2024.08.15	01:32:22.886		0.85860			4
2024.08.15	01:32:27.913		0.85861			4
2024.08.15	01:32:28.771		0.85859			4
2024.08.15	01:32:56.434		0.85860			4
2024.08.15	01:33:00.445	0.85856				2
2024.08.15	01:33:15.286	0.85854	0.85857			6
2024.08.15	01:33:16.350		0.85858			4
2024.08.15	01:33:20.501		0.85857			4
2024.08.15	01:33:20.989		0.85858			4
2024.08.15	01:33:21.500		0.85857			4
2024.08.15	01:33:24.050		0.85858			4
2024.08.15	01:33:25.461		0.85857			4
2024.08.15	01:33:28.193	0.85853				2
2024.08.15	01:33:30.303	0.85852				2
2024.08.15	01:33:33.289		0.85856			4
2024.08.15	01:34:00.891	0.85852				2
2024.08.15	01:34:20.475		0.85857			4
2024.08.15	01:34:31.926		0.85856			4
2024.08.15	01:34:34.351		0.85857			4
2024.08.15	01:34:38.229	0.85854				2
2024.08.15	01:34:40.159		0.85858			4
2024.08.15	01:34:46.753	0.85852	0.85856			6
2024.08.15	01:34:49.725	0.85853	0.85857			6
2024.08.15	01:34:59.758	0.85854				2
2024.08.15	01:35:00.460	0.85854				2
2024.08.15	01:35:02.362		0.85858			4
2024.08.15	01:35:05.737	0.85856	0.85860			6
2024.08.15	01:35:15.918	0.85855	0.85858			6
2024.08.15	01:35:23.099		0.85857			4
2024.08.15	01:35:49.911		0.85858			4
2024.08.15	01:35:55.852		0.85859			4
2024.08.15	01:36:01.594	0.85855	0.85858			6
2024.08.15	01:36:08.481		0.85860			4
2024.08.15	01:36:11.058	0.85853				2
2024.08.15	01:36:17.229		0.85859			4
2024.08.15	01:36:31.146	0.85854	0.85858			6
2024.08.15	01:36:41.961		0.85859			4
2024.08.15	01:36:54.843	0.85855	0.85860			6
2024.08.15	01:37:00.413	0.85855				2
2024.08.15	01:37:01.037		0.85859			4
2024.08.15	01:37:01.562	0.85854				2
2024.08.15	01:37:09.829	0.85855				2
2024.08.15	01:37:10.133	0.85853				2
2024.08.15	01:37:12.720	0.85854				2
2024.08.15	01:37:24.725	0.85853				2
2024.08.15	01:37:25.667	0.85854				2
2024.08.15	01:37:26.118		0.85858			4
2024.08.15	01:37:26.641	0.85853				2
2024.08.15	01:37:30.716	0.85852	0.85857			6
2024.08.15	01:37:31.020	0.85854	0.85858			6
2024.08.15	01:37:34.999		0.85859			4
2024.08.15	01:37:38.801	0.85853				2
2024.08.15	01:37:41.006		0.85858			4
2024.08.15	01:37:41.341	0.85852				2
2024.08.15	01:37:42.375	0.85853				2
2024.08.15	01:37:44.862	0.85852				2
2024.08.15	01:37:46.059	0.85855	0.85859			6
2024.08.15	01:37:49.176		0.85858			4
2024.08.15	01:37:54.801	0.85853				2
2024.08.15	01:37:58.003	0.85855	0.85860			6
2024.08.15	01:38:00.158	0.85855				2
2024.08.15	01:38:02.201	0.85856	0.85861			6
2024.08.15	01:38:13.042	0.85857	0.85862			6
2024.08.15	01:38:15.111	0.85856				2
2024.08.15	01:38:30.576	0.85857	0.85861			6
2024.08.15	01:38:36.381		0.85862			4
2024.08.15	01:38:43.377	0.85856	0.85861			6
2024.08.15	01:38:48.378		0.85860			4
2024.08.15	01:38:49.760		0.85861			4
2024.08.15	01:39:00.289	0.85856				2
2024.08.15	01:39:09.993		0.85860			4
2024.08.15	01:39:32.211	0.85858				2
2024.08.15	01:39:32.578		0.85859			4
2024.08.15	01:39:32.954		0.85860			4
2024.08.15	01:39:39.860	0.85859				2
2024.08.15	01:39:40.253		0.85861			4
2024.08.15	01:39:41.303		0.85860			4
2024.08.15	01:39:41.660		0.85861			4
2024.08.15	01:39:56.179	0.85856	0.85860			6
2024.08.15	01:39:57.872	0.85858				2
2024.08.15	01:40:00.053	0.85859	0.85861			6
2024.08.15	01:40:00.707		0.85860			4
2024.08.15	01:40:03.777	0.85853	0.85857			6
2024.08.15	01:40:04.407	0.85856	0.85858			6
2024.08.15	01:40:04.723	0.85857	0.85859			6
2024.08.15	01:40:06.296		0.85860			4
2024.08.15	01:40:09.812		0.85861			4
2024.08.15	01:40:41.046	0.85862	0.85866			6
2024.08.15	01:40:41.701	0.85860	0.85867			6
2024.08.15	01:40:49.460		0.85866			4
2024.08.15	01:40:57.205		0.85867			4
2024.08.15	01:41:00.602	0.85860				2
2024.08.15	01:41:02.061		0.85866			4
2024.08.15	01:41:15.144		0.85865			4
2024.08.15	01:42:00.780	0.85860				2
2024.08.15	01:42:07.756	0.85863	0.85868			6
2024.08.15	01:42:08.080	0.85864	0.85870			6
2024.08.15	01:42:08.451	0.85866				2
2024.08.15	01:42:08.849	0.85865	0.85869			6
2024.08.15	01:42:09.170		0.85870			4
2024.08.15	01:42:10.403		0.85869			4
2024.08.15	01:42:11.006		0.85870			4
2024.08.15	01:42:12.350		0.85869			4
2024.08.15	01:42:13.470		0.85870			4
2024.08.15	01:42:14.128		0.85869			4
2024.08.15	01:42:15.168		0.85870			4
2024.08.15	01:42:24.872		0.85869			4
2024.08.15	01:42:27.294		0.85870			4
2024.08.15	01:42:27.787	0.85861	0.85867			6
2024.08.15	01:42:29.782		0.85866			4
2024.08.15	01:42:30.261		0.85867			4
2024.08.15	01:42:37.081		0.85866			4
2024.08.15	01:42:50.052		0.85865			4
2024.08.15	01:43:00.169	0.85861				2
2024.08.15	01:43:05.360		0.85866			4
2024.08.15	01:43:22.749		0.85865			4
2024.08.15	01:43:23.062	0.85862	0.85867			6
2024.08.15	01:43:23.382	0.85863	0.85868			6
2024.08.15	01:43:27.381		0.85867			4
2024.08.15	01:43:31.065		0.85868			4
2024.08.15	01:43:32.761		0.85867			4
2024.08.15	01:43:36.534		0.85868			4
2024.08.15	01:43:37.129		0.85867			4
2024.08.15	01:43:43.527	0.85862				2
2024.08.15	01:43:45.126	0.85861				2
2024.08.15	01:43:46.062		0.85866			4
2024.08.15	01:43:46.572		0.85867			4
2024.08.15	01:43:53.967		0.85866			4
2024.08.15	01:44:00.519	0.85861				2
2024.08.15	01:44:01.437		0.85867			4
2024.08.15	01:44:09.213		0.85865			4
2024.08.15	01:44:10.461		0.85867			4
2024.08.15	01:44:16.533		0.85866			4
2024.08.15	01:44:27.836		0.85865			4
2024.08.15	01:44:30.142		0.85866			4
2024.08.15	01:44:30.692	0.85857	0.85862			6
2024.08.15	01:44:31.427	0.85854	0.85859			6
2024.08.15	01:44:44.408		0.85858			4
2024.08.15	01:44:59.786		0.85857			4
2024.08.15	01:45:00.155	0.85854	0.85858			6
2024.08.15	01:45:04.051		0.85857			4
2024.08.15	01:45:14.060		0.85858			4
2024.08.15	01:45:16.359		0.85857			4
2024.08.15	01:45:16.700	0.85853				2
2024.08.15	01:46:01.280	0.85853				2
2024.08.15	01:46:16.387		0.85857			4
2024.08.15	01:46:20.057	0.85857	0.85860			6
2024.08.15	01:46:21.237		0.85861			4
2024.08.15	01:46:21.562		0.85859			4
2024.08.15	01:46:21.875		0.85861			4
2024.08.15	01:46:24.473		0.85860			4
2024.08.15	01:46:25.842		0.85861			4
2024.08.15	01:46:26.717		0.85862			4
2024.08.15	01:46:27.021		0.85861			4
2024.08.15	01:46:27.370		0.85862			4
2024.08.15	01:46:27.918		0.85861			4
2024.08.15	01:46:40.371		0.85862			4
2024.08.15	01:46:43.375		0.85861			4
2024.08.15	01:47:00.788	0.85857				2
2024.08.15	01:47:01.185		0.85860			4
2024.08.15	01:47:51.377		0.85861			4
2024.08.15	01:47:54.089	0.85860	0.85864			6
2024.08.15	01:47:55.058	0.85859				2
2024.08.15	01:47:55.720	0.85860				2
2024.08.15	01:47:57.486		0.85863			4
2024.08.15	01:47:57.804	0.85859				2
2024.08.15	01:48:02.964	0.85859				2
2024.08.15	01:48:07.182		0.85862			4
2024.08.15	01:48:15.485		0.85863			4
2024.08.15	01:48:19.789	0.85858	0.85861			6
2024.08.15	01:48:20.104		0.85862			4
2024.08.15	01:48:22.247		0.85861			4
2024.08.15	01:48:24.283	0.85859	0.85862			6
2024.08.15	01:48:24.602		0.85863			4
2024.08.15	01:48:25.738		0.85862			4
2024.08.15	01:48:30.367	0.85858				2
2024.08.15	01:48:45.409	0.85859				2
2024.08.15	01:48:51.402	0.85858	0.85861			6
2024.08.15	01:49:00.800	0.85858				2
2024.08.15	01:49:07.123		0.85860			4
2024.08.15	01:49:09.340	0.85856				2
2024.08.15	01:49:10.697	0.85855				2
2024.08.15	01:49:12.681		0.85859			4
2024.08.15	01:49:13.936	0.85856				2
2024.08.15	01:49:18.843		0.85860			4
2024.08.15	01:49:20.740		0.85859			4
2024.08.15	01:49:31.250	0.85857	0.85860			6
2024.08.15	01:50:00.449	0.85857				2
2024.08.15	01:50:21.277	0.85856				2
2024.08.15	01:50:23.893		0.85859			4
2024.08.15	01:50:43.847	0.85854	0.85858			6
2024.08.15	01:50:44.160		0.85857			4
2024.08.15	01:50:45.114		0.85858			4
2024.08.15	01:50:45.469		0.85857			4
2024.08.15	01:50:50.201		0.85858			4
2024.08.15	01:50:51.817		0.85857			4
2024.08.15	01:50:54.405	0.85853				2
2024.08.15	01:51:00.879	0.85853				2
2024.08.15	01:51:05.961		0.85856			4
2024.08.15	01:51:49.015		0.85855			4
2024.08.15	01:51:56.143	0.85852	0.85856			6
2024.08.15	01:52:00.068	0.85852				2
2024.08.15	01:52:04.429		0.85855			4
2024.08.15	01:52:06.450		0.85856			4
2024.08.15	01:52:08.646	0.85853				2
2024.08.15	01:52:38.996		0.85857			4
2024.08.15	01:52:40.755		0.85856			4
2024.08.15	01:52:50.890	0.85852				2
2024.08.15	01:53:00.319	0.85852				2
2024.08.15	01:53:00.649		0.85855			4
2024.08.15	01:53:05.201		0.85856			4
2024.08.15	01:53:45.559		0.85855			4
2024.08.15	01:53:46.893		0.85856			4
2024.08.15	01:53:50.046	0.85853				2
2024.08.15	01:53:51.884		0.85855			4
2024.08.15	01:53:59.074		0.85856			4
2024.08.15	01:53:59.384		0.85855			4
2024.08.15	01:54:00.560	0.85853				2
2024.08.15	01:54:50.724		0.85856			4
2024.08.15	01:55:00.171	0.85853				2
2024.08.15	01:55:02.217	0.85854				2
2024.08.15	01:55:08.572	0.85853				2
2024.08.15	01:55:13.559	0.85854				2
2024.08.15	01:55:51.121		0.85856			4
2024.08.15	01:55:59.527	0.85853				2
2024.08.15	01:56:00.310	0.85853				2
2024.08.15	01:56:54.098		0.85856			4
2024.08.15	01:57:00.262	0.85853				2
2024.08.15	01:57:04.356		0.85855			4
2024.08.15	01:57:05.124		0.85856			4
2024.08.15	01:57:05.711		0.85855			4
2024.08.15	01:57:32.204		0.85856			4
2024.08.15	01:57:35.249		0.85855			4
2024.08.15	01:57:35.746	0.85854	0.85856			6
2024.08.15	01:57:36.483	0.85853				2
2024.08.15	01:58:00.171	0.85853				2
2024.08.15	01:58:19.870	0.85851				2
2024.08.15	01:58:25.494	0.85852				2
2024.08.15	01:58:26.896	0.85851				2
2024.08.15	01:58:29.887	0.85852				2
2024.08.15	01:58:32.899	0.85853				2
2024.08.15	01:58:33.614	0.85852				2
2024.08.15	01:58:35.635	0.85851				2
2024.08.15	01:58:36.170		0.85856			4
2024.08.15	01:58:40.895	0.85852				2
2024.08.15	01:58:42.816	0.85853				2
2024.08.15	01:59:00.819	0.85853				2
2024.08.15	01:59:11.894	0.85852				2
2024.08.15	01:59:15.897	0.85853				2
2024.08.15	01:59:36.151		0.85857			4
2024.08.15	01:59:42.199	0.85854				2
2024.08.15	01:59:43.376	0.85853				2
2024.08.15	01:59:47.448		0.85856			4
2024.08.15	01:59:52.610		0.85857			4
2024.08.15	01:59:54.068		0.85856			4
2024.08.15	02:00:00.350	0.85857	0.85860			6
2024.08.15	02:00:05.807		0.85859			4
2024.08.15	02:00:06.369	0.85858	0.85860			6
2024.08.15	02:00:11.087	0.85857				2
2024.08.15	02:00:11.671	0.85856				2
2024.08.15	02:00:12.222	0.85857	0.85863			6
2024.08.15	02:00:16.851	0.85859				2
2024.08.15	02:00:34.862	0.85858				2
2024.08.15	02:00:42.209	0.85859				2
2024.08.15	02:00:49.214	0.85857				2
2024.08.15	02:00:55.244	0.85858				2
2024.08.15	02:01:00.262	0.85859				2
2024.08.15	02:01:12.433		0.85862			4
2024.08.15	02:01:27.770	0.85858	0.85861			6
2024.08.15	02:01:33.176	0.85857	0.85863			6
2024.08.15	02:01:33.883		0.85862			4
2024.08.15	02:01:35.952	0.85858	0.85861			6
2024.08.15	02:01:36.263		0.85862			4
2024.08.15	02:01:36.570		0.85860			4
2024.08.15	02:01:41.578	0.85857				2
2024.08.15	02:01:51.440	0.85858				2
2024.08.15	02:01:54.400	0.85857	0.85859			6
2024.08.15	02:01:58.624		0.85860			4
2024.08.15	02:02:00.402	0.85857				2
2024.08.15	02:02:06.175	0.85855	0.85859			6
2024.08.15	02:02:09.387	0.85856				2
2024.08.15	02:02:10.038	0.85857	0.85860			6
2024.08.15	02:02:10.777		0.85859			4
2024.08.15	02:02:12.828		0.85861			4
2024.08.15	02:02:13.143	0.85856	0.85860			6
2024.08.15	02:02:22.185	0.85857				2
2024.08.15	02:02:22.500	0.85856				2
2024.08.15	02:02:24.369	0.85858	0.85861			6
2024.08.15	02:02:25.295		0.85860			4
2024.08.15	02:02:27.374		0.85861			4
2024.08.15	02:02:30.270		0.85860			4
2024.08.15	02:02:32.547		0.85861			4
2024.08.15	02:02:39.871	0.85859				2
2024.08.15	02:02:40.182		0.85860			4
2024.08.15	02:02:40.484		0.85862			4
2024.08.15	02:02:40.798		0.85863			4
2024.08.15	02:03:00.433	0.85859				2
2024.08.15	02:03:01.717		0.85862			4
2024.08.15	02:03:03.224		0.85863			4
2024.08.15	02:03:32.661	0.85856	0.85859			6
2024.08.15	02:03:45.298	0.85857				2
2024.08.15	02:03:45.711	0.85856				2
2024.08.15	02:03:50.118		0.85858			4
2024.08.15	02:03:55.743	0.85858	0.85859			6
2024.08.15	02:04:00.086	0.85858				2
2024.08.15	02:04:01.401		0.85861			4
2024.08.15	02:04:05.330		0.85862			4
2024.08.15	02:04:05.878	0.85859				2
2024.08.15	02:04:18.414		0.85863			4
2024.08.15	02:04:21.294		0.85862			4
2024.08.15	02:04:22.268	0.85858				2
2024.08.15	02:04:22.808	0.85857				2
2024.08.15	02:04:29.915	0.85859				2
2024.08.15	02:04:30.226		0.85863			4
2024.08.15	02:04:34.708	0.85858				2
2024.08.15	02:04:50.568	0.85856	0.85860			6
2024.08.15	02:04:52.670	0.85858	0.85861			6
2024.08.15	02:04:56.396		0.85863			4
2024.08.15	02:05:00.595	0.85858				2
2024.08.15	02:05:06.285	0.85859				2
2024.08.15	02:05:20.823	0.85858				2
2024.08.15	02:05:21.624	0.85859				2
2024.08.15	02:05:42.091	0.85858				2
2024.08.15	02:06:03.095	0.85858	0.85863			6
2024.08.15	02:06:12.566	0.85859				2
2024.08.15	02:06:12.883	0.85858				2
2024.08.15	02:06:13.261	0.85859				2
2024.08.15	02:06:15.647	0.85858				2
2024.08.15	02:06:24.881	0.85859				2
2024.08.15	02:06:26.313	0.85860				2
2024.08.15	02:06:28.023	0.85861				2
2024.08.15	02:06:29.693		0.85864			4
2024.08.15	02:06:40.347	0.85862				2
2024.08.15	02:06:41.191	0.85859	0.85862			6
2024.08.15	02:06:42.771		0.85861			4
2024.08.15	02:07:00.352	0.85859				2
2024.08.15	02:07:02.360	0.85857	0.85859			6
2024.08.15	02:07:02.969		0.85860			4
2024.08.15	02:07:41.747		0.85861			4
2024.08.15	02:07:42.123		0.85860			4
2024.08.15	02:07:48.152	0.85858	0.85861			6
2024.08.15	02:07:50.772		0.85862			4
2024.08.15	02:07:54.332	0.85860				2
2024.08.15	02:07:55.196		0.85863			4
2024.08.15	02:07:58.976	0.85858	0.85862			6
2024.08.15	02:08:00.360	0.85858				2
2024.08.15	02:08:01.775		0.85860			4
2024.08.15	02:08:17.038	0.85857				2
2024.08.15	02:08:49.198	0.85860	0.85863			6
2024.08.15	02:09:01.445	0.85860				2
2024.08.15	02:09:49.261		0.85863			4
2024.08.15	02:10:00.358	0.85859				2
2024.08.15	02:10:02.907	0.85857	0.85861			6
2024.08.15	02:10:03.611		0.85862			4
2024.08.15	02:10:06.123	0.85856	0.85860			6
2024.08.15	02:10:09.424	0.85859	0.85862			6
2024.08.15	02:10:11.573	0.85858				2
2024.08.15	02:10:18.124	0.85859				2
2024.08.15	02:10:20.887	0.85860				2
2024.08.15	02:10:50.697	0.85859				2
2024.08.15	02:10:51.589	0.85860				2
2024.08.15	02:11:00.887	0.85860				2
2024.08.15	02:11:14.361		0.85862			4
2024.08.15	02:11:55.678	0.85861	0.85863			6
2024.08.15	02:11:57.106	0.85860				2
2024.08.15	02:12:00.253	0.85860				2
2024.08.15	02:13:00.176	0.85860	0.85863			6
2024.08.15	02:13:09.335	0.85859				2
2024.08.15	02:13:09.643	0.85864	0.85867			6
2024.08.15	02:13:11.182	0.85863				2
2024.08.15	02:13:11.512		0.85866			4
2024.08.15	02:13:12.060		0.85867			4
2024.08.15	02:13:14.350		0.85866			4
2024.08.15	02:13:21.161		0.85867			4
2024.08.15	02:13:22.712		0.85866			4
2024.08.15	02:13:38.102	0.85865	0.85867			6
2024.08.15	02:13:40.942		0.85868			4
2024.08.15	02:13:43.242	0.85866				2
2024.08.15	02:13:44.287		0.85867			4
2024.08.15	02:13:45.163	0.85863				2
2024.08.15	02:13:45.722		0.85866			4
2024.08.15	02:13:47.783	0.85864	0.85867			6
2024.08.15	02:13:50.535	0.85863	0.85866			6
2024.08.15	02:14:00.075	0.85863				2
2024.08.15	02:14:00.742	0.85864	0.85867			6
2024.08.15	02:14:11.419		0.85868			4
2024.08.15	02:14:20.457	0.85865				2
2024.08.15	02:14:30.889	0.85866				2
2024.08.15	02:15:01.277	0.85866				2
2024.08.15	02:15:02.460		0.85867			4
2024.08.15	02:15:10.285		0.85868			4
2024.08.15	02:15:14.284	0.85864	0.85867			6
2024.08.15	02:15:14.861		0.85866			4
2024.08.15	02:15:16.672	0.85866	0.85868			6
2024.08.15	02:15:18.734	0.85863	0.85867			6
2024.08.15	02:15:19.360	0.85864				2
2024.08.15	02:15:24.410	0.85863	0.85866			6
2024.08.15	02:16:02.344	0.85863				2
2024.08.15	02:16:05.942	0.85866	0.85867			6
2024.08.15	02:16:06.243	0.85863	0.85866			6
2024.08.15	02:16:07.081	0.85866	0.85868			6
2024.08.15	02:16:39.344	0.85865				2
2024.08.15	02:16:40.650	0.85864	0.85867			6
2024.08.15	02:16:41.062		0.85866			4
2024.08.15	02:16:43.021		0.85867			4
2024.08.15	02:16:45.464	0.85865				2
2024.08.15	02:16:45.813	0.85864	0.85866			6
2024.08.15	02:16:51.373	0.85863				2
2024.08.15	02:17:00.374	0.85863				2
2024.08.15	02:17:13.597	0.85864				2
2024.08.15	02:17:32.177	0.85863				2
2024.08.15	02:17:33.180	0.85864				2
2024.08.15	02:17:38.096	0.85862				2
2024.08.15	02:17:46.854		0.85866			4
2024.08.15	02:17:59.085	0.85863				2
2024.08.15	02:18:00.360	0.85863				2
2024.08.15	02:18:08.074	0.85864	0.85867			6
2024.08.15	02:18:14.431	0.85863	0.85866			6
2024.08.15	02:18:20.734		0.85867			4
2024.08.15	02:18:21.043		0.85866			4
2024.08.15	02:18:41.159	0.85865				2
2024.08.15	02:18:46.947		0.85867			4
2024.08.15	02:18:49.953	0.85866				2
2024.08.15	02:19:00.380	0.85866				2
2024.08.15	02:19:10.667		0.85868			4
2024.08.15	02:19:12.049	0.85865	0.85867			6
2024.08.15	02:19:15.462	0.85863	0.85866			6
2024.08.15	02:19:29.635		0.85867			4
2024.08.15	02:19:30.055		0.85866			4
2024.08.15	02:19:36.374	0.85864	0.85867			6
2024.08.15	02:19:36.682	0.85865				2
2024.08.15	02:19:39.222	0.85866				2
2024.08.15	02:19:50.396	0.85865				2
2024.08.15	02:19:51.264	0.85864				2
2024.08.15	02:20:00.479	0.85864				2
2024.08.15	02:20:01.436	0.85865				2
2024.08.15	02:20:05.509		0.85868			4
2024.08.15	02:20:18.393		0.85867			4
2024.08.15	02:20:20.891	0.85866				2
2024.08.15	02:20:21.458		0.85868			4
2024.08.15	02:20:25.924	0.85865				2
2024.08.15	02:20:26.666	0.85864	0.85867			6
2024.08.15	02:20:26.988	0.85867	0.85868			6
2024.08.15	02:20:41.256		0.85869			4
2024.08.15	02:21:00.164	0.85867				2
2024.08.15	02:21:21.207	0.85866				2
2024.08.15	02:21:22.389	0.85868	0.85870			6
2024.08.15	02:21:22.730	0.85867				2
2024.08.15	02:21:58.167	0.85870	0.85874			6
2024.08.15	02:21:58.480	0.85871				2
2024.08.15	02:22:00.601	0.85870				2
2024.08.15	02:22:01.142	0.85868	0.85871			6
2024.08.15	02:22:02.973	0.85869	0.85872			6
2024.08.15	02:22:03.705	0.85868	0.85871			6
2024.08.15	02:22:08.362	0.85867				2
2024.08.15	02:22:09.854	0.85868				2
2024.08.15	02:22:16.663	0.85867	0.85870			6
2024.08.15	02:22:27.847		0.85869			4
2024.08.15	02:22:29.151	0.85866				2
2024.08.15	02:23:00.292	0.85866				2
2024.08.15	02:23:05.102	0.85865	0.85867			6
2024.08.15	02:23:05.431	0.85864				2
2024.08.15	02:23:05.926	0.85863	0.85866			6
2024.08.15	02:23:19.570	0.85868	0.85871			6
2024.08.15	02:23:19.883	0.85869	0.85872			6
2024.08.15	02:23:20.256	0.85868	0.85871			6
2024.08.15	02:23:20.868	0.85869	0.85872			6
2024.08.15	02:23:24.952	0.85868	0.85871			6
2024.08.15	02:23:27.728	0.85866	0.85867			6
2024.08.15	02:23:28.049		0.85868			4
2024.08.15	02:23:45.214	0.85864	0.85867			6
2024.08.15	02:23:45.559		0.85866			4
2024.08.15	02:23:45.920	0.85863				2
2024.08.15	02:23:59.635	0.85864	0.85867			6
2024.08.15	02:24:00.396	0.85863	0.85866			6
2024.08.15	02:24:11.981		0.85865			4
2024.08.15	02:24:13.026		0.85866			4
2024.08.15	02:24:30.920		0.85865			4
2024.08.15	02:24:31.228		0.85866			4
2024.08.15	02:24:36.701		0.85865			4
2024.08.15	02:24:39.163	0.85862				2
2024.08.15	02:25:00.182	0.85862				2
2024.08.15	02:25:38.549		0.85866			4
2024.08.15	02:25:38.860		0.85865			4
2024.08.15	02:25:45.604	0.85860	0.85862			6
2024.08.15	02:25:46.361	0.85859				2
2024.08.15	02:26:00.109	0.85859				2
2024.08.15	02:26:09.336		0.85861			4
2024.08.15	02:26:18.356	0.85858	0.85859			6
2024.08.15	02:26:18.663	0.85855	0.85857			6
2024.08.15	02:26:23.857	0.85854	0.85856			6
2024.08.15	02:26:24.158		0.85857			4
2024.08.15	02:26:38.960		0.85856			4
2024.08.15	02:27:00.893	0.85854				2
2024.08.15	02:27:41.373		0.85856			4
2024.08.15	02:27:45.447		0.85857			4
2024.08.15	02:27:46.403		0.85856			4
2024.08.15	02:28:00.685	0.85854				2
2024.08.15	02:28:04.332	0.85855	0.85857			6
2024.08.15	02:28:06.004	0.85854				2
2024.08.15	02:28:06.336	0.85855				2
2024.08.15	02:28:07.369		0.85858			4
2024.08.15	02:28:10.421	0.85854	0.85857			6
2024.08.15	02:28:10.890	0.85855				2
2024.08.15	02:28:25.667	0.85856				2
2024.08.15	02:28:26.941	0.85854				2
2024.08.15	02:28:27.681		0.85856			4
2024.08.15	02:28:56.413		0.85857			4
2024.08.15	02:29:00.367	0.85854				2
2024.08.15	02:29:16.213		0.85856			4
2024.08.15	02:29:39.392	0.85853				2
2024.08.15	02:29:40.869	0.85854				2
2024.08.15	02:29:51.032	0.85852	0.85855			6
2024.08.15	02:29:51.697		0.85854			4
2024.08.15	02:30:04.246	0.85851				2
2024.08.15	02:30:43.622	0.85850	0.85853			6
2024.08.15	02:30:59.034	0.85852	0.85855			6
2024.08.15	02:30:59.337		0.85853			4
2024.08.15	02:31:00.045	0.85852				2
2024.08.15	02:31:00.543	0.85851				2
2024.08.15	02:31:28.634		0.85854			4
2024.08.15	02:31:31.996		0.85853			4
2024.08.15	02:31:35.377		0.85852			4
2024.08.15	02:31:40.613	0.85850				2
2024.08.15	02:31:42.226	0.85849	0.85851			6
2024.08.15	02:31:44.771		0.85850			4
2024.08.15	02:31:45.079	0.85848				2
2024.08.15	02:31:54.091	0.85851	0.85853			6
2024.08.15	02:32:01.562	0.85852	0.85855			6
2024.08.15	02:32:02.880	0.85853				2
2024.08.15	02:32:03.274		0.85856			4
2024.08.15	02:32:04.346		0.85855			4
2024.08.15	02:32:10.433	0.85854				2
2024.08.15	02:32:13.978		0.85856			4
2024.08.15	02:32:15.532	0.85852				2
2024.08.15	02:32:16.433		0.85855			4
2024.08.15	02:32:28.805	0.85853				2
2024.08.15	02:32:53.740	0.85852				2
2024.08.15	02:32:54.122	0.85853	0.85856			6
2024.08.15	02:32:56.373	0.85854				2
2024.08.15	02:32:59.105	0.85853				2
2024.08.15	02:33:00.153	0.85853				2
2024.08.15	02:33:00.462	0.85852	0.85855			6
2024.08.15	02:33:00.776		0.85854			4
2024.08.15	02:33:09.105		0.85855			4
2024.08.15	02:33:41.195	0.85853				2
2024.08.15	02:33:41.660		0.85856			4
2024.08.15	02:33:42.409		0.85855			4
2024.08.15	02:33:53.428	0.85854				2
2024.08.15	02:34:00.181	0.85854				2
2024.08.15	02:34:10.390	0.85855	0.85856			6
2024.08.15	02:34:10.689		0.85857			4
2024.08.15	02:34:16.372	0.85854	0.85856			6
2024.08.15	02:34:26.609	0.85855	0.85857			6
2024.08.15	02:34:48.762	0.85859	0.85861			6
2024.08.15	02:34:49.080	0.85861	0.85862			6
2024.08.15	02:34:49.383	0.85864	0.85866			6
2024.08.15	02:34:50.343	0.85863				2
2024.08.15	02:35:01.350	0.85863				2
2024.08.15	02:35:05.994		0.85865			4
2024.08.15	02:35:07.639	0.85864	0.85866			6
2024.08.15	02:35:07.940	0.85863				2
2024.08.15	02:35:48.738	0.85862	0.85863			6
2024.08.15	02:35:50.701	0.85860	0.85862			6
2024.08.15	02:35:55.838	0.85861	0.85863			6
2024.08.15	02:36:00.586	0.85861				2
2024.08.15	02:36:20.062	0.85860	0.85862			6
2024.08.15	02:36:26.296		0.85863			4
2024.08.15	02:36:28.865	0.85861				2
2024.08.15	02:37:00.183	0.85861				2
2024.08.15	02:37:12.386	0.85863	0.85865			6
2024.08.15	02:37:22.486		0.85866			4
2024.08.15	02:37:29.234	0.85862	0.85865			6
2024.08.15	02:37:35.699		0.85866			4
2024.08.15	02:37:36.081	0.85865	0.85867			6
2024.08.15	02:37:39.702	0.85864				2
2024.08.15	02:37:49.989	0.85865	0.85868			6
2024.08.15	02:37:50.318		0.85866			4
2024.08.15	02:38:00.357	0.85865				2
2024.08.15	02:38:08.582		0.85867			4
2024.08.15	02:38:20.977	0.85864	0.85866			6
2024.08.15	02:38:22.038	0.85865	0.85867			6
2024.08.15	02:38:23.215	0.85862	0.85864			6
2024.08.15	02:38:23.529	0.85863	0.85865			6
2024.08.15	02:38:24.328	0.85865	0.85867			6
2024.08.15	02:38:29.159	0.85864	0.85866			6
2024.08.15	02:38:31.143	0.85863	0.85865			6
2024.08.15	02:38:47.450	0.85861	0.85863			6
2024.08.15	02:38:54.947	0.85862				2
2024.08.15	02:38:57.129	0.85861	0.85862			6
2024.08.15	02:39:00.117	0.85861				2
2024.08.15	02:39:30.559		0.85863			4
2024.08.15	02:39:40.349		0.85862			4
2024.08.15	02:40:00.183	0.85861				2
2024.08.15	02:40:06.416	0.85860				2
2024.08.15	02:40:18.956	0.85861				2
2024.08.15	02:40:20.676	0.85860				2
2024.08.15	02:40:22.433	0.85861				2
2024.08.15	02:40:36.466	0.85860				2
2024.08.15	02:40:40.596		0.85862			4
2024.08.15	02:40:54.561	0.85861				2
2024.08.15	02:40:56.395	0.85860				2
2024.08.15	02:41:00.467	0.85860				2
2024.08.15	02:41:01.441	0.85861				2
2024.08.15	02:41:01.756	0.85860				2
2024.08.15	02:41:02.983	0.85861				2
2024.08.15	02:41:20.865	0.85859	0.85860			6
2024.08.15	02:41:21.223	0.85857	0.85858			6
2024.08.15	02:41:21.525	0.85856				2
2024.08.15	02:41:30.876	0.85857				2
2024.08.15	02:41:34.366	0.85855	0.85856			6
2024.08.15	02:42:00.112	0.85856	0.85857			6
2024.08.15	02:42:00.425	0.85855	0.85856			6
2024.08.15	02:42:26.650	0.85856	0.85857			6
2024.08.15	02:42:27.847	0.85855	0.85856			6
2024.08.15	02:42:34.758	0.85856	0.85857			6
2024.08.15	02:42:47.037	0.85857	0.85858			6
2024.08.15	02:42:49.747	0.85856	0.85857			6
2024.08.15	02:43:00.140	0.85856				2
2024.08.15	02:43:08.162	0.85857	0.85858			6
2024.08.15	02:43:16.345	0.85858	0.85861			6
2024.08.15	02:43:17.141	0.85859				2
2024.08.15	02:44:01.277	0.85859				2
2024.08.15	02:44:12.504	0.85858				2
2024.08.15	02:44:14.150	0.85859				2
2024.08.15	02:44:14.570	0.85858				2
2024.08.15	02:44:16.517		0.85861			4
2024.08.15	02:44:22.801		0.85860			4
2024.08.15	02:44:23.876		0.85861			4
2024.08.15	02:44:31.255		0.85860			4
2024.08.15	02:44:33.315		0.85861			4
2024.08.15	02:44:38.081		0.85860			4
2024.08.15	02:44:38.659		0.85861			4
2024.08.15	02:44:46.650		0.85860			4
2024.08.15	02:44:46.971		0.85861			4
2024.08.15	02:44:57.722	0.85857	0.85860			6
2024.08.15	02:44:58.226		0.85859			4
2024.08.15	02:45:01.070	0.85857				2
2024.08.15	02:45:01.575	0.85856	0.85857			6
2024.08.15	02:46:00.185	0.85856				2
2024.08.15	02:46:02.394		0.85857			4
2024.08.15	02:46:58.748	0.85855	0.85856			6
2024.08.15	02:47:00.375	0.85855				2
2024.08.15	02:47:04.573	0.85856	0.85857			6
2024.08.15	02:47:05.344	0.85855	0.85856			6
2024.08.15	02:47:07.229	0.85856	0.85859			6
2024.08.15	02:47:09.072	0.85857				2
2024.08.15	02:47:09.379	0.85856				2
2024.08.15	02:47:10.391	0.85855				2
2024.08.15	02:47:11.081	0.85858	0.85860			6
2024.08.15	02:47:11.386	0.85859	0.85862			6
2024.08.15	02:47:11.812	0.85858				2
2024.08.15	02:47:15.691	0.85859				2
2024.08.15	02:47:16.081	0.85858				2
2024.08.15	02:47:16.724	0.85859				2
2024.08.15	02:47:17.493		0.85863			4
2024.08.15	02:47:21.122		0.85862			4
2024.08.15	02:47:21.809		0.85863			4
2024.08.15	02:47:24.744	0.85860				2
2024.08.15	02:47:27.920	0.85861				2
2024.08.15	02:47:38.373	0.85860	0.85862			6
2024.08.15	02:47:56.673	0.85856	0.85858			6
2024.08.15	02:48:00.997	0.85856				2
2024.08.15	02:48:01.900		0.85857			4
2024.08.15	02:48:02.355	0.85857	0.85858			6
2024.08.15	02:48:13.183	0.85856	0.85857			6
2024.08.15	02:48:18.115	0.85857	0.85858			6
2024.08.15	02:48:20.892	0.85856	0.85857			6
2024.08.15	02:48:23.962	0.85857	0.85858			6
2024.08.15	02:48:24.730	0.85862	0.85863			6
2024.08.15	02:48:25.028	0.85864	0.85865			6
2024.08.15	02:48:55.754	0.85862	0.85863			6
2024.08.15	02:49:00.235	0.85862				2
2024.08.15	02:49:52.730		0.85864			4
2024.08.15	02:49:53.349		0.85863			4
2024.08.15	02:50:00.283	0.85862	0.85865			6
2024.08.15	02:50:02.315		0.85864			4
2024.08.15	02:50:02.714		0.85865			4
2024.08.15	02:50:03.019		0.85866			4
2024.08.15	02:50:03.572	0.85863				2
2024.08.15	02:50:08.870	0.85865	0.85867			6
2024.08.15	02:50:09.932	0.85866				2
2024.08.15	02:50:10.240	0.85865	0.85868			6
2024.08.15	02:50:10.666	0.85864	0.85866			6
2024.08.15	02:50:13.671	0.85865				2
2024.08.15	02:50:15.436		0.85867			4
2024.08.15	02:50:16.221		0.85868			4
2024.08.15	02:50:17.575		0.85867			4
2024.08.15	02:50:22.500	0.85866	0.85868			6
2024.08.15	02:50:28.373	0.85865	0.85867			6
2024.08.15	02:50:33.425	0.85864				2
2024.08.15	02:50:38.054		0.85866			4
2024.08.15	02:50:41.756		0.85865			4
2024.08.15	02:51:00.211	0.85864				2
2024.08.15	02:51:07.364	0.85865	0.85866			6
2024.08.15	02:51:12.666	0.85862	0.85863			6
2024.08.15	02:51:12.984	0.85861	0.85862			6
2024.08.15	02:51:13.387	0.85864	0.85865			6
2024.08.15	02:51:45.304	0.85862	0.85863			6
2024.08.15	02:51:56.343	0.85861	0.85862			6
2024.08.15	02:51:56.992	0.85860	0.85861			6
2024.08.15	02:51:58.571	0.85859				2
2024.08.15	02:52:00.501	0.85859				2
2024.08.15	02:52:42.394		0.85860			4
2024.08.15	02:52:43.920	0.85858	0.85862			6
2024.08.15	02:52:44.716	0.85857	0.85858			6
2024.08.15	02:52:45.035		0.85862			4
2024.08.15	02:52:47.224		0.85858			4
2024.08.15	02:52:47.660		0.85859			4
2024.08.15	02:52:58.533	0.85856	0.85858			6
2024.08.15	02:52:58.860		0.85859			4
2024.08.15	02:53:00.075	0.85856				2
2024.08.15	02:53:02.032		0.85857			4
2024.08.15	02:53:05.610	0.85860	0.85861			6
2024.08.15	02:53:06.635	0.85859				2
2024.08.15	02:53:13.432	0.85860				2
2024.08.15	02:53:13.742	0.85859				2
2024.08.15	02:53:19.214		0.85860			4
2024.08.15	02:53:27.664	0.85858				2
2024.08.15	02:53:27.978	0.85859				2
2024.08.15	02:53:44.431	0.85860	0.85861			6
2024.08.15	02:53:46.814	0.85859	0.85860			6
2024.08.15	02:53:49.840	0.85858	0.85859			6
2024.08.15	02:54:00.005	0.85858				2
2024.08.15	02:54:01.309	0.85859	0.85860			6
2024.08.15	02:54:04.886	0.85858	0.85859			6
2024.08.15	02:54:07.553	0.85859	0.85860			6
2024.08.15	02:54:24.579	0.85858	0.85859			6
2024.08.15	02:54:35.461	0.85857	0.85858			6
2024.08.15	02:54:37.781	0.85859	0.85860			6
2024.08.15	02:54:39.616	0.85857	0.85858			6
2024.08.15	02:54:39.923	0.85856	0.85859			6
2024.08.15	02:54:40.232	0.85855				2
2024.08.15	02:54:45.557	0.85856				2
2024.08.15	02:54:48.284	0.85855	0.85858			6
2024.08.15	02:54:55.090	0.85856				2
2024.08.15	02:54:56.084	0.85858	0.85859			6
2024.08.15	02:54:56.624	0.85859	0.85860			6
2024.08.15	02:55:00.660	0.85856	0.85857			6
2024.08.15	02:55:21.066	0.85855	0.85856			6
2024.08.15	02:55:31.653	0.85856	0.85857			6
2024.08.15	02:55:33.827	0.85855	0.85856			6
2024.08.15	02:55:36.236	0.85856	0.85857			6
2024.08.15	02:55:38.682	0.85855	0.85858			6
2024.08.15	02:55:39.005		0.85857			4
2024.08.15	02:55:56.681	0.85854				2
2024.08.15	02:56:00.622	0.85855				2
2024.08.15	02:56:09.461	0.85854	0.85855			6
2024.08.15	02:56:11.728	0.85855	0.85856			6
2024.08.15	02:56:29.432	0.85856	0.85857			6
2024.08.15	02:56:30.253	0.85855	0.85856			6
2024.08.15	02:56:34.005	0.85856	0.85857			6
2024.08.15	02:56:45.242	0.85855	0.85856			6
2024.08.15	02:56:47.294	0.85856	0.85857			6
2024.08.15	02:56:58.862	0.85855	0.85856			6
2024.08.15	02:57:00.309	0.85855				2
2024.08.15	02:57:08.227	0.85856	0.85857			6
2024.08.15	02:57:17.622	0.85855	0.85856			6
2024.08.15	02:57:30.263	0.85856	0.85857			6
2024.08.15	02:57:34.662	0.85855	0.85856			6
2024.08.15	02:57:34.982	0.85856	0.85857			6
2024.08.15	02:57:36.212	0.85855	0.85856			6
2024.08.15	02:58:00.188	0.85855				2
2024.08.15	02:58:00.856	0.85856	0.85857			6
2024.08.15	02:58:12.365	0.85857	0.85858			6
2024.08.15	02:58:13.869	0.85856	0.85857			6
2024.08.15	02:58:15.396	0.85857	0.85858			6
2024.08.15	02:58:43.468	0.85856	0.85857			6
2024.08.15	02:58:57.855	0.85861	0.85862			6
2024.08.15	02:59:00.333	0.85861				2
2024.08.15	02:59:14.396	0.85862	0.85863			6
2024.08.15	02:59:19.209	0.85861	0.85862			6
2024.08.15	02:59:47.251	0.85862	0.85863			6
2024.08.15	02:59:58.766	0.85863	0.85864			6
2024.08.15	03:00:00.374	0.85862	0.85863			6
2024.08.15	03:00:02.354	0.85861	0.85864			6
2024.08.15	03:00:02.680	0.85862	0.85863			6
2024.08.15	03:00:03.623	0.85863	0.85864			6
2024.08.15	03:00:06.376	0.85865	0.85866			6
2024.08.15	03:00:13.834	0.85866	0.85867			6
2024.08.15	03:00:16.935	0.85865	0.85866			6
2024.08.15	03:00:18.113	0.85866	0.85867			6
2024.08.15	03:00:20.384	0.85865	0.85866			6
2024.08.15	03:00:28.287	0.85866	0.85867			6
2024.08.15	03:00:33.620	0.85867	0.85868			6
2024.08.15	03:00:33.984	0.85866	0.85867			6
2024.08.15	03:00:39.609	0.85867	0.85868			6
2024.08.15	03:00:42.278	0.85866	0.85867			6
2024.08.15	03:00:48.979		0.85868			4
2024.08.15	03:00:50.269	0.85867				2
2024.08.15	03:00:52.668	0.85866				2
2024.08.15	03:00:52.982	0.85868	0.85869			6
2024.08.15	03:00:54.345	0.85867	0.85868			6
2024.08.15	03:00:59.235	0.85868	0.85869			6
2024.08.15	03:01:00.256	0.85869	0.85870			6
2024.08.15	03:01:00.561	0.85868	0.85869			6
2024.08.15	03:01:11.994	0.85866	0.85867			6
2024.08.15	03:01:12.305	0.85868	0.85869			6
2024.08.15	03:01:17.263	0.85867	0.85868			6
2024.08.15	03:01:28.901	0.85866	0.85867			6
2024.08.15	03:01:29.694	0.85867	0.85868			6
2024.08.15	03:01:36.113	0.85866	0.85867			6
2024.08.15	03:01:36.922	0.85865	0.85866			6
2024.08.15	03:01:45.461	0.85866	0.85867			6
2024.08.15	03:01:55.415	0.85865	0.85866			6
2024.08.15	03:01:55.759	0.85866	0.85867			6
2024.08.15	03:02:00.246	0.85866				2
2024.08.15	03:02:01.316	0.85867	0.85868			6
2024.08.15	03:02:01.624	0.85866	0.85867			6
2024.08.15	03:02:16.283	0.85867	0.85868			6
2024.08.15	03:02:16.605	0.85866	0.85867			6
2024.08.15	03:02:43.184	0.85865	0.85866			6
2024.08.15	03:02:44.036	0.85866	0.85867			6
2024.08.15	03:02:49.261	0.85865	0.85866			6
2024.08.15	03:02:58.005	0.85864	0.85865			6
2024.08.15	03:02:58.760	0.85862	0.85863			6
2024.08.15	03:03:00.414	0.85862				2
2024.08.15	03:03:00.831	0.85863	0.85864			6
2024.08.15	03:03:01.736	0.85862	0.85863			6
2024.08.15	03:03:02.950	0.85864	0.85865			6
2024.08.15	03:03:03.324	0.85865	0.85866			6
2024.08.15	03:03:12.185	0.85864	0.85867			6
2024.08.15	03:03:13.321		0.85866			4
2024.08.15	03:03:15.390		0.85867			4
2024.08.15	03:03:16.957	0.85865	0.85866			6
2024.08.15	03:03:18.384	0.85866	0.85867			6
2024.08.15	03:03:31.290	0.85865	0.85866			6
2024.08.15	03:03:32.438	0.85866	0.85867			6
2024.08.15	03:03:35.961	0.85865	0.85866			6
2024.08.15	03:03:54.174	0.85866	0.85867			6
2024.08.15	03:03:55.147	0.85865	0.85866			6
2024.08.15	03:03:55.925	0.85864	0.85865			6
2024.08.15	03:03:57.051		0.85867			4
2024.08.15	03:03:58.317		0.85865			4
2024.08.15	03:04:00.206	0.85864				2
2024.08.15	03:04:10.175		0.85866			4
2024.08.15	03:04:10.563		0.85867			4
2024.08.15	03:04:10.875		0.85866			4
2024.08.15	03:04:11.184		0.85867			4
2024.08.15	03:04:12.153		0.85866			4
2024.08.15	03:04:13.507		0.85867			4
2024.08.15	03:04:13.833		0.85866			4
2024.08.15	03:04:15.546		0.85867			4
2024.08.15	03:04:15.852		0.85866			4
2024.08.15	03:04:19.981	0.85861	0.85862			6
2024.08.15	03:04:31.371	0.85863	0.85864			6
2024.08.15	03:04:31.682	0.85861	0.85862			6
2024.08.15	03:04:43.408	0.85862	0.85863			6
2024.08.15	03:04:45.487	0.85861	0.85862			6
2024.08.15	03:04:46.521	0.85864	0.85865			6
2024.08.15	03:04:53.224	0.85865	0.85866			6
2024.08.15	03:04:53.560	0.85866	0.85867			6
2024.08.15	03:05:00.336	0.85866				2
2024.08.15	03:05:00.695	0.85865	0.85866			6
2024.08.15	03:05:01.512	0.85864	0.85865			6
2024.08.15	03:05:09.487	0.85865	0.85866			6
2024.08.15	03:05:10.367	0.85866	0.85867			6
2024.08.15	03:05:11.305	0.85867	0.85868			6
2024.08.15	03:05:20.388	0.85866	0.85867			6
2024.08.15	03:05:20.806	0.85867	0.85868			6
2024.08.15	03:05:26.901	0.85866	0.85867			6
2024.08.15	03:05:29.204	0.85867	0.85868			6
2024.08.15	03:05:32.896	0.85866	0.85867			6
2024.08.15	03:05:38.455	0.85867	0.85868			6
2024.08.15	03:05:41.065	0.85866	0.85867			6
2024.08.15	03:05:50.684	0.85867	0.85868			6
2024.08.15	03:05:51.257		0.85869			4
2024.08.15	03:05:53.440		0.85868			4
2024.08.15	03:05:54.373	0.85866	0.85867			6
2024.08.15	03:05:59.507	0.85867	0.85868			6
2024.08.15	03:06:00.366	0.85867				2
2024.08.15	03:06:05.781	0.85866	0.85867			6
2024.08.15	03:06:12.773	0.85867	0.85868			6
2024.08.15	03:06:13.128	0.85866	0.85867			6
2024.08.15	03:06:14.645	0.85865	0.85866			6
2024.08.15	03:06:24.448	0.85866	0.85867			6
2024.08.15	03:06:26.980	0.85867	0.85868			6
2024.08.15	03:06:54.734	0.85868	0.85869			6
2024.08.15	03:07:01.209	0.85868				2
2024.08.15	03:07:55.041		0.85869			4
2024.08.15	03:08:00.501	0.85868				2
2024.08.15	03:08:03.282	0.85867	0.85868			6
2024.08.15	03:08:11.690	0.85866	0.85867			6
2024.08.15	03:08:57.259	0.85867	0.85868			6
2024.08.15	03:09:00.427	0.85867				2
2024.08.15	03:09:02.061	0.85868	0.85869			6
2024.08.15	03:09:02.364	0.85867	0.85868			6
2024.08.15	03:09:03.254	0.85869	0.85870			6
2024.08.15	03:09:03.564	0.85870	0.85871			6
2024.08.15	03:09:16.333	0.85871	0.85872			6
2024.08.15	03:09:17.734	0.85870	0.85871			6
2024.08.15	03:09:18.398	0.85871	0.85872			6
2024.08.15	03:09:26.521	0.85870	0.85871			6
2024.08.15	03:09:33.207	0.85871	0.85872			6
2024.08.15	03:09:40.565	0.85870	0.85871			6
2024.08.15	03:09:41.761	0.85871	0.85872			6
2024.08.15	03:09:50.236	0.85870	0.85871			6
2024.08.15	03:09:50.847	0.85871	0.85872			6
2024.08.15	03:09:53.704	0.85870	0.85871			6
2024.08.15	03:09:55.541	0.85871	0.85872			6
2024.08.15	03:09:57.498	0.85870	0.85871			6
2024.08.15	03:10:00.515	0.85870				2
2024.08.15	03:10:22.496	0.85871	0.85872			6
2024.08.15	03:10:23.973	0.85870	0.85871			6
2024.08.15	03:10:28.810	0.85871	0.85872			6
2024.08.15	03:10:29.845	0.85870	0.85871			6
2024.08.15	03:10:30.545	0.85871	0.85872			6
2024.08.15	03:10:38.284	0.85872	0.85873			6
2024.08.15	03:10:48.404	0.85869	0.85870			6
2024.08.15	03:10:48.719	0.85868	0.85869			6
2024.08.15	03:10:52.149	0.85867	0.85868			6
2024.08.15	03:11:00.509	0.85867				2
2024.08.15	03:11:03.315	0.85868	0.85869			6
2024.08.15	03:11:05.266	0.85867	0.85868			6
2024.08.15	03:11:12.695	0.85868	0.85869			6
2024.08.15	03:11:18.422	0.85869	0.85870			6
2024.08.15	03:11:18.742	0.85868	0.85869			6
2024.08.15	03:11:19.771	0.85869	0.85870			6
2024.08.15	03:11:20.279	0.85868	0.85869			6
2024.08.15	03:11:22.133	0.85869	0.85870			6
2024.08.15	03:11:22.835	0.85868	0.85869			6
2024.08.15	03:11:28.206	0.85869	0.85870			6
2024.08.15	03:11:28.849	0.85868	0.85869			6
2024.08.15	03:11:30.029	0.85869	0.85870			6
2024.08.15	03:11:30.584	0.85868	0.85869			6
2024.08.15	03:12:00.097	0.85868				2
2024.08.15	03:12:00.489	0.85867	0.85868			6
2024.08.15	03:12:00.817	0.85866	0.85867			6
2024.08.15	03:12:01.164	0.85865	0.85866			6
2024.08.15	03:12:03.912	0.85866	0.85867			6
2024.08.15	03:12:31.763	0.85865	0.85866			6
2024.08.15	03:12:32.083	0.85864	0.85865			6
2024.08.15	03:12:32.631	0.85863	0.85864			6
2024.08.15	03:12:33.072	0.85862	0.85863			6
2024.08.15	03:12:35.982	0.85863	0.85864			6
2024.08.15	03:12:36.704	0.85862	0.85863			6
2024.08.15	03:12:40.298	0.85864	0.85865			6
2024.08.15	03:12:40.921	0.85865	0.85866			6
2024.08.15	03:12:42.839	0.85864	0.85865			6
2024.08.15	03:12:43.737	0.85865	0.85866			6
2024.08.15	03:12:44.127	0.85864	0.85865			6
2024.08.15	03:12:44.531	0.85865	0.85866			6
2024.08.15	03:12:44.963	0.85864	0.85865			6
2024.08.15	03:12:45.743	0.85865	0.85866			6
2024.08.15	03:12:46.334	0.85864	0.85865			6
2024.08.15	03:12:46.883	0.85865	0.85866			6
2024.08.15	03:12:48.176	0.85864	0.85865			6
2024.08.15	03:12:52.413	0.85865	0.85866			6
2024.08.15	03:12:52.723	0.85864	0.85865			6
2024.08.15	03:12:53.027	0.85863	0.85864			6
2024.08.15	03:12:53.666	0.85864	0.85865			6
2024.08.15	03:12:54.821	0.85863	0.85864			6
2024.08.15	03:12:57.632	0.85864	0.85865			6
2024.08.15	03:12:58.001	0.85863	0.85864			6
2024.08.15	03:12:58.674	0.85862	0.85863			6
2024.08.15	03:12:59.054	0.85863	0.85864			6
2024.08.15	03:13:00.303	0.85863				2
2024.08.15	03:13:03.054	0.85862	0.85863			6
2024.08.15	03:13:06.969	0.85863	0.85864			6
2024.08.15	03:13:07.291	0.85864	0.85865			6
2024.08.15	03:13:08.715	0.85865	0.85866			6
2024.08.15	03:13:12.597	0.85864	0.85865			6
2024.08.15	03:13:13.233	0.85865	0.85866			6
2024.08.15	03:13:22.233	0.85863	0.85864			6
2024.08.15	03:13:22.711	0.85864	0.85865			6
2024.08.15	03:13:27.504	0.85865	0.85866			6
2024.08.15	03:13:30.173	0.85864	0.85865			6
2024.08.15	03:13:32.100	0.85863	0.85864			6
2024.08.15	03:13:36.726	0.85864	0.85865			6
2024.08.15	03:13:40.358	0.85863	0.85864			6
2024.08.15	03:13:47.308	0.85862	0.85863			6
2024.08.15	03:13:52.689	0.85864	0.85865			6
2024.08.15	03:14:01.229	0.85864				2
2024.08.15	03:14:16.099	0.85863	0.85864			6
2024.08.15	03:14:22.750	0.85864	0.85865			6
2024.08.15	03:14:23.452	0.85863	0.85864			6
2024.08.15	03:14:41.294	0.85864	0.85865			6
2024.08.15	03:14:57.507	0.85863	0.85864			6
2024.08.15	03:14:59.748	0.85864	0.85865			6
2024.08.15	03:15:00.376	0.85864				2
2024.08.15	03:15:01.401	0.85863	0.85864			6
2024.08.15	03:15:01.703	0.85864	0.85865			6
2024.08.15	03:15:10.791	0.85865	0.85866			6
2024.08.15	03:15:12.573	0.85864	0.85865			6
2024.08.15	03:15:13.972	0.85865	0.85866			6
2024.08.15	03:15:14.372	0.85864	0.85865			6
2024.08.15	03:15:16.432	0.85865	0.85866			6
2024.08.15	03:15:22.495	0.85866	0.85867			6
2024.08.15	03:15:33.361	0.85865	0.85866			6
2024.08.15	03:15:37.066	0.85866	0.85867			6
2024.08.15	03:15:39.540	0.85867	0.85868			6
2024.08.15	03:15:39.841	0.85865	0.85866			6
2024.08.15	03:15:43.404	0.85866	0.85867			6
2024.08.15	03:15:43.883	0.85865	0.85866			6
2024.08.15	03:15:46.121	0.85866	0.85867			6
2024.08.15	03:15:47.336	0.85867	0.85868			6
2024.08.15	03:15:48.334	0.85866	0.85867			6
2024.08.15	03:16:00.371	0.85866				2
2024.08.15	03:16:10.893	0.85865	0.85866			6
2024.08.15	03:16:11.281	0.85866	0.85867			6
2024.08.15	03:16:12.999	0.85867	0.85868			6
2024.08.15	03:16:13.323	0.85866	0.85867			6
2024.08.15	03:16:14.389	0.85867	0.85868			6
2024.08.15	03:16:15.317	0.85866	0.85867			6
2024.08.15	03:16:16.032	0.85867	0.85868			6
2024.08.15	03:16:17.189	0.85866	0.85867			6
2024.08.15	03:16:18.292	0.85867	0.85868			6
2024.08.15	03:16:20.276	0.85866	0.85867			6
2024.08.15	03:16:31.852	0.85865	0.85866			6
2024.08.15	03:16:32.165	0.85866	0.85867			6
2024.08.15	03:16:34.009	0.85865	0.85866			6
2024.08.15	03:16:44.875	0.85866	0.85867			6
2024.08.15	03:16:45.452	0.85865	0.85866			6
2024.08.15	03:17:00.084	0.85865				2
2024.08.15	03:17:01.488	0.85866	0.85867			6
2024.08.15	03:17:05.859	0.85865	0.85866			6
2024.08.15	03:17:17.125	0.85866	0.85867			6
2024.08.15	03:17:24.269	0.85865	0.85866			6
2024.08.15	03:17:32.699	0.85866	0.85867			6
2024.08.15	03:17:35.167	0.85865	0.85866			6
2024.08.15	03:17:51.327	0.85866	0.85867			6
2024.08.15	03:17:51.743	0.85865	0.85866			6
2024.08.15	03:18:00.081	0.85865				2
2024.08.15	03:18:02.286	0.85866	0.85867			6
2024.08.15	03:18:02.775	0.85865	0.85866			6
2024.08.15	03:18:20.297	0.85866	0.85867			6
2024.08.15	03:18:21.402	0.85865	0.85866			6
2024.08.15	03:18:35.257	0.85866	0.85867			6
2024.08.15	03:18:45.503	0.85867	0.85868			6
2024.08.15	03:18:45.888	0.85866	0.85867			6
2024.08.15	03:18:46.352	0.85867	0.85868			6
2024.08.15	03:18:50.351	0.85866	0.85867			6
2024.08.15	03:19:00.173	0.85866				2
2024.08.15	03:19:03.005	0.85865	0.85866			6
2024.08.15	03:19:14.782	0.85866	0.85867			6
2024.08.15	03:19:18.272	0.85865	0.85866			6
2024.08.15	03:19:28.098	0.85864	0.85865			6
2024.08.15	03:19:35.587	0.85865	0.85866			6
2024.08.15	03:19:37.512	0.85864	0.85865			6
2024.08.15	03:19:40.430	0.85863	0.85864			6
2024.08.15	03:19:41.186	0.85862	0.85863			6
2024.08.15	03:19:41.496	0.85863	0.85864			6
2024.08.15	03:19:42.371	0.85862	0.85863			6
2024.08.15	03:19:43.259	0.85863	0.85864			6
2024.08.15	03:19:50.308	0.85862	0.85863			6
2024.08.15	03:19:50.639	0.85863	0.85864			6
2024.08.15	03:19:51.371	0.85861	0.85862			6
2024.08.15	03:19:52.777	0.85862	0.85863			6
2024.08.15	03:19:56.132	0.85861	0.85862			6
2024.08.15	03:19:57.038	0.85862	0.85863			6
2024.08.15	03:19:59.546	0.85863	0.85864			6
2024.08.15	03:19:59.864	0.85862	0.85863			6
2024.08.15	03:20:00.406	0.85862				2
2024.08.15	03:20:02.890	0.85861	0.85862			6
2024.08.15	03:20:05.755	0.85860	0.85861			6
2024.08.15	03:20:06.074	0.85861	0.85862			6
2024.08.15	03:20:06.400	0.85860	0.85861			6
2024.08.15	03:20:10.139	0.85861	0.85862			6
2024.08.15	03:20:16.239	0.85862	0.85863			6
2024.08.15	03:20:16.952	0.85861	0.85862			6
2024.08.15	03:20:24.535	0.85860	0.85861			6
2024.08.15	03:20:25.583	0.85861	0.85862			6
2024.08.15	03:20:30.839	0.85862	0.85863			6
2024.08.15	03:20:31.388	0.85861	0.85862			6
2024.08.15	03:20:32.763	0.85860	0.85861			6
2024.08.15	03:20:33.208	0.85861	0.85862			6
2024.08.15	03:20:41.690	0.85860	0.85861			6
2024.08.15	03:20:49.281	0.85861	0.85862			6
2024.08.15	03:20:54.196	0.85862	0.85863			6
2024.08.15	03:20:54.656	0.85861	0.85862			6
2024.08.15	03:20:55.705	0.85862	0.85863			6
2024.08.15	03:20:56.351	0.85861	0.85862			6
2024.08.15	03:21:00.441	0.85861				2
2024.08.15	03:21:07.165	0.85862	0.85863			6
2024.08.15	03:21:08.822	0.85863	0.85864			6
2024.08.15	03:21:14.846	0.85862	0.85863			6
2024.08.15	03:21:18.247	0.85863	0.85864			6
2024.08.15	03:21:20.746	0.85862	0.85863			6
2024.08.15	03:21:21.149	0.85863	0.85864			6
2024.08.15	03:21:21.636	0.85862	0.85863			6
2024.08.15	03:21:28.816	0.85863	0.85864			6
2024.08.15	03:21:31.907	0.85862	0.85863			6
2024.08.15	03:21:34.805	0.85863	0.85864			6
2024.08.15	03:21:38.346	0.85862	0.85863			6
2024.08.15	03:21:55.140	0.85863	0.85864			6
2024.08.15	03:22:00.132	0.85863				2
2024.08.15	03:22:18.206	0.85862	0.85863			6
2024.08.15	03:22:27.709	0.85863	0.85864			6
2024.08.15	03:22:30.653	0.85862	0.85863			6
2024.08.15	03:23:00.039	0.85862				2
2024.08.15	03:23:26.246	0.85863	0.85864			6
2024.08.15	03:23:28.136	0.85862	0.85863			6
2024.08.15	03:23:49.899	0.85863	0.85864			6
2024.08.15	03:23:52.138	0.85862	0.85863			6
2024.08.15	03:23:54.501	0.85861	0.85862			6
2024.08.15	03:23:58.271	0.85862	0.85863			6
2024.08.15	03:24:00.001	0.85862				2
2024.08.15	03:24:00.616	0.85861	0.85862			6
2024.08.15	03:24:02.313	0.85862	0.85863			6
2024.08.15	03:24:12.811	0.85860	0.85861			6
2024.08.15	03:24:22.489	0.85861	0.85862			6
2024.08.15	03:24:22.809	0.85860	0.85861			6
2024.08.15	03:24:23.427	0.85862	0.85863			6
2024.08.15	03:24:25.434	0.85861	0.85862			6
2024.08.15	03:24:30.383	0.85862	0.85863			6
2024.08.15	03:24:30.727	0.85861	0.85862			6
2024.08.15	03:24:38.692	0.85862	0.85863			6
2024.08.15	03:25:00.415	0.85862				2
2024.08.15	03:25:00.725	0.85861	0.85862			6
2024.08.15	03:25:05.149	0.85860	0.85861			6
2024.08.15	03:25:07.250	0.85861	0.85862			6
2024.08.15	03:25:09.552	0.85862	0.85863			6
2024.08.15	03:25:12.088	0.85863	0.85864			6
2024.08.15	03:25:12.428	0.85862	0.85863			6
2024.08.15	03:25:15.484	0.85863	0.85864			6
2024.08.15	03:25:15.789	0.85862	0.85863			6
2024.08.15	03:25:21.275	0.85863	0.85864			6
2024.08.15	03:25:22.323	0.85862	0.85863			6
2024.08.15	03:25:22.630	0.85863	0.85864			6
2024.08.15	03:25:23.572	0.85862	0.85863			6
2024.08.15	03:25:27.133	0.85863	0.85864			6
2024.08.15	03:25:32.552	0.85858	0.85859			6
2024.08.15	03:26:00.232	0.85858				2
2024.08.15	03:26:11.632	0.85859	0.85860			6
2024.08.15	03:26:13.635	0.85860	0.85861			6
2024.08.15	03:26:20.095	0.85859	0.85860			6
2024.08.15	03:26:23.810	0.85858	0.85859			6
2024.08.15	03:26:33.902	0.85859	0.85860			6
2024.08.15	03:26:38.701	0.85860	0.85861			6
2024.08.15	03:26:39.462	0.85859	0.85860			6
2024.08.15	03:26:39.776	0.85860	0.85861			6
2024.08.15	03:26:55.224	0.85859	0.85860			6
2024.08.15	03:27:00.069	0.85859				2
2024.08.15	03:27:01.131	0.85860	0.85861			6
2024.08.15	03:27:04.967		0.85862			4
2024.08.15	03:27:05.278	0.85859	0.85860			6
2024.08.15	03:27:26.309	0.85860	0.85861			6
2024.08.15	03:28:00.076	0.85860				2
2024.08.15	03:28:21.337	0.85858	0.85859			6
2024.08.15	03:28:33.140	0.85859	0.85860			6
2024.08.15	03:28:48.748	0.85860	0.85861			6
2024.08.15	03:28:49.053	0.85858	0.85859			6
2024.08.15	03:28:51.121	0.85859	0.85860			6
2024.08.15	03:29:00.221	0.85859				2
2024.08.15	03:29:10.410	0.85858	0.85859			6
2024.08.15	03:29:13.145	0.85859	0.85860			6
2024.08.15	03:29:28.339	0.85858	0.85859			6
2024.08.15	03:29:43.248	0.85857	0.85858			6
2024.08.15	03:30:00.184	0.85857				2
2024.08.15	03:30:16.481	0.85858	0.85859			6
2024.08.15	03:30:33.749	0.85857	0.85858			6
2024.08.15	03:30:34.973	0.85858	0.85859			6
2024.08.15	03:31:00.074	0.85858				2
2024.08.15	03:31:36.775		0.85859			4
2024.08.15	03:31:38.059	0.85859	0.85860			6
2024.08.15	03:31:40.112	0.85857	0.85858			6
2024.08.15	03:31:41.154	0.85856	0.85857			6
2024.08.15	03:31:55.054	0.85857	0.85858			6
2024.08.15	03:31:56.380	0.85858	0.85859			6
2024.08.15	03:32:00.404	0.85858				2
2024.08.15	03:32:00.709	0.85857				2
2024.08.15	03:32:01.027		0.85858			4
2024.08.15	03:32:01.345	0.85856	0.85857			6
2024.08.15	03:32:02.361	0.85857	0.85858			6
2024.08.15	03:32:03.102	0.85856	0.85857			6
2024.08.15	03:32:08.989	0.85855	0.85856			6
2024.08.15	03:32:09.293	0.85854	0.85855			6
2024.08.15	03:32:26.774	0.85855	0.85856			6
2024.08.15	03:32:27.102	0.85854	0.85855			6
2024.08.15	03:32:28.513	0.85855	0.85856			6
2024.08.15	03:32:30.412	0.85856	0.85857			6
2024.08.15	03:32:30.896	0.85855	0.85856			6
2024.08.15	03:32:42.386	0.85856	0.85857			6
2024.08.15	03:32:51.227	0.85855	0.85856			6
2024.08.15	03:33:00.319	0.85855				2
2024.08.15	03:33:13.634	0.85854				2
2024.08.15	03:33:20.689		0.85857			4
2024.08.15	03:33:20.994	0.85855				2
2024.08.15	03:33:21.783		0.85858			4
2024.08.15	03:33:22.653	0.85854	0.85856			6
2024.08.15	03:33:23.588	0.85855	0.85857			6
2024.08.15	03:33:24.349		0.85858			4
2024.08.15	03:33:30.361		0.85857			4
2024.08.15	03:33:37.859	0.85856				2
2024.08.15	03:33:38.641	0.85855				2
2024.08.15	03:33:39.350	0.85856				2
2024.08.15	03:33:39.732	0.85855				2
2024.08.15	03:33:41.424	0.85856	0.85858			6
2024.08.15	03:33:47.662	0.85855				2
2024.08.15	03:33:48.097		0.85857			4
2024.08.15	03:33:56.959	0.85856				2
2024.08.15	03:34:00.202	0.85856				2
2024.08.15	03:34:00.846		0.85858			4
2024.08.15	03:34:09.362	0.85855				2
2024.08.15	03:34:12.234	0.85856				2
2024.08.15	03:34:15.892		0.85857			4
2024.08.15	03:34:16.249	0.85855				2
2024.08.15	03:34:16.952	0.85856	0.85858			6
2024.08.15	03:34:22.107		0.85857			4
2024.08.15	03:34:26.521		0.85858			4
2024.08.15	03:34:27.527		0.85857			4
2024.08.15	03:34:42.141		0.85858			4
2024.08.15	03:34:57.586	0.85857				2
2024.08.15	03:34:57.897	0.85856				2
2024.08.15	03:35:00.379	0.85856				2
2024.08.15	03:35:03.292		0.85857			4
2024.08.15	03:35:03.617		0.85858			4
2024.08.15	03:35:15.625		0.85857			4
