<DATE>	<TIME>	<BID>	<ASK>	<LAST>	<VOLUME>	<FLAGS>
2024.07.15	00:00:00.684	0.83882	0.84011			6
2024.07.15	00:00:01.850	0.83878	0.84008			6
2024.07.15	00:00:04.932	0.83890	0.84020			6
2024.07.15	00:00:08.566	0.83885	0.84014			6
2024.07.15	00:00:08.889	0.83888	0.84017			6
2024.07.15	00:00:09.491	0.83885	0.84014			6
2024.07.15	00:00:09.828	0.83890	0.84020			6
2024.07.15	00:00:10.996	0.83885	0.84014			6
2024.07.15	00:00:11.790	0.83882	0.84011			6
2024.07.15	00:00:12.592	0.83885	0.84014			6
2024.07.15	00:00:13.004	0.83890	0.84020			6
2024.07.15	00:00:21.300	0.83888	0.84017			6
2024.07.15	00:00:25.357	0.83881				2
2024.07.15	00:00:25.718	0.83865				2
2024.07.15	00:00:30.669	0.83852				2
2024.07.15	00:00:31.070	0.83846				2
2024.07.15	00:00:33.753	0.83852				2
2024.07.15	00:00:43.039	0.83891	0.84011			6
2024.07.15	00:01:07.644	0.83882	0.84002			6
2024.07.15	00:02:02.645	0.83882				2
2024.07.15	00:02:25.216		0.84002			4
2024.07.15	00:03:25.408	0.83882	0.84002			6
2024.07.15	00:03:32.224	0.83890	0.84010			6
2024.07.15	00:04:05.573	0.83890				2
2024.07.15	00:04:23.145	0.83882	0.84002			6
2024.07.15	00:05:02.653	0.83882				2
2024.07.15	00:05:20.904	0.83883	0.84001			6
2024.07.15	00:06:15.905	0.83879	0.83999			6
2024.07.15	00:07:10.900	0.83879				2
2024.07.15	00:07:43.860	0.83888	0.84022			6
2024.07.15	00:08:12.734	0.83888				2
2024.07.15	00:08:38.860	0.83886	0.84020			6
2024.07.15	00:09:12.736	0.83886				2
2024.07.15	00:09:33.860	0.83888	0.84018			6
2024.07.15	00:10:00.411	0.83903				2
2024.07.15	00:10:00.761	0.83897				2
2024.07.15	00:10:03.341	0.83900				2
2024.07.15	00:10:04.924	0.83901				2
2024.07.15	00:10:06.235	0.83900				2
2024.07.15	00:10:06.641	0.83898				2
2024.07.15	00:10:08.019	0.83891				2
2024.07.15	00:10:12.567	0.83888				2
2024.07.15	00:10:28.832	0.83891	0.84020			6
2024.07.15	00:10:44.374	0.83892				2
2024.07.15	00:11:02.721	0.83892				2
2024.07.15	00:11:23.857	0.83893	0.84022			6
2024.07.15	00:12:00.826	0.83893				2
2024.07.15	00:12:18.866		0.84025			4
2024.07.15	00:13:03.235	0.83893				2
2024.07.15	00:13:13.860		0.84029			4
2024.07.15	00:14:01.015	0.83893				2
2024.07.15	00:14:08.862	0.83892	0.84026			6
2024.07.15	00:14:09.550	0.83887	0.83989			6
2024.07.15	00:14:09.976	0.83888	0.84029			6
2024.07.15	00:14:38.099		0.84052			4
2024.07.15	00:14:58.438		0.84035			4
2024.07.15	00:15:00.609	0.83888				2
2024.07.15	00:15:02.339		0.84029			4
2024.07.15	00:15:03.625		0.84026			4
2024.07.15	00:15:10.897		0.84052			4
2024.07.15	00:15:33.099	0.83887	0.84049			6
2024.07.15	00:15:49.877	0.83917	0.84046			6
2024.07.15	00:15:53.101	0.83887	0.84023			6
2024.07.15	00:16:00.410	0.83887				2
2024.07.15	00:16:02.934		0.84012			4
2024.07.15	00:16:07.432		0.84025			4
2024.07.15	00:16:08.675		0.84012			4
2024.07.15	00:16:13.267		0.84001			4
2024.07.15	00:16:14.028		0.84002			4
2024.07.15	00:16:21.027		0.84006			4
2024.07.15	00:16:37.137		0.84008			4
2024.07.15	00:16:42.545		0.84002			4
2024.07.15	00:16:47.853	0.83901	0.84008			6
2024.07.15	00:16:50.111	0.83887	0.84004			6
2024.07.15	00:16:56.635		0.84000			4
2024.07.15	00:16:59.247		0.83999			4
2024.07.15	00:17:00.315	0.83887				2
2024.07.15	00:17:10.873	0.83894				2
2024.07.15	00:17:13.435		0.84008			4
2024.07.15	00:17:14.293		0.83999			4
2024.07.15	00:17:33.811	0.83872	0.83972			6
2024.07.15	00:17:34.941	0.83894	0.83999			6
2024.07.15	00:17:36.234	0.83901	0.84008			6
2024.07.15	00:17:55.282	0.83920	0.84009			6
2024.07.15	00:18:00.249	0.83883	0.83991			6
2024.07.15	00:18:32.219	0.83888				2
2024.07.15	00:18:37.948	0.83883				2
2024.07.15	00:18:58.628	0.83877				2
2024.07.15	00:19:02.332	0.83877	0.83991			6
2024.07.15	00:20:00.436	0.83877				2
2024.07.15	00:20:03.536		0.83991			4
2024.07.15	00:20:45.254		0.83995			4
2024.07.15	00:20:48.223	0.83884	0.84004			6
2024.07.15	00:21:00.463	0.83884				2
2024.07.15	00:21:05.380		0.83999			4
2024.07.15	00:21:17.029	0.83900				2
2024.07.15	00:21:59.544	0.83906				2
2024.07.15	00:22:00.583	0.83906				2
2024.07.15	00:22:06.837		0.83999			4
2024.07.15	00:22:08.135	0.83899	0.84010			6
2024.07.15	00:22:28.739	0.83900	0.84003			6
2024.07.15	00:22:29.807	0.83899	0.84010			6
2024.07.15	00:22:38.225		0.84011			4
2024.07.15	00:23:01.132	0.83899				2
2024.07.15	00:23:05.916	0.83905				2
2024.07.15	00:23:19.700	0.83906	0.84003			6
2024.07.15	00:23:51.165	0.83918	0.84004			6
2024.07.15	00:24:01.734	0.83918				2
2024.07.15	00:24:06.885	0.83919	0.83996			6
2024.07.15	00:24:18.416	0.83906				2
2024.07.15	00:24:49.549	0.83900				2
2024.07.15	00:24:57.534	0.83887				2
2024.07.15	00:25:00.532	0.83887				2
2024.07.15	00:25:02.332	0.83894				2
2024.07.15	00:25:07.331		0.83996			4
2024.07.15	00:25:25.162	0.83881				2
2024.07.15	00:25:29.103	0.83885	0.83988			6
2024.07.15	00:25:50.971	0.83878				2
2024.07.15	00:25:58.624	0.83875				2
2024.07.15	00:26:01.098	0.83875				2
2024.07.15	00:26:24.104		0.83987			4
2024.07.15	00:26:26.070	0.83878				2
2024.07.15	00:26:29.935	0.83877				2
2024.07.15	00:26:38.633	0.83876				2
2024.07.15	00:26:53.335	0.83875				2
2024.07.15	00:27:01.134	0.83876				2
2024.07.15	00:27:04.732	0.83875				2
2024.07.15	00:27:25.443		0.83987			4
2024.07.15	00:27:34.736	0.83881				2
2024.07.15	00:27:37.132	0.83880				2
2024.07.15	00:27:42.410	0.83879				2
2024.07.15	00:27:46.134	0.83878				2
2024.07.15	00:27:49.434	0.83877				2
2024.07.15	00:27:49.777	0.83876				2
2024.07.15	00:27:53.334	0.83881				2
2024.07.15	00:28:00.941	0.83881				2
2024.07.15	00:28:11.911	0.83885				2
2024.07.15	00:28:26.935		0.83987			4
2024.07.15	00:29:00.718	0.83885				2
2024.07.15	00:29:09.110		0.83988			4
2024.07.15	00:29:34.373	0.83894				2
2024.07.15	00:29:35.510	0.83895				2
2024.07.15	00:29:38.485	0.83893				2
2024.07.15	00:29:39.358	0.83894				2
2024.07.15	00:29:39.939	0.83891				2
2024.07.15	00:29:40.424	0.83893				2
2024.07.15	00:29:41.338	0.83885				2
2024.07.15	00:30:00.376	0.83875				2
2024.07.15	00:30:11.636		0.83988			4
2024.07.15	00:30:29.532	0.83881	0.83996			6
2024.07.15	00:30:41.186	0.83882				2
2024.07.15	00:30:52.097	0.83884				2
2024.07.15	00:31:00.473	0.83884				2
2024.07.15	00:31:01.574	0.83883	0.84003			6
2024.07.15	00:31:17.564	0.83889				2
2024.07.15	00:31:39.063	0.83894				2
2024.07.15	00:31:39.833	0.83893				2
2024.07.15	00:31:50.033	0.83892				2
2024.07.15	00:31:53.540	0.83895				2
2024.07.15	00:31:59.783	0.83894				2
2024.07.15	00:32:05.033	0.83894	0.84003			6
2024.07.15	00:32:08.128	0.83896				2
2024.07.15	00:32:08.574	0.83900	0.84000			6
2024.07.15	00:32:09.261	0.83899	0.84001			6
2024.07.15	00:32:11.343	0.83900	0.84000			6
2024.07.15	00:32:11.788		0.84001			4
2024.07.15	00:32:17.033	0.83899				2
2024.07.15	00:32:19.222	0.83883	0.83988			6
2024.07.15	00:32:19.675	0.83888				2
2024.07.15	00:32:21.758	0.83887				2
2024.07.15	00:32:23.559	0.83889				2
2024.07.15	00:32:29.301	0.83888				2
2024.07.15	00:32:34.744	0.83889				2
2024.07.15	00:32:40.595	0.83888				2
2024.07.15	00:32:52.335	0.83889				2
2024.07.15	00:32:53.934	0.83888				2
2024.07.15	00:32:56.337	0.83889				2
2024.07.15	00:33:00.534	0.83888				2
2024.07.15	00:33:21.160		0.83988			4
2024.07.15	00:33:22.295	0.83889				2
2024.07.15	00:33:37.436	0.83890				2
2024.07.15	00:33:54.236	0.83891				2
2024.07.15	00:33:57.769	0.83890				2
2024.07.15	00:34:02.332	0.83890				2
2024.07.15	00:34:13.541	0.83888				2
2024.07.15	00:34:21.234	0.83887	0.83988			6
2024.07.15	00:34:26.335	0.83888				2
2024.07.15	00:34:37.098	0.83887				2
2024.07.15	00:34:39.461	0.83888				2
2024.07.15	00:34:50.171	0.83887				2
2024.07.15	00:34:51.169	0.83888				2
2024.07.15	00:35:04.222	0.83888	0.83987			6
2024.07.15	00:35:11.863	0.83887				2
2024.07.15	00:35:12.242	0.83888				2
2024.07.15	00:35:21.388	0.83889				2
2024.07.15	00:35:23.936	0.83888				2
2024.07.15	00:35:26.633	0.83889				2
2024.07.15	00:35:38.861	0.83888				2
2024.07.15	00:35:40.310	0.83887				2
2024.07.15	00:35:42.723	0.83889				2
2024.07.15	00:35:50.849	0.83891				2
2024.07.15	00:36:00.758	0.83891				2
2024.07.15	00:36:03.081	0.83887				2
2024.07.15	00:36:05.197	0.83891	0.83987			6
2024.07.15	00:36:05.712	0.83890				2
2024.07.15	00:36:06.402	0.83891				2
2024.07.15	00:36:13.303	0.83892				2
2024.07.15	00:36:16.306	0.83890				2
2024.07.15	00:36:17.433	0.83892				2
2024.07.15	00:36:17.742	0.83894				2
2024.07.15	00:36:23.515	0.83895				2
2024.07.15	00:36:29.584	0.83894				2
2024.07.15	00:36:32.425	0.83893				2
2024.07.15	00:36:33.684	0.83894				2
2024.07.15	00:36:34.909	0.83897				2
2024.07.15	00:36:36.100	0.83894				2
2024.07.15	00:36:44.291	0.83898				2
2024.07.15	00:36:44.939	0.83897				2
2024.07.15	00:36:45.365	0.83895				2
2024.07.15	00:36:49.316	0.83894				2
2024.07.15	00:36:54.016	0.83895				2
2024.07.15	00:36:54.532	0.83894				2
2024.07.15	00:36:54.834	0.83895				2
2024.07.15	00:37:04.177	0.83894				2
2024.07.15	00:37:04.741	0.83895				2
2024.07.15	00:37:07.732		0.83987			4
2024.07.15	00:37:32.213	0.83894				2
2024.07.15	00:37:39.246	0.83896				2
2024.07.15	00:37:40.738	0.83895				2
2024.07.15	00:37:47.138	0.83896				2
2024.07.15	00:37:49.144	0.83897				2
2024.07.15	00:37:51.093	0.83896				2
2024.07.15	00:37:51.703	0.83897				2
2024.07.15	00:37:53.781	0.83895				2
2024.07.15	00:37:54.274	0.83894	0.83983			6
2024.07.15	00:37:54.661	0.83895	0.83982			6
2024.07.15	00:37:55.730		0.83983			4
2024.07.15	00:38:02.037	0.83895				2
2024.07.15	00:38:05.234	0.83885	0.83987			6
2024.07.15	00:38:05.541	0.83890				2
2024.07.15	00:38:05.864	0.83889				2
2024.07.15	00:38:07.174	0.83892	0.83985			6
2024.07.15	00:38:08.437	0.83894	0.83984			6
2024.07.15	00:38:08.814	0.83891	0.83987			6
2024.07.15	00:38:11.867	0.83892				2
2024.07.15	00:38:13.435	0.83891				2
2024.07.15	00:38:14.712	0.83892				2
2024.07.15	00:38:15.332	0.83886				2
2024.07.15	00:38:16.284	0.83889				2
2024.07.15	00:38:17.031	0.83888				2
2024.07.15	00:38:17.531	0.83886				2
2024.07.15	00:38:22.009	0.83887				2
2024.07.15	00:38:25.443	0.83888				2
2024.07.15	00:38:35.735	0.83886				2
2024.07.15	00:38:38.107	0.83884				2
2024.07.15	00:38:38.705	0.83887				2
2024.07.15	00:38:49.212	0.83886				2
2024.07.15	00:38:49.790	0.83888				2
2024.07.15	00:38:50.715	0.83886				2
2024.07.15	00:38:51.835	0.83887				2
2024.07.15	00:38:54.909	0.83888				2
2024.07.15	00:38:56.093	0.83887				2
2024.07.15	00:38:56.402	0.83888				2
2024.07.15	00:38:57.244	0.83887				2
2024.07.15	00:39:01.733	0.83887				2
2024.07.15	00:39:07.806	0.83888				2
2024.07.15	00:39:08.847		0.83987			4
2024.07.15	00:39:11.744	0.83887				2
2024.07.15	00:39:13.698	0.83888				2
2024.07.15	00:39:16.257	0.83890				2
2024.07.15	00:39:17.930	0.83889				2
2024.07.15	00:39:18.244	0.83890				2
2024.07.15	00:39:18.680	0.83888				2
2024.07.15	00:39:30.252	0.83889				2
2024.07.15	00:39:31.832	0.83888				2
2024.07.15	00:40:01.138	0.83888				2
2024.07.15	00:40:05.933	0.83889				2
2024.07.15	00:40:15.532		0.83987			4
2024.07.15	00:40:53.933	0.83890				2
2024.07.15	00:40:56.214	0.83889				2
2024.07.15	00:41:00.533	0.83890				2
2024.07.15	00:41:02.296	0.83888				2
2024.07.15	00:41:02.878	0.83890				2
2024.07.15	00:41:17.032		0.83987			4
2024.07.15	00:41:21.705	0.83889				2
2024.07.15	00:41:22.081	0.83890				2
2024.07.15	00:41:22.431	0.83889				2
2024.07.15	00:41:27.010	0.83890				2
2024.07.15	00:41:38.858	0.83889				2
2024.07.15	00:41:41.891	0.83890				2
2024.07.15	00:41:42.533	0.83889				2
2024.07.15	00:41:46.554	0.83890				2
2024.07.15	00:41:48.023	0.83900	0.83979			6
2024.07.15	00:41:50.034	0.83899	0.83980			6
2024.07.15	00:41:52.427	0.83900	0.83979			6
2024.07.15	00:41:55.901	0.83899	0.83980			6
2024.07.15	00:42:00.474	0.83899	0.83981			6
2024.07.15	00:42:01.475	0.83900	0.83979			6
2024.07.15	00:42:04.195	0.83893	0.83986			6
2024.07.15	00:42:04.705	0.83892	0.83987			6
2024.07.15	00:42:05.759	0.83891				2
2024.07.15	00:42:07.561	0.83890				2
2024.07.15	00:42:08.422	0.83891				2
2024.07.15	00:42:09.331	0.83890				2
2024.07.15	00:42:30.511	0.83891				2
2024.07.15	00:42:40.381	0.83890				2
2024.07.15	00:42:47.901	0.83891				2
2024.07.15	00:42:50.332	0.83890				2
2024.07.15	00:43:00.221	0.83890				2
2024.07.15	00:43:09.622		0.83987			4
2024.07.15	00:43:10.735	0.83891				2
2024.07.15	00:43:13.738	0.83890				2
2024.07.15	00:43:14.937		0.83980			4
2024.07.15	00:43:23.936	0.83891				2
2024.07.15	00:43:37.432	0.83902				2
2024.07.15	00:43:50.332		0.83979			4
2024.07.15	00:43:51.148		0.83980			4
2024.07.15	00:43:54.234		0.83979			4
2024.07.15	00:43:57.344		0.83980			4
2024.07.15	00:43:59.933		0.83979			4
2024.07.15	00:44:02.032	0.83902				2
2024.07.15	00:44:04.338		0.83978			4
2024.07.15	00:44:05.045		0.83979			4
2024.07.15	00:44:27.285	0.83895	0.83975			6
2024.07.15	00:44:29.195		0.83976			4
2024.07.15	00:44:36.361		0.83978			4
2024.07.15	00:44:36.778		0.83979			4
2024.07.15	00:44:37.787		0.83978			4
2024.07.15	00:44:40.193		0.83980			4
2024.07.15	00:44:40.795		0.83976			4
2024.07.15	00:44:41.557	0.83887	0.83987			6
2024.07.15	00:44:44.148	0.83886				2
2024.07.15	00:44:47.934	0.83885				2
2024.07.15	00:44:48.275	0.83884				2
2024.07.15	00:44:49.099	0.83885				2
2024.07.15	00:44:49.539	0.83883				2
2024.07.15	00:44:50.795	0.83884				2
2024.07.15	00:44:51.448	0.83882				2
2024.07.15	00:44:52.448	0.83883				2
2024.07.15	00:44:53.032	0.83882				2
2024.07.15	00:44:53.507	0.83881				2
2024.07.15	00:44:53.840	0.83880				2
2024.07.15	00:44:55.864	0.83882				2
2024.07.15	00:44:56.569	0.83880				2
2024.07.15	00:45:00.521	0.83882				2
2024.07.15	00:45:01.204	0.83863	0.83933			6
2024.07.15	00:45:02.366	0.83877	0.83987			6
2024.07.15	00:45:02.701	0.83880				2
2024.07.15	00:45:03.004	0.83883				2
2024.07.15	00:45:03.593	0.83881				2
2024.07.15	00:45:06.151	0.83893	0.83975			6
2024.07.15	00:45:13.043	0.83892				2
2024.07.15	00:45:15.836	0.83895				2
2024.07.15	00:45:17.200	0.83893				2
2024.07.15	00:45:25.855	0.83892				2
2024.07.15	00:45:27.166	0.83889				2
2024.07.15	00:45:27.482	0.83891				2
2024.07.15	00:45:32.669	0.83893				2
2024.07.15	00:45:33.130	0.83889				2
2024.07.15	00:45:33.843	0.83891				2
2024.07.15	00:45:36.364	0.83889				2
2024.07.15	00:45:37.630	0.83891				2
2024.07.15	00:45:39.747	0.83893				2
2024.07.15	00:45:40.462	0.83886	0.83965			6
2024.07.15	00:45:43.630	0.83890				2
2024.07.15	00:45:46.875	0.83886				2
2024.07.15	00:45:52.826	0.83891	0.83975			6
2024.07.15	00:45:53.128	0.83893				2
2024.07.15	00:45:54.204	0.83891				2
2024.07.15	00:45:56.574	0.83892				2
2024.07.15	00:45:58.196	0.83893				2
2024.07.15	00:46:00.883	0.83891				2
2024.07.15	00:46:02.271	0.83892				2
2024.07.15	00:46:05.032	0.83891				2
2024.07.15	00:46:07.891	0.83893				2
2024.07.15	00:46:15.233	0.83892				2
2024.07.15	00:46:26.213	0.83891				2
2024.07.15	00:46:33.536	0.83893				2
2024.07.15	00:46:34.017	0.83892				2
2024.07.15	00:46:34.735	0.83891				2
2024.07.15	00:46:42.301	0.83890				2
2024.07.15	00:46:46.084	0.83895				2
2024.07.15	00:46:46.510	0.83898				2
2024.07.15	00:46:47.149	0.83904	0.83972			6
2024.07.15	00:46:47.498	0.83903	0.83973			6
2024.07.15	00:46:48.047	0.83901	0.83974			6
2024.07.15	00:46:49.726		0.83975			4
2024.07.15	00:46:51.240	0.83900				2
2024.07.15	00:46:51.703	0.83899				2
2024.07.15	00:46:52.132	0.83900				2
2024.07.15	00:46:56.876	0.83901				2
2024.07.15	00:46:57.398	0.83900				2
2024.07.15	00:46:59.888	0.83901				2
2024.07.15	00:47:00.203	0.83901	0.83974			6
2024.07.15	00:47:01.203	0.83889	0.83935			6
2024.07.15	00:47:02.585	0.83901	0.83974			6
2024.07.15	00:47:04.664	0.83899	0.83975			6
2024.07.15	00:47:05.927	0.83898				2
2024.07.15	00:47:06.388	0.83896				2
2024.07.15	00:47:06.932	0.83897				2
2024.07.15	00:47:08.033	0.83898				2
2024.07.15	00:47:08.763	0.83896				2
2024.07.15	00:47:11.933	0.83898				2
2024.07.15	00:47:14.851	0.83897				2
2024.07.15	00:47:16.133	0.83896				2
2024.07.15	00:47:18.516	0.83900				2
2024.07.15	00:47:32.385	0.83897				2
2024.07.15	00:47:33.835	0.83896				2
2024.07.15	00:47:35.634	0.83897				2
2024.07.15	00:47:47.261	0.83896				2
2024.07.15	00:47:47.939	0.83897				2
2024.07.15	00:48:01.735	0.83897				2
2024.07.15	00:48:08.332		0.83975			4
2024.07.15	00:48:11.932	0.83898				2
2024.07.15	00:48:16.930	0.83899				2
2024.07.15	00:48:17.325	0.83896				2
2024.07.15	00:48:25.715	0.83899				2
2024.07.15	00:48:32.458	0.83898				2
2024.07.15	00:48:34.133	0.83899				2
2024.07.15	00:48:36.559	0.83901				2
2024.07.15	00:48:37.066	0.83899				2
2024.07.15	00:48:37.732	0.83898				2
2024.07.15	00:48:38.050		0.83977			4
2024.07.15	00:48:38.540	0.83897				2
2024.07.15	00:48:39.149	0.83900				2
2024.07.15	00:48:44.759	0.83897				2
2024.07.15	00:49:00.232	0.83897				2
2024.07.15	00:49:02.633		0.83957			4
2024.07.15	00:49:03.274		0.83960			4
2024.07.15	00:49:03.877		0.83961			4
2024.07.15	00:49:04.320		0.83962			4
2024.07.15	00:49:10.094		0.83977			4
2024.07.15	00:49:23.515		0.83972			4
2024.07.15	00:49:24.039		0.83975			4
2024.07.15	00:49:25.036		0.83977			4
2024.07.15	00:49:29.141	0.83898	0.83971			6
2024.07.15	00:49:29.474	0.83897	0.83977			6
2024.07.15	00:49:32.583		0.83976			4
2024.07.15	00:49:32.902		0.83972			4
2024.07.15	00:49:33.215		0.83977			4
2024.07.15	00:49:33.585		0.83972			4
2024.07.15	00:49:33.983		0.83977			4
2024.07.15	00:49:34.713		0.83976			4
2024.07.15	00:49:35.223		0.83977			4
2024.07.15	00:49:36.581	0.83892				2
2024.07.15	00:49:46.279		0.83976			4
2024.07.15	00:49:47.411		0.83977			4
2024.07.15	00:49:49.307	0.83896	0.83969			6
2024.07.15	00:49:53.949	0.83898	0.83977			6
2024.07.15	00:49:54.407	0.83895	0.83959			6
2024.07.15	00:49:54.817	0.83898	0.83957			6
2024.07.15	00:49:55.137		0.83977			4
2024.07.15	00:49:55.441	0.83896	0.83959			6
2024.07.15	00:49:57.002	0.83898	0.83960			6
2024.07.15	00:49:57.317	0.83896	0.83962			6
2024.07.15	00:49:57.670	0.83898	0.83952			6
2024.07.15	00:50:00.535	0.83898				2
2024.07.15	00:50:02.934		0.83955			4
2024.07.15	00:50:03.241		0.83951			4
2024.07.15	00:50:03.564		0.83954			4
2024.07.15	00:50:06.396	0.83897	0.83956			6
2024.07.15	00:50:06.836		0.83952			4
2024.07.15	00:50:08.033	0.83898	0.83967			6
2024.07.15	00:50:08.342		0.83966			4
2024.07.15	00:50:08.870		0.83974			4
2024.07.15	00:50:09.423	0.83900				2
2024.07.15	00:50:12.540	0.83899	0.83964			6
2024.07.15	00:50:12.870	0.83900	0.83974			6
2024.07.15	00:50:13.181	0.83899				2
2024.07.15	00:50:14.979	0.83898	0.83963			6
2024.07.15	00:50:17.475	0.83899				2
2024.07.15	00:50:20.193	0.83896	0.83970			6
2024.07.15	00:50:20.506		0.83959			4
2024.07.15	00:50:20.869		0.83966			4
2024.07.15	00:50:21.201	0.83898				2
2024.07.15	00:50:21.511		0.83965			4
2024.07.15	00:50:23.050	0.83899				2
2024.07.15	00:50:25.309	0.83898				2
2024.07.15	00:50:26.168	0.83903	0.83971			6
2024.07.15	00:50:27.749	0.83907				2
2024.07.15	00:50:28.320	0.83904	0.83968			6
2024.07.15	00:50:29.191		0.83969			4
2024.07.15	00:50:29.539	0.83909				2
2024.07.15	00:50:31.193	0.83910				2
2024.07.15	00:50:31.514	0.83906				2
2024.07.15	00:50:32.641	0.83912				2
2024.07.15	00:50:35.261	0.83914				2
2024.07.15	00:50:36.749	0.83911				2
2024.07.15	00:50:38.267	0.83910				2
2024.07.15	00:50:39.861	0.83912				2
2024.07.15	00:50:40.748	0.83911				2
2024.07.15	00:50:42.666	0.83909				2
2024.07.15	00:50:43.137	0.83908				2
2024.07.15	00:50:44.224	0.83904	0.83974			6
2024.07.15	00:50:44.817		0.83969			4
2024.07.15	00:50:48.101		0.83973			4
2024.07.15	00:50:50.631		0.83972			4
2024.07.15	00:50:51.158		0.83969			4
2024.07.15	00:50:59.747		0.83964			4
2024.07.15	00:51:00.218	0.83904				2
2024.07.15	00:51:01.838		0.83966			4
2024.07.15	00:51:02.157		0.83959			4
2024.07.15	00:51:03.044		0.83963			4
2024.07.15	00:51:06.958		0.83959			4
2024.07.15	00:51:08.815		0.83960			4
2024.07.15	00:51:09.495		0.83959			4
2024.07.15	00:51:10.082		0.83960			4
2024.07.15	00:51:12.734		0.83959			4
2024.07.15	00:51:16.896		0.83963			4
2024.07.15	00:51:30.793		0.83964			4
2024.07.15	00:51:33.290		0.83963			4
2024.07.15	00:51:37.993		0.83962			4
2024.07.15	00:51:38.355	0.83908	0.83960			6
2024.07.15	00:51:38.721	0.83904				2
2024.07.15	00:51:40.196	0.83906				2
2024.07.15	00:51:43.430	0.83904				2
2024.07.15	00:51:44.047	0.83907				2
2024.07.15	00:51:44.577	0.83904	0.83961			6
2024.07.15	00:51:57.020		0.83963			4
2024.07.15	00:51:59.238		0.83961			4
2024.07.15	00:52:09.158	0.83904	0.83959			6
2024.07.15	00:52:09.487		0.83960			4
2024.07.15	00:52:09.845	0.83910				2
2024.07.15	00:52:10.193	0.83904				2
2024.07.15	00:52:10.796	0.83907				2
2024.07.15	00:52:11.949	0.83904	0.83963			6
2024.07.15	00:52:15.331	0.83906	0.83967			6
2024.07.15	00:52:15.874	0.83905	0.83963			6
2024.07.15	00:52:16.381	0.83904				2
2024.07.15	00:52:18.046		0.83966			4
2024.07.15	00:52:19.527	0.83905	0.83963			6
2024.07.15	00:52:20.124	0.83904	0.83967			6
2024.07.15	00:52:20.738		0.83965			4
2024.07.15	00:52:22.072	0.83907	0.83964			6
2024.07.15	00:52:22.653	0.83904	0.83965			6
2024.07.15	00:52:25.656		0.83963			4
2024.07.15	00:52:26.152		0.83964			4
2024.07.15	00:52:27.074		0.83965			4
2024.07.15	00:52:27.519		0.83966			4
2024.07.15	00:52:29.681	0.83909	0.83962			6
2024.07.15	00:52:30.189	0.83904				2
2024.07.15	00:52:30.754		0.83967			4
2024.07.15	00:52:33.299	0.83901				2
2024.07.15	00:52:34.862	0.83900				2
2024.07.15	00:52:36.076	0.83907	0.83965			6
2024.07.15	00:52:36.382	0.83906				2
2024.07.15	00:52:39.843	0.83910	0.83966			6
2024.07.15	00:52:40.416	0.83902	0.83965			6
2024.07.15	00:52:40.922	0.83901	0.83967			6
2024.07.15	00:52:41.414	0.83902	0.83966			6
2024.07.15	00:52:44.415		0.83959			4
2024.07.15	00:52:49.262	0.83887				2
2024.07.15	00:52:49.601	0.83881				2
2024.07.15	00:52:56.704		0.83960			4
2024.07.15	00:52:58.558	0.83898	0.83961			6
2024.07.15	00:52:59.587	0.83895				2
2024.07.15	00:53:00.042	0.83897				2
2024.07.15	00:53:00.375	0.83896				2
2024.07.15	00:53:04.281	0.83898				2
2024.07.15	00:53:04.856	0.83897				2
2024.07.15	00:53:05.292	0.83895				2
2024.07.15	00:53:06.326	0.83896	0.83957			6
2024.07.15	00:53:10.329	0.83895				2
2024.07.15	00:53:16.204	0.83896				2
2024.07.15	00:53:20.380	0.83895				2
2024.07.15	00:53:22.097	0.83904	0.83967			6
2024.07.15	00:53:30.680		0.83976			4
2024.07.15	00:53:31.101		0.83967			4
2024.07.15	00:54:01.170	0.83904				2
2024.07.15	00:54:09.721	0.83908	0.83975			6
2024.07.15	00:54:10.023	0.83904	0.83967			6
2024.07.15	00:54:10.366	0.83905	0.83975			6
2024.07.15	00:54:11.337	0.83904	0.83967			6
2024.07.15	00:54:11.833	0.83908	0.83972			6
2024.07.15	00:54:12.707	0.83906				2
2024.07.15	00:54:18.197	0.83908				2
2024.07.15	00:54:18.538	0.83904	0.83967			6
2024.07.15	00:54:18.899	0.83906	0.83969			6
2024.07.15	00:54:21.509		0.83975			4
2024.07.15	00:54:22.201	0.83904	0.83967			6
2024.07.15	00:54:24.352	0.83907	0.83969			6
2024.07.15	00:54:29.886	0.83904	0.83967			6
2024.07.15	00:54:31.682	0.83908	0.83969			6
2024.07.15	00:54:36.720	0.83907				2
2024.07.15	00:54:39.536	0.83906				2
2024.07.15	00:54:41.845	0.83905				2
2024.07.15	00:54:44.637	0.83904				2
2024.07.15	00:54:46.801		0.83967			4
2024.07.15	00:54:49.660		0.83968			4
2024.07.15	00:54:54.736		0.83967			4
2024.07.15	00:55:05.474	0.83909	0.83968			6
2024.07.15	00:55:06.541	0.83910				2
2024.07.15	00:55:06.938	0.83909				2
2024.07.15	00:55:07.505	0.83905				2
2024.07.15	00:55:12.338	0.83909				2
2024.07.15	00:55:13.194	0.83907				2
2024.07.15	00:55:20.300	0.83909				2
2024.07.15	00:55:23.761	0.83908				2
2024.07.15	00:55:30.190		0.83974			4
2024.07.15	00:55:34.622		0.83967			4
2024.07.15	00:55:37.786	0.83906				2
2024.07.15	00:55:38.154	0.83908				2
2024.07.15	00:55:39.436	0.83910	0.83973			6
2024.07.15	00:55:39.781		0.83967			4
2024.07.15	00:55:40.728	0.83909				2
2024.07.15	00:55:43.212	0.83910	0.83974			6
2024.07.15	00:55:45.210	0.83909				2
2024.07.15	00:55:47.334	0.83910				2
2024.07.15	00:55:50.361	0.83909	0.83973			6
2024.07.15	00:55:54.021	0.83908				2
2024.07.15	00:55:56.646	0.83909				2
2024.07.15	00:55:58.626	0.83908				2
2024.07.15	00:56:02.932	0.83908				2
2024.07.15	00:56:06.650		0.83967			4
2024.07.15	00:56:08.035	0.83907				2
2024.07.15	00:56:17.015	0.83906				2
2024.07.15	00:56:26.154	0.83907	0.83973			6
2024.07.15	00:56:26.971		0.83967			4
2024.07.15	00:56:27.481	0.83906				2
2024.07.15	00:56:28.933	0.83907	0.83974			6
2024.07.15	00:56:30.802	0.83908				2
2024.07.15	00:56:32.057	0.83907				2
2024.07.15	00:56:34.093	0.83909				2
2024.07.15	00:56:37.717	0.83908				2
2024.07.15	00:56:38.541	0.83914	0.83967			6
2024.07.15	00:56:42.223		0.83971			4
2024.07.15	00:56:47.714		0.83973			4
2024.07.15	00:56:48.163	0.83917	0.83969			6
2024.07.15	00:56:50.795	0.83916				2
2024.07.15	00:56:58.545	0.83915	0.83970			6
2024.07.15	00:56:59.815	0.83916	0.83969			6
2024.07.15	00:57:01.216	0.83916	0.83973			6
2024.07.15	00:57:02.548	0.83915				2
2024.07.15	00:57:06.549	0.83917				2
2024.07.15	00:57:07.750	0.83916				2
2024.07.15	00:57:08.325	0.83917	0.83969			6
2024.07.15	00:57:10.355		0.83970			4
2024.07.15	00:57:11.048	0.83918	0.83968			6
2024.07.15	00:57:12.828	0.83917	0.83969			6
2024.07.15	00:57:14.326	0.83918	0.83968			6
2024.07.15	00:57:15.917	0.83917	0.83969			6
2024.07.15	00:57:20.851	0.83919	0.83973			6
2024.07.15	00:57:21.532		0.83967			4
2024.07.15	00:57:24.209	0.83913	0.83972			6
2024.07.15	00:57:27.331	0.83914	0.83971			6
2024.07.15	00:57:33.744		0.83973			4
2024.07.15	00:57:34.818	0.83915				2
2024.07.15	00:57:37.316		0.83971			4
2024.07.15	00:57:51.094	0.83907	0.83964			6
2024.07.15	00:57:53.333	0.83906				2
2024.07.15	00:57:55.106	0.83907				2
2024.07.15	00:57:56.336	0.83905				2
2024.07.15	00:58:00.234	0.83907				2
2024.07.15	00:58:02.633	0.83906				2
2024.07.15	00:58:02.965	0.83910	0.83971			6
2024.07.15	00:58:03.278	0.83909	0.83964			6
2024.07.15	00:58:03.582	0.83911	0.83970			6
2024.07.15	00:58:04.026		0.83972			4
2024.07.15	00:58:04.432	0.83912	0.83971			6
2024.07.15	00:58:05.326	0.83910	0.83966			6
2024.07.15	00:58:10.407	0.83908	0.83964			6
2024.07.15	00:58:11.635		0.83962			4
2024.07.15	00:58:19.387	0.83907	0.83963			6
2024.07.15	00:58:19.968	0.83906	0.83959			6
2024.07.15	00:58:20.564	0.83907	0.83963			6
2024.07.15	00:58:22.666		0.83962			4
2024.07.15	00:58:24.262	0.83908				2
2024.07.15	00:58:24.934		0.83959			4
2024.07.15	00:58:28.133	0.83907				2
2024.07.15	00:58:31.388	0.83908	0.83963			6
2024.07.15	00:58:32.453		0.83959			4
2024.07.15	00:58:35.332	0.83907				2
2024.07.15	00:58:37.840		0.83963			4
2024.07.15	00:58:38.395	0.83908				2
2024.07.15	00:58:40.434		0.83967			4
2024.07.15	00:58:41.234		0.83960			4
2024.07.15	00:58:41.538		0.83965			4
2024.07.15	00:58:42.045		0.83959			4
2024.07.15	00:58:43.163	0.83907				2
2024.07.15	00:58:44.465		0.83963			4
2024.07.15	00:58:46.584	0.83905	0.83959			6
2024.07.15	00:58:47.054	0.83904	0.83962			6
2024.07.15	00:58:47.515	0.83902				2
2024.07.15	00:58:47.947	0.83904	0.83961			6
2024.07.15	00:58:48.364	0.83902	0.83967			6
2024.07.15	00:58:48.693	0.83901				2
2024.07.15	00:58:49.043	0.83900	0.83966			6
2024.07.15	00:58:49.409	0.83902				2
2024.07.15	00:58:49.848		0.83959			4
2024.07.15	00:58:50.719	0.83901				2
2024.07.15	00:58:51.635	0.83905	0.83965			6
2024.07.15	00:58:52.219	0.83906	0.83961			6
2024.07.15	00:58:53.362	0.83905				2
2024.07.15	00:58:54.788	0.83902	0.83964			6
2024.07.15	00:58:55.620	0.83905	0.83970			6
2024.07.15	00:58:56.102	0.83906				2
2024.07.15	00:58:56.541		0.83963			4
2024.07.15	00:58:57.955	0.83899	0.83967			6
2024.07.15	00:58:58.261		0.83964			4
2024.07.15	00:58:58.660	0.83898	0.83959			6
2024.07.15	00:59:00.297	0.83896	0.83963			6
2024.07.15	00:59:02.093	0.83894	0.83961			6
2024.07.15	00:59:02.427	0.83895				2
2024.07.15	00:59:02.797	0.83901	0.83967			6
2024.07.15	00:59:03.141		0.83961			4
2024.07.15	00:59:04.133	0.83900				2
2024.07.15	00:59:04.573	0.83897	0.83960			6
2024.07.15	00:59:05.061	0.83899	0.83965			6
2024.07.15	00:59:06.475		0.83962			4
2024.07.15	00:59:07.055		0.83959			4
2024.07.15	00:59:07.771		0.83964			4
2024.07.15	00:59:08.148	0.83900	0.83961			6
2024.07.15	00:59:08.746	0.83899	0.83964			6
2024.07.15	00:59:09.154		0.83959			4
2024.07.15	00:59:11.113	0.83896	0.83966			6
2024.07.15	00:59:11.435	0.83900	0.83959			6
2024.07.15	00:59:12.804		0.83964			4
2024.07.15	00:59:17.774	0.83899				2
2024.07.15	00:59:22.040	0.83898	0.83963			6
2024.07.15	00:59:23.816		0.83957			4
2024.07.15	00:59:24.535	0.83899	0.83961			6
2024.07.15	00:59:26.633	0.83898	0.83958			6
2024.07.15	00:59:27.406	0.83899	0.83960			6
2024.07.15	00:59:28.145		0.83965			4
2024.07.15	00:59:30.515	0.83896	0.83954			6
2024.07.15	00:59:31.024	0.83897	0.83959			6
2024.07.15	00:59:31.598	0.83896	0.83957			6
2024.07.15	00:59:32.271		0.83952			4
2024.07.15	00:59:33.291		0.83956			4
2024.07.15	00:59:37.575		0.83955			4
2024.07.15	00:59:45.580	0.83897				2
2024.07.15	00:59:58.793	0.83900	0.83948			6
2024.07.15	00:59:59.233	0.83896				2
2024.07.15	01:00:00.325	0.83901				2
2024.07.15	01:00:00.626	0.83907				2
2024.07.15	01:00:00.946	0.83897				2
2024.07.15	01:00:01.290	0.83899				2
2024.07.15	01:00:01.617	0.83903	0.83943			6
2024.07.15	01:00:01.937	0.83910	0.83944			6
2024.07.15	01:00:02.330	0.83914	0.83946			6
2024.07.15	01:00:02.707	0.83918	0.83959			6
2024.07.15	01:00:03.038	0.83923	0.83964			6
2024.07.15	01:00:03.424		0.83963			4
2024.07.15	01:00:03.782		0.83964			4
2024.07.15	01:00:04.333	0.83924	0.83963			6
2024.07.15	01:00:05.309	0.83922	0.83964			6
2024.07.15	01:00:05.662	0.83923				2
2024.07.15	01:00:06.005	0.83924	0.83963			6
2024.07.15	01:00:06.313	0.83921	0.83965			6
2024.07.15	01:00:06.664	0.83925				2
2024.07.15	01:00:07.125	0.83924	0.83962			6
2024.07.15	01:00:07.875	0.83925	0.83963			6
2024.07.15	01:00:08.546	0.83929				2
2024.07.15	01:00:08.918		0.83962			4
2024.07.15	01:00:09.379	0.83930	0.83957			6
2024.07.15	01:00:09.729	0.83925				2
2024.07.15	01:00:10.384	0.83928	0.83958			6
2024.07.15	01:00:10.784	0.83931	0.83961			6
2024.07.15	01:00:11.220	0.83933	0.83964			6
2024.07.15	01:00:11.750	0.83924	0.83960			6
2024.07.15	01:00:12.127	0.83932	0.83961			6
2024.07.15	01:00:12.444	0.83927	0.83960			6
2024.07.15	01:00:13.370	0.83920	0.83964			6
2024.07.15	01:00:13.788	0.83934				2
2024.07.15	01:00:14.091	0.83939	0.83963			6
2024.07.15	01:00:14.440	0.83931	0.83959			6
2024.07.15	01:00:15.329	0.83930				2
2024.07.15	01:00:15.643	0.83927	0.83961			6
2024.07.15	01:00:16.789	0.83928				2
2024.07.15	01:00:17.218	0.83933				2
2024.07.15	01:00:19.323	0.83934				2
2024.07.15	01:00:22.261	0.83937	0.83962			6
2024.07.15	01:00:22.623	0.83940	0.83964			6
2024.07.15	01:00:22.925	0.83947	0.83974			6
2024.07.15	01:00:23.243	0.83945				2
2024.07.15	01:00:23.735	0.83943				2
2024.07.15	01:00:24.043	0.83952	0.83982			6
2024.07.15	01:00:24.390	0.83949	0.83974			6
2024.07.15	01:00:24.905		0.83981			4
2024.07.15	01:00:25.347		0.83977			4
2024.07.15	01:00:25.656	0.83950				2
2024.07.15	01:00:26.577	0.83952	0.83978			6
2024.07.15	01:00:26.966	0.83942	0.83967			6
2024.07.15	01:00:27.288	0.83944	0.83972			6
2024.07.15	01:00:28.407		0.83974			4
2024.07.15	01:00:28.726	0.83946	0.83976			6
2024.07.15	01:00:29.054		0.83978			4
2024.07.15	01:00:29.362		0.83974			4
2024.07.15	01:00:30.376	0.83945	0.83970			6
2024.07.15	01:00:30.679	0.83943	0.83971			6
2024.07.15	01:00:31.384	0.83944	0.83973			6
2024.07.15	01:00:31.871	0.83943	0.83974			6
2024.07.15	01:00:32.205	0.83948	0.83977			6
2024.07.15	01:00:33.057	0.83938	0.83968			6
2024.07.15	01:00:33.384	0.83940	0.83970			6
2024.07.15	01:00:33.804	0.83945	0.83976			6
2024.07.15	01:00:34.326		0.83970			4
2024.07.15	01:00:34.628		0.83974			4
2024.07.15	01:00:36.271	0.83944	0.83970			6
2024.07.15	01:00:36.583		0.83969			4
2024.07.15	01:00:37.224	0.83943				2
2024.07.15	01:00:38.232	0.83944				2
2024.07.15	01:00:38.547	0.83938	0.83965			6
2024.07.15	01:00:39.391		0.83960			4
2024.07.15	01:00:40.897	0.83937				2
2024.07.15	01:00:41.234	0.83936	0.83964			6
2024.07.15	01:00:41.542	0.83937	0.83962			6
2024.07.15	01:00:41.896		0.83961			4
2024.07.15	01:00:42.395	0.83938	0.83962			6
2024.07.15	01:00:43.754		0.83961			4
2024.07.15	01:00:46.484	0.83939	0.83963			6
2024.07.15	01:00:47.006	0.83937	0.83960			6
2024.07.15	01:00:47.402	0.83934	0.83959			6
2024.07.15	01:00:47.723	0.83938	0.83961			6
2024.07.15	01:00:49.035		0.83962			4
2024.07.15	01:00:49.754	0.83939	0.83964			6
2024.07.15	01:00:50.641		0.83962			4
2024.07.15	01:00:51.976	0.83937	0.83960			6
2024.07.15	01:00:52.340		0.83961			4
2024.07.15	01:00:55.736		0.83958			4
2024.07.15	01:00:56.181	0.83939	0.83962			6
2024.07.15	01:00:57.197	0.83929	0.83952			6
2024.07.15	01:00:57.506	0.83930	0.83953			6
2024.07.15	01:00:57.843	0.83933	0.83955			6
2024.07.15	01:00:58.396	0.83937	0.83959			6
2024.07.15	01:00:58.805	0.83938	0.83961			6
2024.07.15	01:00:59.113		0.83959			4
2024.07.15	01:01:00.235	0.83938	0.83958			6
2024.07.15	01:01:00.544	0.83933				2
2024.07.15	01:01:01.395	0.83934	0.83957			6
2024.07.15	01:01:01.932	0.83937	0.83961			6
2024.07.15	01:01:02.846		0.83962			4
2024.07.15	01:01:04.609	0.83935	0.83960			6
2024.07.15	01:01:05.032		0.83961			4
2024.07.15	01:01:05.333	0.83936	0.83959			6
2024.07.15	01:01:05.747	0.83938	0.83961			6
2024.07.15	01:01:06.785	0.83940	0.83963			6
2024.07.15	01:01:07.113		0.83964			4
2024.07.15	01:01:07.793	0.83938	0.83963			6
2024.07.15	01:01:08.332		0.83962			4
2024.07.15	01:01:08.633		0.83961			4
2024.07.15	01:01:11.512	0.83940	0.83963			6
2024.07.15	01:01:13.924	0.83943	0.83965			6
2024.07.15	01:01:14.539		0.83966			4
2024.07.15	01:01:14.846	0.83945				2
2024.07.15	01:01:15.569	0.83944	0.83967			6
2024.07.15	01:01:16.132	0.83943	0.83968			6
2024.07.15	01:01:16.512	0.83942	0.83966			6
2024.07.15	01:01:18.339	0.83945	0.83967			6
2024.07.15	01:01:18.679	0.83946	0.83968			6
2024.07.15	01:01:18.983	0.83945	0.83967			6
2024.07.15	01:01:19.391	0.83946	0.83968			6
2024.07.15	01:01:19.882	0.83947				2
2024.07.15	01:01:23.156	0.83945	0.83966			6
2024.07.15	01:01:23.844	0.83946				2
2024.07.15	01:01:24.921	0.83948	0.83968			6
2024.07.15	01:01:26.049	0.83946	0.83965			6
2024.07.15	01:01:26.873	0.83945	0.83966			6
2024.07.15	01:01:28.786	0.83944	0.83965			6
2024.07.15	01:01:29.118	0.83947	0.83969			6
2024.07.15	01:01:29.840	0.83948	0.83965			6
2024.07.15	01:01:30.377	0.83944				2
2024.07.15	01:01:32.083	0.83945	0.83963			6
2024.07.15	01:01:32.430	0.83947	0.83966			6
2024.07.15	01:01:33.498		0.83965			4
2024.07.15	01:01:38.235		0.83966			4
2024.07.15	01:01:39.804	0.83945	0.83963			6
2024.07.15	01:01:40.883	0.83948	0.83965			6
2024.07.15	01:01:41.906	0.83945	0.83964			6
2024.07.15	01:01:44.056		0.83963			4
2024.07.15	01:01:46.132		0.83964			4
2024.07.15	01:01:51.237		0.83963			4
2024.07.15	01:01:52.724	0.83943	0.83964			6
2024.07.15	01:01:53.334		0.83962			4
2024.07.15	01:01:54.784	0.83942	0.83961			6
2024.07.15	01:01:56.933	0.83943				2
2024.07.15	01:01:58.734	0.83942				2
2024.07.15	01:02:00.317	0.83943	0.83959			6
2024.07.15	01:02:00.623		0.83957			4
2024.07.15	01:02:01.418	0.83944	0.83959			6
2024.07.15	01:02:02.234		0.83961			4
2024.07.15	01:02:02.789		0.83960			4
2024.07.15	01:02:04.433	0.83941				2
2024.07.15	01:02:07.734		0.83961			4
2024.07.15	01:02:08.802	0.83942				2
2024.07.15	01:02:10.432	0.83936	0.83955			6
2024.07.15	01:02:11.038	0.83938	0.83954			6
2024.07.15	01:02:14.788	0.83940	0.83959			6
2024.07.15	01:02:15.232		0.83954			4
2024.07.15	01:02:16.202	0.83936				2
2024.07.15	01:02:17.933		0.83953			4
2024.07.15	01:02:18.500	0.83932	0.83948			6
2024.07.15	01:02:19.444	0.83933	0.83950			6
2024.07.15	01:02:21.592	0.83937	0.83954			6
2024.07.15	01:02:22.133		0.83953			4
2024.07.15	01:02:22.763	0.83940	0.83956			6
2024.07.15	01:02:23.935	0.83941	0.83955			6
2024.07.15	01:02:30.233	0.83939	0.83951			6
2024.07.15	01:02:30.618	0.83943	0.83956			6
2024.07.15	01:02:31.443	0.83944				2
2024.07.15	01:02:34.349	0.83941	0.83954			6
2024.07.15	01:02:34.678	0.83943	0.83956			6
2024.07.15	01:02:37.452	0.83938	0.83954			6
2024.07.15	01:02:38.876	0.83940	0.83955			6
2024.07.15	01:02:40.133		0.83954			4
2024.07.15	01:02:44.161	0.83942	0.83955			6
2024.07.15	01:02:44.878	0.83943				2
2024.07.15	01:02:45.266	0.83941	0.83953			6
2024.07.15	01:02:46.518	0.83944	0.83956			6
2024.07.15	01:02:47.593	0.83943	0.83958			6
2024.07.15	01:02:49.433	0.83944	0.83957			6
2024.07.15	01:02:49.979	0.83942	0.83954			6
2024.07.15	01:02:50.289	0.83943	0.83957			6
2024.07.15	01:02:51.416	0.83942				2
2024.07.15	01:02:51.868	0.83943	0.83954			6
2024.07.15	01:02:53.256	0.83942	0.83957			6
2024.07.15	01:02:55.288	0.83943				2
2024.07.15	01:02:55.962	0.83944				2
2024.07.15	01:02:56.813	0.83942	0.83956			6
2024.07.15	01:02:57.145	0.83941	0.83954			6
2024.07.15	01:02:57.471		0.83955			4
2024.07.15	01:02:58.240	0.83942				2
2024.07.15	01:03:00.489	0.83940	0.83956			6
2024.07.15	01:03:00.803	0.83947	0.83961			6
2024.07.15	01:03:01.124	0.83948	0.83963			6
2024.07.15	01:03:01.920	0.83949	0.83962			6
2024.07.15	01:03:02.749	0.83951				2
2024.07.15	01:03:06.535	0.83952	0.83963			6
2024.07.15	01:03:07.133	0.83951				2
2024.07.15	01:03:08.575		0.83957			4
2024.07.15	01:03:20.033	0.83952				2
2024.07.15	01:03:21.690	0.83950	0.83956			6
2024.07.15	01:03:22.637	0.83946	0.83952			6
2024.07.15	01:03:23.113	0.83944	0.83950			6
2024.07.15	01:03:26.819		0.83949			4
2024.07.15	01:03:27.637	0.83941	0.83947			6
2024.07.15	01:03:29.645		0.83948			4
2024.07.15	01:03:30.373	0.83946	0.83952			6
2024.07.15	01:03:31.137		0.83951			4
2024.07.15	01:03:31.520	0.83949	0.83954			6
2024.07.15	01:03:31.821		0.83953			4
2024.07.15	01:03:32.352		0.83954			4
2024.07.15	01:03:33.511	0.83947	0.83952			6
2024.07.15	01:03:33.935	0.83946				2
2024.07.15	01:03:34.294	0.83947				2
2024.07.15	01:03:35.968	0.83946				2
2024.07.15	01:03:36.332	0.83947				2
2024.07.15	01:03:37.049	0.83946				2
2024.07.15	01:03:38.348	0.83947				2
2024.07.15	01:03:39.026	0.83949	0.83953			6
2024.07.15	01:03:40.263	0.83946	0.83951			6
2024.07.15	01:03:41.099		0.83952			4
2024.07.15	01:03:43.099		0.83953			4
2024.07.15	01:03:43.482		0.83952			4
2024.07.15	01:03:43.900	0.83949	0.83953			6
2024.07.15	01:03:44.210	0.83950				2
2024.07.15	01:03:45.830	0.83958	0.83965			6
2024.07.15	01:03:46.230	0.83953	0.83961			6
2024.07.15	01:03:48.260	0.83955	0.83960			6
2024.07.15	01:03:49.438	0.83954				2
2024.07.15	01:03:51.477	0.83952	0.83958			6
2024.07.15	01:03:51.833	0.83949	0.83956			6
2024.07.15	01:03:53.245	0.83955	0.83961			6
2024.07.15	01:03:53.914	0.83957	0.83962			6
2024.07.15	01:03:54.226	0.83958	0.83963			6
2024.07.15	01:03:55.355	0.83957	0.83962			6
2024.07.15	01:03:55.790	0.83958	0.83963			6
2024.07.15	01:04:00.609	0.83958				2
2024.07.15	01:04:01.921		0.83964			4
2024.07.15	01:04:02.255	0.83959	0.83963			6
2024.07.15	01:04:06.034	0.83956	0.83961			6
2024.07.15	01:04:08.456		0.83962			4
2024.07.15	01:04:10.035	0.83955				2
2024.07.15	01:04:11.841		0.83963			4
2024.07.15	01:04:12.661		0.83962			4
2024.07.15	01:04:13.959	0.83956	0.83963			6
2024.07.15	01:04:14.368	0.83951	0.83958			6
2024.07.15	01:04:15.125		0.83960			4
2024.07.15	01:04:15.506		0.83959			4
2024.07.15	01:04:16.536		0.83960			4
2024.07.15	01:04:16.838		0.83958			4
2024.07.15	01:04:19.439	0.83950	0.83959			6
2024.07.15	01:04:20.681		0.83960			4
2024.07.15	01:04:23.164	0.83951	0.83961			6
2024.07.15	01:04:23.663	0.83952	0.83962			6
2024.07.15	01:04:27.460	0.83951	0.83960			6
2024.07.15	01:04:27.833	0.83950				2
2024.07.15	01:04:29.758	0.83947	0.83958			6
2024.07.15	01:04:31.020		0.83959			4
2024.07.15	01:04:32.775	0.83951	0.83961			6
2024.07.15	01:04:40.133	0.83952				2
2024.07.15	01:04:52.960	0.83951	0.83960			6
2024.07.15	01:04:53.331	0.83948	0.83958			6
2024.07.15	01:04:54.711		0.83959			4
2024.07.15	01:04:55.799	0.83949				2
2024.07.15	01:05:00.388	0.83949	0.83958			6
2024.07.15	01:05:01.071	0.83954				2
2024.07.15	01:05:01.393	0.83955				2
2024.07.15	01:05:02.355	0.83957	0.83960			6
2024.07.15	01:05:03.262	0.83956				2
2024.07.15	01:05:05.033	0.83955	0.83959			6
2024.07.15	01:05:05.376	0.83954	0.83957			6
2024.07.15	01:05:06.398	0.83955	0.83959			6
2024.07.15	01:05:08.020	0.83956	0.83960			6
2024.07.15	01:05:09.462	0.83957	0.83961			6
2024.07.15	01:05:11.677		0.83964			4
2024.07.15	01:05:16.838		0.83965			4
2024.07.15	01:05:19.859		0.83964			4
2024.07.15	01:05:25.492	0.83956				2
2024.07.15	01:05:26.349	0.83957	0.83965			6
2024.07.15	01:05:28.264	0.83958	0.83966			6
2024.07.15	01:05:30.758	0.83957	0.83965			6
2024.07.15	01:05:31.500	0.83958				2
2024.07.15	01:05:33.700	0.83959	0.83966			6
2024.07.15	01:05:34.068		0.83967			4
2024.07.15	01:05:35.874	0.83960	0.83968			6
2024.07.15	01:05:38.333	0.83957	0.83965			6
2024.07.15	01:05:38.881	0.83958				2
2024.07.15	01:05:39.245	0.83957				2
2024.07.15	01:05:42.554	0.83955	0.83963			6
2024.07.15	01:05:45.300	0.83956	0.83964			6
2024.07.15	01:05:51.391	0.83957				2
2024.07.15	01:05:53.223	0.83956				2
2024.07.15	01:06:00.071	0.83959	0.83967			6
2024.07.15	01:06:01.723	0.83956	0.83964			6
2024.07.15	01:06:02.024		0.83963			4
2024.07.15	01:06:02.958		0.83964			4
2024.07.15	01:06:08.378		0.83963			4
2024.07.15	01:06:13.183	0.83955				2
2024.07.15	01:06:15.676		0.83962			4
2024.07.15	01:06:18.700	0.83956	0.83961			6
2024.07.15	01:06:19.124		0.83963			4
2024.07.15	01:06:20.161	0.83955	0.83962			6
2024.07.15	01:06:22.562	0.83954				2
2024.07.15	01:06:22.934	0.83955				2
2024.07.15	01:06:24.569	0.83957	0.83963			6
2024.07.15	01:06:25.549	0.83959	0.83964			6
2024.07.15	01:06:31.177	0.83958				2
2024.07.15	01:06:34.433		0.83965			4
2024.07.15	01:06:36.781		0.83964			4
2024.07.15	01:06:37.369	0.83959				2
2024.07.15	01:06:37.674	0.83958				2
2024.07.15	01:06:39.541		0.83965			4
2024.07.15	01:06:39.944	0.83959	0.83964			6
2024.07.15	01:06:40.706	0.83963	0.83970			6
2024.07.15	01:06:41.054	0.83962				2
2024.07.15	01:06:41.708	0.83963				2
2024.07.15	01:06:46.369	0.83962				2
2024.07.15	01:06:47.799	0.83963				2
2024.07.15	01:06:50.455		0.83971			4
2024.07.15	01:06:53.277	0.83961	0.83969			6
2024.07.15	01:06:55.688	0.83960	0.83968			6
2024.07.15	01:06:56.051		0.83967			4
2024.07.15	01:06:56.362	0.83964	0.83971			6
2024.07.15	01:07:00.319	0.83965				2
2024.07.15	01:07:00.833		0.83970			4
2024.07.15	01:07:04.716	0.83964				2
2024.07.15	01:07:05.959	0.83963				2
2024.07.15	01:07:07.549	0.83962				2
2024.07.15	01:07:10.132		0.83969			4
2024.07.15	01:07:12.233		0.83970			4
2024.07.15	01:07:12.629		0.83969			4
2024.07.15	01:07:13.511	0.83963	0.83970			6
2024.07.15	01:07:14.428	0.83964				2
2024.07.15	01:07:15.534	0.83962	0.83969			6
2024.07.15	01:07:20.984	0.83961	0.83972			6
2024.07.15	01:07:21.289		0.83971			4
2024.07.15	01:07:21.670		0.83972			4
2024.07.15	01:07:26.090	0.83963	0.83973			6
2024.07.15	01:07:27.020	0.83967	0.83975			6
2024.07.15	01:07:27.322	0.83966	0.83974			6
2024.07.15	01:07:29.039	0.83965				2
2024.07.15	01:07:31.134	0.83966				2
2024.07.15	01:07:32.166	0.83967	0.83975			6
2024.07.15	01:07:34.149	0.83964	0.83974			6
2024.07.15	01:07:34.492	0.83963	0.83973			6
2024.07.15	01:07:34.811	0.83962	0.83971			6
2024.07.15	01:07:35.477	0.83966	0.83975			6
2024.07.15	01:07:35.908		0.83976			4
2024.07.15	01:07:38.070	0.83968	0.83979			6
2024.07.15	01:07:38.379	0.83967	0.83977			6
2024.07.15	01:07:42.407	0.83969	0.83978			6
2024.07.15	01:07:42.724	0.83967	0.83976			6
2024.07.15	01:07:44.332	0.83966				2
2024.07.15	01:07:46.346	0.83965				2
2024.07.15	01:07:54.534	0.83966				2
2024.07.15	01:07:56.304	0.83965				2
2024.07.15	01:07:57.602	0.83966				2
2024.07.15	01:08:00.233	0.83964	0.83974			6
2024.07.15	01:08:01.132	0.83965				2
2024.07.15	01:08:01.435	0.83966	0.83976			6
2024.07.15	01:08:01.823	0.83967	0.83977			6
2024.07.15	01:08:05.083	0.83961	0.83972			6
2024.07.15	01:08:06.819	0.83959				2
2024.07.15	01:08:07.129		0.83971			4
2024.07.15	01:08:07.433		0.83970			4
2024.07.15	01:08:08.651		0.83971			4
2024.07.15	01:08:10.219	0.83958	0.83970			6
2024.07.15	01:08:12.293	0.83959				2
2024.07.15	01:08:15.887	0.83960				2
2024.07.15	01:08:17.933	0.83961				2
2024.07.15	01:08:23.932		0.83969			4
2024.07.15	01:08:25.181	0.83965	0.83974			6
2024.07.15	01:08:25.691	0.83966	0.83973			6
2024.07.15	01:08:33.567	0.83965	0.83974			6
2024.07.15	01:08:34.887	0.83966				2
2024.07.15	01:08:48.008	0.83965				2
2024.07.15	01:08:48.833		0.83973			4
2024.07.15	01:08:50.264	0.83962	0.83970			6
2024.07.15	01:09:02.633	0.83962				2
2024.07.15	01:09:03.512	0.83961	0.83971			6
2024.07.15	01:09:05.219	0.83959	0.83969			6
2024.07.15	01:09:05.522	0.83960	0.83972			6
2024.07.15	01:09:05.854		0.83971			4
2024.07.15	01:09:07.792	0.83958	0.83970			6
2024.07.15	01:09:08.854	0.83961	0.83972			6
2024.07.15	01:09:09.543		0.83973			4
2024.07.15	01:10:00.113	0.83961	0.83974			6
2024.07.15	01:10:00.487	0.83962				2
2024.07.15	01:10:01.028	0.83964	0.83973			6
2024.07.15	01:10:01.377	0.83966	0.83975			6
2024.07.15	01:10:01.682	0.83968				2
2024.07.15	01:10:02.694	0.83967				2
2024.07.15	01:10:06.394	0.83966	0.83974			6
2024.07.15	01:10:08.092	0.83965				2
2024.07.15	01:10:15.873	0.83966				2
2024.07.15	01:10:20.034	0.83965				2
2024.07.15	01:10:20.348	0.83966	0.83975			6
2024.07.15	01:10:22.206	0.83967				2
2024.07.15	01:10:25.242	0.83966	0.83973			6
2024.07.15	01:10:28.090	0.83965	0.83974			6
2024.07.15	01:10:29.171	0.83966	0.83976			6
2024.07.15	01:10:29.480	0.83965	0.83973			6
2024.07.15	01:10:31.588		0.83974			4
2024.07.15	01:10:34.835	0.83966	0.83973			6
2024.07.15	01:10:35.156	0.83967	0.83975			6
2024.07.15	01:10:36.283	0.83965	0.83974			6
2024.07.15	01:10:39.008	0.83963				2
2024.07.15	01:10:44.554	0.83962	0.83973			6
2024.07.15	01:10:46.723	0.83963	0.83974			6
2024.07.15	01:10:49.732		0.83973			4
2024.07.15	01:11:00.477	0.83963				2
2024.07.15	01:11:01.670		0.83974			4
2024.07.15	01:11:03.832		0.83973			4
2024.07.15	01:11:07.580	0.83964	0.83972			6
2024.07.15	01:11:10.135	0.83963				2
2024.07.15	01:11:10.548		0.83971			4
2024.07.15	01:11:10.901	0.83962				2
2024.07.15	01:11:12.830	0.83961	0.83972			6
2024.07.15	01:11:17.933		0.83973			4
2024.07.15	01:11:18.603	0.83963	0.83971			6
2024.07.15	01:11:19.899	0.83964				2
2024.07.15	01:11:21.540		0.83972			4
2024.07.15	01:11:25.662	0.83965				2
2024.07.15	01:11:29.333	0.83964				2
2024.07.15	01:11:32.052	0.83965	0.83973			6
2024.07.15	01:11:32.411	0.83964				2
2024.07.15	01:11:34.455		0.83972			4
2024.07.15	01:11:39.599	0.83965				2
2024.07.15	01:11:39.912		0.83973			4
2024.07.15	01:11:40.373		0.83972			4
2024.07.15	01:11:45.820		0.83973			4
2024.07.15	01:11:51.227		0.83972			4
2024.07.15	01:11:52.879		0.83973			4
2024.07.15	01:12:05.032	0.83965				2
2024.07.15	01:12:09.833		0.83972			4
2024.07.15	01:12:11.099		0.83973			4
2024.07.15	01:12:11.541	0.83964				2
2024.07.15	01:12:11.933		0.83972			4
2024.07.15	01:12:12.276		0.83973			4
2024.07.15	01:12:16.133		0.83972			4
2024.07.15	01:12:31.927	0.83966	0.83973			6
2024.07.15	01:12:43.432		0.83974			4
2024.07.15	01:12:47.334		0.83973			4
2024.07.15	01:12:49.733		0.83974			4
2024.07.15	01:12:51.441	0.83967				2
2024.07.15	01:12:54.045	0.83966	0.83973			6
2024.07.15	01:12:56.510		0.83974			4
2024.07.15	01:12:57.837		0.83973			4
2024.07.15	01:13:00.794	0.83966				2
2024.07.15	01:13:01.370	0.83964	0.83974			6
2024.07.15	01:13:04.366		0.83972			4
2024.07.15	01:13:11.076		0.83971			4
2024.07.15	01:13:20.210		0.83972			4
2024.07.15	01:13:36.923	0.83962	0.83971			6
2024.07.15	01:13:37.315	0.83963	0.83970			6
2024.07.15	01:13:38.364		0.83971			4
2024.07.15	01:13:39.607		0.83970			4
2024.07.15	01:13:40.317		0.83971			4
2024.07.15	01:13:45.435		0.83970			4
2024.07.15	01:13:46.352	0.83966	0.83972			6
2024.07.15	01:13:47.521	0.83968	0.83975			6
2024.07.15	01:13:49.124		0.83974			4
2024.07.15	01:13:51.850	0.83967				2
2024.07.15	01:13:58.325	0.83968				2
2024.07.15	01:14:01.132	0.83968				2
2024.07.15	01:14:02.421		0.83975			4
2024.07.15	01:14:07.243		0.83974			4
2024.07.15	01:14:17.886	0.83969	0.83975			6
2024.07.15	01:14:22.132	0.83968				2
2024.07.15	01:14:22.754	0.83970	0.83977			6
2024.07.15	01:14:25.105	0.83971	0.83978			6
2024.07.15	01:14:26.846	0.83970	0.83977			6
2024.07.15	01:14:28.343	0.83971				2
2024.07.15	01:14:28.731	0.83970				2
2024.07.15	01:14:29.178		0.83978			4
2024.07.15	01:14:31.180	0.83969	0.83979			6
2024.07.15	01:14:32.761		0.83978			4
2024.07.15	01:14:33.208		0.83977			4
2024.07.15	01:14:34.150	0.83973	0.83985			6
2024.07.15	01:14:34.474		0.83983			4
2024.07.15	01:14:34.816		0.83984			4
2024.07.15	01:14:35.474	0.83974				2
2024.07.15	01:14:37.871	0.83973				2
2024.07.15	01:14:39.301	0.83974	0.83985			6
2024.07.15	01:14:45.171	0.83976	0.83983			6
2024.07.15	01:14:45.902	0.83977	0.83985			6
2024.07.15	01:14:46.714	0.83974				2
2024.07.15	01:14:54.889	0.83976				2
2024.07.15	01:14:56.933	0.83974	0.83984			6
2024.07.15	01:14:59.600	0.83973				2
2024.07.15	01:15:00.382	0.83973				2
2024.07.15	01:15:02.145	0.83972	0.83983			6
2024.07.15	01:15:02.960		0.83984			4
2024.07.15	01:15:03.263		0.83982			4
2024.07.15	01:15:05.016		0.83983			4
2024.07.15	01:15:05.638		0.83984			4
2024.07.15	01:15:06.248		0.83983			4
2024.07.15	01:15:09.560	0.83973	0.83984			6
2024.07.15	01:15:23.636		0.83983			4
2024.07.15	01:15:24.270	0.83974	0.83984			6
2024.07.15	01:15:26.836	0.83973	0.83982			6
2024.07.15	01:15:27.944	0.83972	0.83983			6
2024.07.15	01:15:29.172	0.83974	0.83984			6
2024.07.15	01:15:31.855	0.83973	0.83983			6
2024.07.15	01:15:32.471	0.83974				2
2024.07.15	01:15:33.015	0.83973				2
2024.07.15	01:15:35.413		0.83984			4
2024.07.15	01:15:37.076		0.83983			4
2024.07.15	01:15:40.433	0.83974				2
2024.07.15	01:15:41.780	0.83971	0.83982			6
2024.07.15	01:15:42.317		0.83981			4
2024.07.15	01:15:42.626		0.83979			4
2024.07.15	01:15:43.190	0.83969	0.83978			6
2024.07.15	01:15:48.834		0.83977			4
2024.07.15	01:15:49.141	0.83967	0.83978			6
2024.07.15	01:15:50.235	0.83968				2
2024.07.15	01:15:50.578	0.83969	0.83979			6
2024.07.15	01:15:54.503	0.83968	0.83977			6
2024.07.15	01:15:54.885		0.83978			4
2024.07.15	01:15:55.253		0.83976			4
2024.07.15	01:15:57.283	0.83963				2
2024.07.15	01:16:00.025	0.83963				2
2024.07.15	01:16:01.601		0.83975			4
2024.07.15	01:16:02.656		0.83972			4
2024.07.15	01:16:03.834		0.83973			4
2024.07.15	01:16:08.101	0.83960	0.83971			6
2024.07.15	01:16:10.007	0.83961				2
2024.07.15	01:16:11.919	0.83960				2
2024.07.15	01:16:14.070	0.83961	0.83972			6
2024.07.15	01:16:14.382		0.83971			4
2024.07.15	01:16:15.166	0.83962	0.83972			6
2024.07.15	01:16:15.476		0.83971			4
2024.07.15	01:16:16.211	0.83961				2
2024.07.15	01:16:17.566	0.83962				2
2024.07.15	01:16:19.937	0.83963				2
2024.07.15	01:16:20.281	0.83964				2
2024.07.15	01:16:21.594	0.83962				2
2024.07.15	01:16:28.003	0.83959	0.83972			6
2024.07.15	01:16:30.060	0.83960				2
2024.07.15	01:16:30.834	0.83959				2
2024.07.15	01:16:33.634	0.83962				2
2024.07.15	01:16:33.965	0.83961				2
2024.07.15	01:16:38.667	0.83962	0.83973			6
2024.07.15	01:16:46.559	0.83963				2
2024.07.15	01:16:53.086	0.83960	0.83972			6
2024.07.15	01:16:58.466	0.83961	0.83971			6
2024.07.15	01:17:00.353	0.83961				2
2024.07.15	01:17:00.859	0.83960	0.83972			6
2024.07.15	01:17:07.568	0.83966	0.83975			6
2024.07.15	01:17:07.872		0.83974			4
2024.07.15	01:17:20.761	0.83964	0.83973			6
2024.07.15	01:17:21.321	0.83963				2
2024.07.15	01:17:24.235	0.83965				2
2024.07.15	01:17:24.545		0.83974			4
2024.07.15	01:17:24.911		0.83973			4
2024.07.15	01:17:25.812		0.83975			4
2024.07.15	01:17:26.226		0.83974			4
2024.07.15	01:17:26.916	0.83964				2
2024.07.15	01:17:27.707	0.83961	0.83973			6
2024.07.15	01:17:30.529	0.83963				2
2024.07.15	01:17:31.351	0.83961	0.83972			6
2024.07.15	01:17:34.118		0.83971			4
2024.07.15	01:17:35.479		0.83972			4
2024.07.15	01:17:36.866	0.83966	0.83974			6
2024.07.15	01:17:37.181	0.83965	0.83975			6
2024.07.15	01:17:43.732		0.83974			4
2024.07.15	01:17:46.315		0.83975			4
2024.07.15	01:17:49.312		0.83974			4
2024.07.15	01:17:51.486		0.83975			4
2024.07.15	01:17:52.056	0.83966	0.83973			6
2024.07.15	01:17:52.404	0.83965				2
2024.07.15	01:18:00.479	0.83965				2
2024.07.15	01:18:10.096		0.83972			4
2024.07.15	01:18:10.415	0.83966				2
2024.07.15	01:18:13.132	0.83965	0.83974			6
2024.07.15	01:18:13.445	0.83964	0.83971			6
2024.07.15	01:18:13.763	0.83965	0.83973			6
2024.07.15	01:18:14.147	0.83964				2
2024.07.15	01:18:14.625	0.83965				2
2024.07.15	01:18:15.375	0.83966	0.83975			6
2024.07.15	01:18:16.314		0.83974			4
2024.07.15	01:18:16.775		0.83975			4
2024.07.15	01:18:17.462		0.83974			4
2024.07.15	01:18:17.846		0.83975			4
2024.07.15	01:18:19.142		0.83974			4
2024.07.15	01:18:19.901	0.83967				2
2024.07.15	01:18:20.261		0.83976			4
2024.07.15	01:18:22.133		0.83975			4
2024.07.15	01:18:25.448		0.83973			4
2024.07.15	01:18:25.840		0.83974			4
2024.07.15	01:18:26.345		0.83973			4
2024.07.15	01:18:29.378		0.83974			4
2024.07.15	01:18:30.006	0.83966	0.83975			6
2024.07.15	01:18:30.310	0.83968				2
2024.07.15	01:18:30.673		0.83974			4
2024.07.15	01:18:31.340		0.83976			4
2024.07.15	01:18:32.911	0.83967	0.83975			6
2024.07.15	01:18:33.272	0.83968	0.83974			6
2024.07.15	01:18:36.909	0.83969	0.83975			6
2024.07.15	01:18:37.226	0.83971	0.83978			6
2024.07.15	01:18:37.535	0.83972	0.83980			6
2024.07.15	01:18:40.402	0.83971	0.83979			6
2024.07.15	01:18:45.886		0.83980			4
2024.07.15	01:18:49.339	0.83969				2
2024.07.15	01:18:49.861		0.83978			4
2024.07.15	01:18:52.552		0.83979			4
2024.07.15	01:18:55.133		0.83980			4
2024.07.15	01:18:56.695		0.83979			4
2024.07.15	01:19:00.432	0.83969				2
2024.07.15	01:19:01.413	0.83970				2
2024.07.15	01:19:02.041	0.83971				2
2024.07.15	01:19:02.357		0.83980			4
2024.07.15	01:19:02.693	0.83972				2
2024.07.15	01:19:03.064	0.83971	0.83981			6
2024.07.15	01:19:04.049	0.83972	0.83980			6
2024.07.15	01:19:06.256	0.83971				2
2024.07.15	01:19:06.716		0.83979			4
2024.07.15	01:19:07.277	0.83972	0.83978			6
2024.07.15	01:19:07.969	0.83971				2
2024.07.15	01:19:09.914		0.83980			4
2024.07.15	01:19:12.931	0.83972				2
2024.07.15	01:19:16.347		0.83979			4
2024.07.15	01:19:19.182		0.83980			4
2024.07.15	01:19:21.459	0.83973				2
2024.07.15	01:19:24.160	0.83972	0.83981			6
2024.07.15	01:19:24.563	0.83973	0.83979			6
2024.07.15	01:19:26.590		0.83980			4
2024.07.15	01:19:29.270	0.83974	0.83981			6
2024.07.15	01:19:30.513		0.83980			4
2024.07.15	01:19:34.132		0.83981			4
2024.07.15	01:19:39.525		0.83980			4
2024.07.15	01:19:40.645	0.83971	0.83979			6
2024.07.15	01:19:41.998	0.83970				2
2024.07.15	01:19:42.329	0.83971				2
2024.07.15	01:19:43.965	0.83970				2
2024.07.15	01:19:47.705	0.83972	0.83980			6
2024.07.15	01:19:48.365		0.83979			4
2024.07.15	01:19:49.934	0.83969	0.83978			6
2024.07.15	01:19:50.867		0.83979			4
2024.07.15	01:19:51.606	0.83970				2
2024.07.15	01:19:51.912		0.83978			4
2024.07.15	01:19:52.215		0.83979			4
2024.07.15	01:19:56.719	0.83966	0.83975			6
2024.07.15	01:19:58.345		0.83974			4
2024.07.15	01:19:59.336	0.83967	0.83975			6
2024.07.15	01:20:00.319	0.83967				2
2024.07.15	01:20:01.618		0.83974			4
2024.07.15	01:20:02.206	0.83965				2
2024.07.15	01:20:03.857	0.83967				2
2024.07.15	01:20:04.560	0.83966	0.83976			6
2024.07.15	01:20:04.864	0.83967	0.83975			6
2024.07.15	01:20:06.359	0.83968				2
2024.07.15	01:20:07.357	0.83966	0.83974			6
2024.07.15	01:20:07.786	0.83965				2
2024.07.15	01:20:08.862	0.83966	0.83975			6
2024.07.15	01:20:09.174		0.83973			4
2024.07.15	01:20:09.511	0.83965	0.83974			6
2024.07.15	01:20:10.582	0.83966				2
2024.07.15	01:20:10.896	0.83967				2
2024.07.15	01:20:12.724	0.83965	0.83975			6
2024.07.15	01:20:13.078	0.83964	0.83973			6
2024.07.15	01:20:15.002	0.83963				2
2024.07.15	01:20:15.307	0.83964				2
2024.07.15	01:20:16.183		0.83974			4
2024.07.15	01:20:16.522		0.83975			4
2024.07.15	01:20:17.662	0.83963	0.83974			6
2024.07.15	01:20:17.965	0.83964				2
2024.07.15	01:20:18.364	0.83963	0.83973			6
2024.07.15	01:20:19.532	0.83964				2
2024.07.15	01:20:19.867		0.83974			4
2024.07.15	01:20:20.263	0.83965				2
2024.07.15	01:20:20.973		0.83975			4
2024.07.15	01:20:23.847	0.83967				2
2024.07.15	01:20:26.490	0.83968				2
2024.07.15	01:20:27.261	0.83966				2
2024.07.15	01:20:28.715	0.83968				2
2024.07.15	01:20:29.280		0.83976			4
2024.07.15	01:20:29.582	0.83969	0.83975			6
2024.07.15	01:20:32.230	0.83967	0.83976			6
2024.07.15	01:20:33.062	0.83969				2
2024.07.15	01:20:33.458	0.83967				2
2024.07.15	01:20:33.795		0.83975			4
2024.07.15	01:20:35.252	0.83968				2
2024.07.15	01:20:42.930	0.83967				2
2024.07.15	01:20:44.274	0.83968				2
2024.07.15	01:20:45.485	0.83967				2
2024.07.15	01:20:47.478		0.83976			4
2024.07.15	01:20:47.876		0.83975			4
2024.07.15	01:20:49.250	0.83968				2
2024.07.15	01:20:50.326	0.83967				2
2024.07.15	01:20:53.948	0.83968				2
2024.07.15	01:20:54.909	0.83967				2
2024.07.15	01:20:57.886	0.83968				2
2024.07.15	01:20:59.266	0.83967				2
2024.07.15	01:20:59.605		0.83976			4
2024.07.15	01:21:00.477	0.83966	0.83975			6
2024.07.15	01:21:01.388	0.83965	0.83976			6
2024.07.15	01:21:03.093	0.83967				2
2024.07.15	01:21:03.394	0.83966				2
2024.07.15	01:21:04.463		0.83975			4
2024.07.15	01:21:05.454	0.83965				2
2024.07.15	01:21:06.946	0.83966				2
2024.07.15	01:21:08.829	0.83969	0.83977			6
2024.07.15	01:21:09.145	0.83968	0.83974			6
2024.07.15	01:21:09.469		0.83975			4
2024.07.15	01:21:11.600		0.83974			4
2024.07.15	01:21:13.513		0.83975			4
2024.07.15	01:21:13.860		0.83974			4
2024.07.15	01:21:14.473		0.83975			4
2024.07.15	01:21:16.027	0.83969	0.83974			6
2024.07.15	01:21:16.413	0.83968				2
2024.07.15	01:21:18.235		0.83975			4
2024.07.15	01:21:18.591	0.83969				2
2024.07.15	01:21:20.692	0.83966	0.83974			6
2024.07.15	01:21:21.299	0.83965	0.83975			6
2024.07.15	01:21:23.224	0.83966	0.83976			6
2024.07.15	01:21:23.540		0.83974			4
2024.07.15	01:21:23.921		0.83976			4
2024.07.15	01:21:24.232	0.83967	0.83975			6
2024.07.15	01:21:24.543	0.83965	0.83974			6
2024.07.15	01:21:24.860	0.83967	0.83976			6
2024.07.15	01:21:25.178		0.83975			4
2024.07.15	01:21:26.343		0.83974			4
2024.07.15	01:21:26.656		0.83975			4
2024.07.15	01:21:27.804	0.83966	0.83974			6
2024.07.15	01:21:28.114	0.83968				2
2024.07.15	01:21:31.913	0.83970	0.83977			6
2024.07.15	01:21:32.633	0.83972	0.83978			6
2024.07.15	01:21:33.013		0.83979			4
2024.07.15	01:21:41.997	0.83973				2
2024.07.15	01:21:49.809	0.83972	0.83978			6
2024.07.15	01:21:51.073	0.83970	0.83977			6
2024.07.15	01:21:52.263		0.83978			4
2024.07.15	01:21:56.570	0.83972				2
2024.07.15	01:21:57.171	0.83971				2
2024.07.15	01:21:57.834		0.83976			4
2024.07.15	01:21:58.143	0.83967	0.83975			6
2024.07.15	01:22:00.232	0.83967	0.83974			6
2024.07.15	01:22:02.215	0.83971	0.83977			6
2024.07.15	01:22:06.980		0.83976			4
2024.07.15	01:22:09.842	0.83972	0.83978			6
2024.07.15	01:22:14.034	0.83970				2
2024.07.15	01:22:16.591		0.83979			4
2024.07.15	01:22:17.034		0.83978			4
2024.07.15	01:22:17.826	0.83972				2
2024.07.15	01:22:19.192	0.83973	0.83979			6
2024.07.15	01:22:22.719	0.83972	0.83977			6
2024.07.15	01:22:23.854		0.83978			4
2024.07.15	01:22:25.612		0.83977			4
2024.07.15	01:22:26.674		0.83978			4
2024.07.15	01:22:39.005	0.83971	0.83977			6
2024.07.15	01:22:41.024	0.83972				2
2024.07.15	01:22:44.094	0.83971				2
2024.07.15	01:22:48.791	0.83972				2
2024.07.15	01:22:49.105		0.83976			4
2024.07.15	01:22:51.100		0.83975			4
2024.07.15	01:22:52.252	0.83971				2
2024.07.15	01:22:53.394		0.83976			4
2024.07.15	01:22:54.097		0.83977			4
2024.07.15	01:22:55.376	0.83972	0.83978			6
2024.07.15	01:23:00.416	0.83972				2
2024.07.15	01:23:02.441	0.83973				2
2024.07.15	01:23:02.797	0.83972				2
2024.07.15	01:23:05.444	0.83969	0.83975			6
2024.07.15	01:23:05.799	0.83968				2
2024.07.15	01:23:06.150	0.83969				2
2024.07.15	01:23:07.574	0.83968				2
2024.07.15	01:23:08.238	0.83970	0.83976			6
2024.07.15	01:23:08.585		0.83975			4
2024.07.15	01:23:09.325		0.83976			4
2024.07.15	01:23:10.448		0.83975			4
2024.07.15	01:23:11.356		0.83976			4
2024.07.15	01:23:14.374		0.83975			4
2024.07.15	01:23:17.134		0.83976			4
2024.07.15	01:23:19.436		0.83975			4
2024.07.15	01:23:23.133		0.83976			4
2024.07.15	01:23:30.117		0.83975			4
2024.07.15	01:23:35.634		0.83976			4
2024.07.15	01:23:39.331		0.83975			4
2024.07.15	01:23:40.314	0.83969				2
2024.07.15	01:23:42.108	0.83970				2
2024.07.15	01:23:47.661		0.83974			4
2024.07.15	01:23:53.140	0.83969				2
2024.07.15	01:23:56.414	0.83971	0.83976			6
2024.07.15	01:23:57.338		0.83975			4
2024.07.15	01:23:59.807		0.83974			4
2024.07.15	01:24:00.310	0.83971				2
2024.07.15	01:24:00.786		0.83976			4
2024.07.15	01:24:02.370		0.83975			4
2024.07.15	01:24:07.685	0.83970	0.83976			6
2024.07.15	01:24:10.353		0.83975			4
2024.07.15	01:24:18.749	0.83969	0.83974			6
2024.07.15	01:24:19.562		0.83975			4
2024.07.15	01:24:20.826		0.83974			4
2024.07.15	01:24:28.847	0.83971	0.83976			6
2024.07.15	01:24:29.154	0.83972	0.83977			6
2024.07.15	01:24:30.267	0.83971				2
2024.07.15	01:24:30.919	0.83972				2
2024.07.15	01:24:41.712		0.83978			4
2024.07.15	01:24:43.493		0.83977			4
2024.07.15	01:24:46.673	0.83973				2
2024.07.15	01:24:48.051	0.83972				2
2024.07.15	01:24:48.713	0.83970	0.83975			6
2024.07.15	01:24:49.092		0.83974			4
2024.07.15	01:24:49.396		0.83975			4
2024.07.15	01:24:49.827	0.83971				2
2024.07.15	01:24:50.227		0.83976			4
2024.07.15	01:24:51.571		0.83974			4
2024.07.15	01:24:56.035		0.83975			4
2024.07.15	01:24:56.676	0.83969	0.83974			6
2024.07.15	01:24:59.587	0.83968				2
2024.07.15	01:25:00.599	0.83968	0.83973			6
2024.07.15	01:25:01.418	0.83969				2
2024.07.15	01:25:01.828	0.83970	0.83975			6
2024.07.15	01:25:03.981	0.83971				2
2024.07.15	01:25:35.508		0.83974			4
2024.07.15	01:25:35.938		0.83975			4
2024.07.15	01:25:42.810	0.83970				2
2024.07.15	01:25:49.226	0.83971				2
2024.07.15	01:25:50.280		0.83974			4
2024.07.15	01:25:50.980		0.83975			4
2024.07.15	01:25:54.212		0.83974			4
2024.07.15	01:26:00.086	0.83971				2
2024.07.15	01:26:05.526	0.83970	0.83975			6
2024.07.15	01:26:13.310		0.83974			4
2024.07.15	01:26:15.869		0.83975			4
2024.07.15	01:26:20.126	0.83971	0.83976			6
2024.07.15	01:26:22.772		0.83975			4
2024.07.15	01:26:23.148		0.83974			4
2024.07.15	01:26:23.470		0.83975			4
2024.07.15	01:26:25.568		0.83974			4
2024.07.15	01:26:25.891		0.83976			4
2024.07.15	01:26:31.569		0.83974			4
2024.07.15	01:26:38.803	0.83970	0.83975			6
2024.07.15	01:26:40.036	0.83971				2
2024.07.15	01:26:41.111		0.83974			4
2024.07.15	01:26:41.928	0.83970				2
2024.07.15	01:26:43.308	0.83971	0.83976			6
2024.07.15	01:26:46.134		0.83975			4
2024.07.15	01:26:50.467	0.83972				2
2024.07.15	01:26:56.333		0.83976			4
2024.07.15	01:26:56.633		0.83975			4
2024.07.15	01:26:57.545		0.83976			4
2024.07.15	01:26:58.179	0.83974	0.83978			6
2024.07.15	01:26:59.720		0.83979			4
2024.07.15	01:27:00.162	0.83974	0.83978			6
2024.07.15	01:27:03.870		0.83977			4
2024.07.15	01:27:04.181		0.83978			4
2024.07.15	01:27:07.133		0.83977			4
2024.07.15	01:27:09.052	0.83975				2
2024.07.15	01:27:11.034		0.83978			4
2024.07.15	01:27:11.818		0.83979			4
2024.07.15	01:27:13.016		0.83977			4
2024.07.15	01:27:13.325	0.83974				2
2024.07.15	01:27:14.212	0.83973				2
2024.07.15	01:27:20.033	0.83974	0.83978			6
2024.07.15	01:27:21.493		0.83977			4
2024.07.15	01:27:27.293	0.83972				2
2024.07.15	01:27:27.613		0.83976			4
2024.07.15	01:27:36.254		0.83977			4
2024.07.15	01:27:40.713		0.83976			4
2024.07.15	01:27:49.789	0.83971	0.83975			6
2024.07.15	01:27:50.942	0.83970				2
2024.07.15	01:27:54.287	0.83968	0.83972			6
2024.07.15	01:27:54.944		0.83973			4
2024.07.15	01:27:55.247	0.83969	0.83972			6
2024.07.15	01:27:55.949		0.83973			4
2024.07.15	01:27:58.633		0.83974			4
2024.07.15	01:27:59.063		0.83973			4
2024.07.15	01:28:00.546	0.83969				2
2024.07.15	01:28:07.524	0.83970				2
2024.07.15	01:28:13.560	0.83969				2
2024.07.15	01:28:13.862	0.83970	0.83974			6
2024.07.15	01:28:14.177		0.83973			4
2024.07.15	01:28:16.789		0.83974			4
2024.07.15	01:28:18.703		0.83973			4
2024.07.15	01:28:19.605	0.83969	0.83972			6
2024.07.15	01:28:19.913	0.83970				2
2024.07.15	01:28:21.239		0.83974			4
2024.07.15	01:28:21.665	0.83969				2
2024.07.15	01:28:22.480		0.83973			4
2024.07.15	01:28:26.335	0.83968	0.83972			6
2024.07.15	01:28:26.636	0.83969	0.83973			6
2024.07.15	01:28:36.854	0.83968	0.83972			6
2024.07.15	01:28:41.127		0.83973			4
2024.07.15	01:28:42.901		0.83972			4
2024.07.15	01:28:46.032	0.83966	0.83970			6
2024.07.15	01:28:50.463		0.83969			4
2024.07.15	01:28:51.084		0.83968			4
2024.07.15	01:28:53.866		0.83970			4
2024.07.15	01:28:54.174	0.83965	0.83969			6
2024.07.15	01:28:54.551	0.83964				2
2024.07.15	01:28:56.055		0.83968			4
2024.07.15	01:28:56.769		0.83969			4
2024.07.15	01:28:58.213		0.83968			4
2024.07.15	01:29:00.852	0.83964				2
2024.07.15	01:29:09.232	0.83965				2
2024.07.15	01:29:09.588		0.83969			4
2024.07.15	01:29:13.133		0.83968			4
2024.07.15	01:29:15.670	0.83964				2
2024.07.15	01:29:16.845		0.83967			4
2024.07.15	01:29:19.755		0.83968			4
2024.07.15	01:29:20.063		0.83967			4
2024.07.15	01:29:27.419		0.83968			4
2024.07.15	01:29:30.361		0.83969			4
2024.07.15	01:29:32.775		0.83968			4
2024.07.15	01:29:38.732		0.83969			4
2024.07.15	01:29:40.353		0.83968			4
2024.07.15	01:29:45.702		0.83967			4
2024.07.15	01:29:56.608	0.83965	0.83969			6
2024.07.15	01:29:56.922		0.83967			4
2024.07.15	01:29:57.244	0.83966	0.83969			6
2024.07.15	01:29:57.939	0.83964	0.83967			6
2024.07.15	01:29:58.612		0.83968			4
2024.07.15	01:30:00.402	0.83964	0.83967			6
2024.07.15	01:30:01.166	0.83963				2
2024.07.15	01:30:01.502	0.83960	0.83964			6
2024.07.15	01:30:02.406	0.83963	0.83967			6
2024.07.15	01:30:02.962	0.83964				2
2024.07.15	01:30:03.977	0.83963				2
2024.07.15	01:30:04.284	0.83964				2
2024.07.15	01:30:06.257	0.83963				2
2024.07.15	01:30:08.757		0.83968			4
2024.07.15	01:30:10.707		0.83967			4
2024.07.15	01:30:15.346	0.83958	0.83963			6
2024.07.15	01:30:15.700		0.83962			4
2024.07.15	01:30:16.705	0.83957				2
2024.07.15	01:30:20.671	0.83958	0.83959			6
2024.07.15	01:30:21.712	0.83960	0.83961			6
2024.07.15	01:30:25.680	0.83959	0.83960			6
2024.07.15	01:30:28.412	0.83952	0.83954			6
2024.07.15	01:30:28.724	0.83948	0.83949			6
2024.07.15	01:30:29.048	0.83951	0.83955			6
2024.07.15	01:30:29.377		0.83954			4
2024.07.15	01:30:29.695	0.83952				2
2024.07.15	01:30:30.363	0.83953	0.83956			6
2024.07.15	01:30:31.519		0.83957			4
2024.07.15	01:30:32.282		0.83956			4
2024.07.15	01:30:35.295	0.83952				2
2024.07.15	01:30:35.682	0.83954	0.83957			6
2024.07.15	01:30:40.708	0.83955				2
2024.07.15	01:30:41.028		0.83958			4
2024.07.15	01:30:41.361	0.83954	0.83957			6
2024.07.15	01:30:41.687	0.83953				2
2024.07.15	01:30:42.318	0.83954				2
2024.07.15	01:30:52.411		0.83958			4
2024.07.15	01:30:52.720	0.83955	0.83959			6
2024.07.15	01:30:54.106	0.83957				2
2024.07.15	01:30:57.343	0.83956	0.83958			6
2024.07.15	01:30:57.644	0.83954				2
2024.07.15	01:30:59.055	0.83955				2
2024.07.15	01:31:00.418	0.83957	0.83960			6
2024.07.15	01:31:01.290		0.83961			4
2024.07.15	01:31:01.885	0.83958				2
2024.07.15	01:31:02.679	0.83957				2
2024.07.15	01:31:03.313		0.83960			4
2024.07.15	01:31:04.073		0.83958			4
2024.07.15	01:31:04.572	0.83958	0.83959			6
2024.07.15	01:31:04.957	0.83955	0.83956			6
2024.07.15	01:31:14.506	0.83954	0.83955			6
2024.07.15	01:31:15.328	0.83955	0.83956			6
2024.07.15	01:31:16.839	0.83954	0.83955			6
2024.07.15	01:31:18.427	0.83952	0.83954			6
2024.07.15	01:31:22.562		0.83953			4
2024.07.15	01:31:30.414	0.83951				2
2024.07.15	01:31:30.723	0.83952				2
2024.07.15	01:31:34.205	0.83954	0.83955			6
2024.07.15	01:31:35.225	0.83955	0.83956			6
2024.07.15	01:31:59.441	0.83956	0.83957			6
2024.07.15	01:31:59.752	0.83957	0.83958			6
2024.07.15	01:32:00.509	0.83957				2
2024.07.15	01:32:01.394	0.83955	0.83956			6
2024.07.15	01:32:07.609	0.83953	0.83954			6
2024.07.15	01:32:08.946	0.83956	0.83957			6
2024.07.15	01:32:09.264	0.83955	0.83956			6
2024.07.15	01:32:13.516	0.83958	0.83959			6
2024.07.15	01:32:20.867	0.83957	0.83958			6
2024.07.15	01:32:25.067	0.83958	0.83959			6
2024.07.15	01:32:27.999	0.83960	0.83961			6
2024.07.15	01:32:28.498	0.83959	0.83960			6
2024.07.15	01:32:29.212	0.83960	0.83961			6
2024.07.15	01:32:30.387	0.83959	0.83960			6
2024.07.15	01:32:47.221	0.83961	0.83962			6
2024.07.15	01:32:47.989	0.83959	0.83960			6
2024.07.15	01:32:59.941	0.83960	0.83961			6
2024.07.15	01:33:00.437	0.83960				2
2024.07.15	01:33:11.277	0.83959	0.83960			6
2024.07.15	01:33:11.639	0.83960	0.83961			6
2024.07.15	01:33:12.240	0.83959	0.83960			6
2024.07.15	01:33:12.791	0.83960	0.83961			6
2024.07.15	01:33:14.625	0.83961	0.83962			6
2024.07.15	01:33:16.240	0.83959	0.83960			6
2024.07.15	01:33:16.635	0.83958	0.83959			6
2024.07.15	01:33:20.799		0.83960			4
2024.07.15	01:33:21.330	0.83959				2
2024.07.15	01:33:22.660	0.83960	0.83961			6
2024.07.15	01:33:32.361	0.83961	0.83962			6
2024.07.15	01:33:34.849	0.83962	0.83963			6
2024.07.15	01:33:35.378		0.83964			4
2024.07.15	01:33:36.757	0.83963				2
2024.07.15	01:33:39.972	0.83962				2
2024.07.15	01:33:40.454	0.83963				2
2024.07.15	01:33:49.205		0.83965			4
2024.07.15	01:33:49.517	0.83964				2
2024.07.15	01:33:54.536	0.83963	0.83964			6
2024.07.15	01:34:00.114	0.83963				2
2024.07.15	01:34:06.227	0.83962	0.83963			6
2024.07.15	01:34:07.481	0.83961	0.83962			6
2024.07.15	01:34:10.624		0.83965			4
2024.07.15	01:34:15.537		0.83963			4
2024.07.15	01:34:43.432	0.83960				2
2024.07.15	01:34:51.343	0.83961				2
2024.07.15	01:34:56.402	0.83960				2
2024.07.15	01:34:56.706	0.83961				2
2024.07.15	01:35:00.224	0.83961				2
2024.07.15	01:35:07.851		0.83964			4
2024.07.15	01:35:08.160		0.83963			4
2024.07.15	01:35:12.003	0.83963	0.83966			6
2024.07.15	01:35:15.699	0.83964				2
2024.07.15	01:35:16.023		0.83967			4
2024.07.15	01:35:17.381		0.83966			4
2024.07.15	01:35:21.727		0.83967			4
2024.07.15	01:35:35.632		0.83966			4
2024.07.15	01:35:39.990	0.83963				2
2024.07.15	01:35:47.336	0.83959	0.83962			6
2024.07.15	01:35:47.660	0.83960	0.83963			6
2024.07.15	01:35:48.363	0.83959				2
2024.07.15	01:35:51.062	0.83960				2
2024.07.15	01:35:54.393	0.83958	0.83960			6
2024.07.15	01:35:54.946	0.83957				2
2024.07.15	01:35:55.252	0.83958	0.83961			6
2024.07.15	01:35:55.675	0.83959				2
2024.07.15	01:36:00.264	0.83961	0.83962			6
2024.07.15	01:36:01.280	0.83960	0.83961			6
2024.07.15	01:36:01.783	0.83958				2
2024.07.15	01:36:02.765	0.83957				2
2024.07.15	01:36:03.130	0.83958				2
2024.07.15	01:36:04.247	0.83959				2
2024.07.15	01:36:07.752	0.83958				2
2024.07.15	01:36:11.420	0.83959				2
2024.07.15	01:36:25.103	0.83958				2
2024.07.15	01:36:26.304	0.83960				2
2024.07.15	01:36:27.377		0.83962			4
2024.07.15	01:36:36.257		0.83961			4
2024.07.15	01:36:39.492		0.83962			4
2024.07.15	01:36:40.117	0.83959				2
2024.07.15	01:36:40.426	0.83960				2
2024.07.15	01:36:41.462		0.83961			4
2024.07.15	01:36:41.822		0.83962			4
2024.07.15	01:36:48.752	0.83956	0.83961			6
2024.07.15	01:37:00.027	0.83956				2
2024.07.15	01:37:00.713	0.83957				2
2024.07.15	01:37:03.539	0.83958				2
2024.07.15	01:37:05.109	0.83959				2
2024.07.15	01:37:05.779	0.83957				2
2024.07.15	01:37:07.516	0.83956				2
2024.07.15	01:37:09.340	0.83953	0.83959			6
2024.07.15	01:37:09.660	0.83954				2
2024.07.15	01:37:10.196	0.83953	0.83957			6
2024.07.15	01:37:12.845	0.83952	0.83954			6
2024.07.15	01:37:13.200	0.83951				2
2024.07.15	01:37:13.575		0.83953			4
2024.07.15	01:37:13.883		0.83954			4
2024.07.15	01:37:14.619	0.83952				2
2024.07.15	01:37:15.231	0.83951	0.83953			6
2024.07.15	01:37:18.483		0.83954			4
2024.07.15	01:37:19.764		0.83953			4
2024.07.15	01:37:22.846		0.83954			4
2024.07.15	01:37:23.239	0.83952				2
2024.07.15	01:37:33.636		0.83955			4
2024.07.15	01:37:36.117	0.83953				2
2024.07.15	01:37:37.081		0.83956			4
2024.07.15	01:37:38.489		0.83955			4
2024.07.15	01:37:39.158	0.83952	0.83953			6
2024.07.15	01:37:42.840	0.83953	0.83954			6
2024.07.15	01:38:00.017	0.83953				2
2024.07.15	01:38:01.082	0.83952	0.83953			6
2024.07.15	01:38:06.376	0.83951	0.83952			6
2024.07.15	01:38:06.925	0.83952	0.83953			6
2024.07.15	01:38:10.865	0.83951	0.83952			6
2024.07.15	01:38:17.109	0.83952	0.83953			6
2024.07.15	01:38:22.733	0.83951	0.83952			6
2024.07.15	01:38:24.380	0.83952	0.83953			6
2024.07.15	01:38:24.717	0.83951	0.83952			6
2024.07.15	01:38:37.065	0.83950	0.83951			6
2024.07.15	01:38:47.080		0.83952			4
2024.07.15	01:38:48.425		0.83951			4
2024.07.15	01:38:50.374		0.83952			4
2024.07.15	01:38:50.838		0.83951			4
2024.07.15	01:38:51.144	0.83949				2
2024.07.15	01:38:55.164	0.83950				2
2024.07.15	01:38:55.487	0.83951	0.83952			6
2024.07.15	01:39:00.308	0.83951				2
2024.07.15	01:39:02.018	0.83953	0.83954			6
2024.07.15	01:39:02.324	0.83954	0.83955			6
2024.07.15	01:39:02.719	0.83953	0.83954			6
2024.07.15	01:39:05.616	0.83952				2
2024.07.15	01:39:06.637	0.83953				2
2024.07.15	01:39:23.267	0.83954	0.83955			6
2024.07.15	01:39:26.339	0.83953	0.83954			6
2024.07.15	01:39:27.608		0.83955			4
2024.07.15	01:39:28.098	0.83952	0.83954			6
2024.07.15	01:39:28.461	0.83953				2
2024.07.15	01:39:28.899		0.83955			4
2024.07.15	01:39:29.564		0.83954			4
2024.07.15	01:39:32.033	0.83952				2
2024.07.15	01:39:39.164	0.83953	0.83955			6
2024.07.15	01:39:40.752		0.83954			4
2024.07.15	01:39:47.812	0.83954	0.83955			6
2024.07.15	01:39:54.783		0.83956			4
2024.07.15	01:39:55.891		0.83955			4
2024.07.15	01:40:00.440	0.83954				2
2024.07.15	01:40:02.341	0.83955	0.83956			6
2024.07.15	01:40:02.643		0.83957			4
2024.07.15	01:40:03.502	0.83956	0.83958			6
2024.07.15	01:40:03.813	0.83957				2
2024.07.15	01:40:04.120	0.83955	0.83959			6
2024.07.15	01:40:04.539	0.83956	0.83960			6
2024.07.15	01:40:09.489		0.83959			4
2024.07.15	01:40:10.012		0.83960			4
2024.07.15	01:40:11.374	0.83958				2
2024.07.15	01:40:12.367		0.83959			4
2024.07.15	01:40:12.929		0.83960			4
2024.07.15	01:40:15.217	0.83959				2
2024.07.15	01:40:18.225	0.83958				2
2024.07.15	01:40:22.927	0.83957				2
2024.07.15	01:40:23.604		0.83959			4
2024.07.15	01:40:24.509		0.83960			4
2024.07.15	01:40:26.355	0.83958				2
2024.07.15	01:40:30.183	0.83957				2
2024.07.15	01:40:42.904		0.83959			4
2024.07.15	01:40:44.703		0.83960			4
2024.07.15	01:40:53.360	0.83956	0.83961			6
2024.07.15	01:40:59.260		0.83960			4
2024.07.15	01:40:59.612	0.83957				2
2024.07.15	01:41:00.052	0.83956				2
2024.07.15	01:41:06.130	0.83958	0.83959			6
2024.07.15	01:41:06.934	0.83956	0.83961			6
2024.07.15	01:41:07.862	0.83958	0.83959			6
2024.07.15	01:41:11.935		0.83960			4
2024.07.15	01:41:15.910	0.83959				2
2024.07.15	01:41:18.046	0.83958				2
2024.07.15	01:41:23.346	0.83962	0.83964			6
2024.07.15	01:41:40.857		0.83963			4
2024.07.15	01:41:41.863	0.83961				2
2024.07.15	01:41:42.473	0.83962				2
2024.07.15	01:41:45.526	0.83961				2
2024.07.15	01:41:51.538	0.83962	0.83964			6
2024.07.15	01:41:53.151		0.83963			4
2024.07.15	01:42:00.211	0.83962				2
2024.07.15	01:42:00.892	0.83961				2
2024.07.15	01:42:10.160	0.83956	0.83962			6
2024.07.15	01:42:15.363	0.83958	0.83960			6
2024.07.15	01:42:19.333	0.83957				2
2024.07.15	01:42:29.821	0.83959	0.83961			6
2024.07.15	01:42:30.305		0.83962			4
2024.07.15	01:42:31.824	0.83957	0.83961			6
2024.07.15	01:42:32.145	0.83956	0.83962			6
2024.07.15	01:42:33.306		0.83960			4
2024.07.15	01:42:33.692		0.83962			4
2024.07.15	01:42:37.432		0.83963			4
2024.07.15	01:42:38.087	0.83959	0.83960			6
2024.07.15	01:42:38.397	0.83958	0.83963			6
2024.07.15	01:42:47.197		0.83962			4
2024.07.15	01:42:53.489	0.83959	0.83960			6
2024.07.15	01:42:53.826	0.83960	0.83962			6
2024.07.15	01:42:55.365		0.83961			4
2024.07.15	01:42:56.167	0.83961	0.83963			6
2024.07.15	01:43:00.061	0.83961				2
2024.07.15	01:43:13.983		0.83962			4
2024.07.15	01:43:16.055		0.83963			4
2024.07.15	01:43:22.328	0.83962				2
2024.07.15	01:43:30.401		0.83964			4
2024.07.15	01:43:40.017		0.83963			4
2024.07.15	01:43:47.015		0.83964			4
2024.07.15	01:43:47.761		0.83963			4
2024.07.15	01:43:52.365	0.83963	0.83964			6
2024.07.15	01:43:52.726	0.83962	0.83963			6
2024.07.15	01:43:57.496	0.83963	0.83964			6
2024.07.15	01:43:57.805	0.83962	0.83963			6
2024.07.15	01:44:00.161	0.83962				2
2024.07.15	01:44:04.137	0.83963	0.83964			6
2024.07.15	01:44:09.124	0.83965	0.83966			6
2024.07.15	01:44:21.834	0.83964	0.83965			6
2024.07.15	01:44:39.311		0.83966			4
2024.07.15	01:44:40.751	0.83963	0.83965			6
2024.07.15	01:44:41.852		0.83964			4
2024.07.15	01:44:43.220	0.83964	0.83965			6
2024.07.15	01:44:43.562	0.83963	0.83964			6
2024.07.15	01:44:46.352	0.83964	0.83965			6
2024.07.15	01:44:47.786	0.83963	0.83964			6
2024.07.15	01:44:52.630	0.83962	0.83963			6
2024.07.15	01:45:00.516	0.83962				2
2024.07.15	01:45:04.106	0.83963	0.83964			6
2024.07.15	01:45:04.769	0.83965	0.83966			6
2024.07.15	01:45:05.069	0.83963	0.83964			6
2024.07.15	01:45:06.331	0.83964	0.83965			6
2024.07.15	01:45:08.470	0.83963	0.83964			6
2024.07.15	01:45:14.266	0.83964	0.83965			6
2024.07.15	01:45:14.896	0.83965	0.83966			6
2024.07.15	01:45:22.210	0.83963	0.83964			6
2024.07.15	01:45:24.312	0.83964	0.83965			6
2024.07.15	01:45:27.373	0.83963	0.83964			6
2024.07.15	01:45:29.405	0.83964	0.83965			6
2024.07.15	01:45:41.701		0.83966			4
2024.07.15	01:45:42.099		0.83965			4
2024.07.15	01:45:44.151	0.83963				2
2024.07.15	01:45:46.341	0.83964	0.83966			6
2024.07.15	01:45:54.726	0.83963	0.83965			6
2024.07.15	01:45:55.557	0.83964	0.83966			6
2024.07.15	01:45:58.198		0.83965			4
2024.07.15	01:45:58.701	0.83965	0.83966			6
2024.07.15	01:46:00.460	0.83965				2
2024.07.15	01:46:05.226	0.83964				2
2024.07.15	01:46:12.700	0.83965				2
2024.07.15	01:46:14.744	0.83964				2
2024.07.15	01:46:20.744		0.83965			4
2024.07.15	01:46:21.851		0.83966			4
2024.07.15	01:46:24.442		0.83965			4
2024.07.15	01:46:25.091		0.83967			4
2024.07.15	01:46:25.528		0.83968			4
2024.07.15	01:46:27.312	0.83965	0.83966			6
2024.07.15	01:46:29.514	0.83964	0.83968			6
2024.07.15	01:46:29.823	0.83965				2
2024.07.15	01:46:30.362		0.83966			4
2024.07.15	01:46:37.520		0.83967			4
2024.07.15	01:46:38.625		0.83968			4
2024.07.15	01:46:45.013		0.83966			4
2024.07.15	01:47:00.431	0.83964	0.83967			6
2024.07.15	01:47:05.479		0.83968			4
2024.07.15	01:47:11.889	0.83963				2
2024.07.15	01:47:12.263	0.83965				2
2024.07.15	01:47:17.424		0.83967			4
2024.07.15	01:47:18.019	0.83966	0.83968			6
2024.07.15	01:47:21.081		0.83967			4
2024.07.15	01:47:22.084	0.83965				2
2024.07.15	01:47:25.129		0.83966			4
2024.07.15	01:47:27.934	0.83964				2
2024.07.15	01:47:29.487	0.83966	0.83967			6
2024.07.15	01:47:33.326		0.83968			4
2024.07.15	01:47:46.212	0.83967				2
2024.07.15	01:47:48.412	0.83966	0.83969			6
2024.07.15	01:47:48.812		0.83967			4
2024.07.15	01:47:51.263	0.83967	0.83968			6
2024.07.15	01:47:54.440	0.83968	0.83969			6
2024.07.15	01:47:55.284	0.83967				2
2024.07.15	01:48:00.141	0.83967				2
2024.07.15	01:48:00.454	0.83968				2
2024.07.15	01:48:01.444		0.83970			4
2024.07.15	01:48:03.605	0.83967				2
2024.07.15	01:48:06.792	0.83968				2
2024.07.15	01:48:07.224		0.83971			4
2024.07.15	01:48:09.925	0.83969	0.83970			6
2024.07.15	01:48:13.182	0.83967	0.83969			6
2024.07.15	01:48:13.502	0.83965	0.83967			6
2024.07.15	01:48:16.549	0.83963	0.83966			6
2024.07.15	01:48:26.240	0.83962	0.83967			6
2024.07.15	01:48:30.235	0.83963				2
2024.07.15	01:48:30.804	0.83962				2
2024.07.15	01:48:34.012	0.83964	0.83966			6
2024.07.15	01:48:37.112	0.83962	0.83967			6
2024.07.15	01:48:37.635	0.83963	0.83965			6
2024.07.15	01:48:38.835	0.83962	0.83966			6
2024.07.15	01:48:39.191	0.83963				2
2024.07.15	01:48:39.997	0.83962				2
2024.07.15	01:48:40.308	0.83961	0.83967			6
2024.07.15	01:48:41.092		0.83966			4
2024.07.15	01:48:46.940	0.83962	0.83968			6
2024.07.15	01:48:47.386		0.83967			4
2024.07.15	01:48:48.692		0.83968			4
2024.07.15	01:48:48.999		0.83967			4
2024.07.15	01:48:49.306		0.83966			4
2024.07.15	01:48:50.400	0.83961				2
2024.07.15	01:48:51.418		0.83967			4
2024.07.15	01:48:52.431	0.83962	0.83966			6
2024.07.15	01:48:53.250	0.83961	0.83967			6
2024.07.15	01:48:53.999	0.83963				2
2024.07.15	01:48:55.479	0.83964	0.83969			6
2024.07.15	01:48:56.472	0.83965	0.83968			6
2024.07.15	01:48:58.602		0.83967			4
2024.07.15	01:49:00.194	0.83964				2
2024.07.15	01:49:02.145	0.83966				2
2024.07.15	01:49:04.007	0.83965	0.83970			6
2024.07.15	01:49:05.954	0.83966	0.83968			6
2024.07.15	01:49:06.564	0.83967	0.83969			6
2024.07.15	01:49:09.707		0.83968			4
2024.07.15	01:49:10.598		0.83969			4
2024.07.15	01:49:12.818		0.83968			4
2024.07.15	01:49:13.754		0.83969			4
2024.07.15	01:49:14.819		0.83968			4
2024.07.15	01:49:15.124	0.83966				2
2024.07.15	01:49:15.831	0.83967				2
2024.07.15	01:49:23.481		0.83969			4
2024.07.15	01:49:23.783	0.83968				2
2024.07.15	01:49:27.238		0.83970			4
2024.07.15	01:49:32.462	0.83969				2
2024.07.15	01:49:33.612	0.83968				2
2024.07.15	01:49:35.676		0.83969			4
2024.07.15	01:49:44.026	0.83966	0.83967			6
2024.07.15	01:49:58.636	0.83967	0.83968			6
2024.07.15	01:50:00.350	0.83967				2
2024.07.15	01:50:03.230	0.83966	0.83967			6
2024.07.15	01:50:29.711		0.83968			4
2024.07.15	01:50:51.684		0.83967			4
2024.07.15	01:50:55.367	0.83965				2
2024.07.15	01:50:56.009	0.83966				2
2024.07.15	01:51:00.121	0.83965	0.83966			6
2024.07.15	01:51:00.426	0.83966	0.83967			6
2024.07.15	01:51:07.180	0.83963				2
2024.07.15	01:51:10.155		0.83966			4
2024.07.15	01:51:10.856	0.83962	0.83967			6
2024.07.15	01:51:15.791	0.83964	0.83965			6
2024.07.15	01:51:16.142	0.83962	0.83967			6
2024.07.15	01:51:20.665	0.83964	0.83965			6
2024.07.15	01:51:23.143	0.83965	0.83966			6
2024.07.15	01:51:23.520	0.83964	0.83967			6
2024.07.15	01:51:26.987		0.83965			4
2024.07.15	01:51:31.339		0.83966			4
2024.07.15	01:51:40.556		0.83967			4
2024.07.15	01:51:44.817	0.83963				2
2024.07.15	01:51:49.224	0.83960				2
2024.07.15	01:51:49.608	0.83961	0.83966			6
2024.07.15	01:52:00.187	0.83963	0.83965			6
2024.07.15	01:52:00.506	0.83958	0.83966			6
2024.07.15	01:52:00.852	0.83959				2
2024.07.15	01:52:02.491		0.83965			4
2024.07.15	01:52:04.061	0.83958				2
2024.07.15	01:52:04.832		0.83966			4
2024.07.15	01:52:09.647	0.83959				2
2024.07.15	01:52:15.034	0.83960	0.83964			6
2024.07.15	01:52:19.664	0.83961	0.83967			6
2024.07.15	01:52:23.696	0.83960				2
2024.07.15	01:52:24.041	0.83961				2
2024.07.15	01:52:26.047		0.83966			4
2024.07.15	01:52:26.347	0.83959	0.83967			6
2024.07.15	01:52:26.662		0.83966			4
2024.07.15	01:52:28.374	0.83958				2
2024.07.15	01:52:34.170	0.83959	0.83967			6
2024.07.15	01:52:35.764	0.83958	0.83966			6
2024.07.15	01:52:40.027		0.83967			4
2024.07.15	01:52:43.382	0.83959				2
2024.07.15	01:52:45.019	0.83958	0.83966			6
2024.07.15	01:52:45.786	0.83959	0.83967			6
2024.07.15	01:52:51.986	0.83958	0.83966			6
2024.07.15	01:52:57.335	0.83959	0.83967			6
2024.07.15	01:52:57.940	0.83960	0.83966			6
2024.07.15	01:53:00.321	0.83961	0.83967			6
2024.07.15	01:53:01.441		0.83965			4
2024.07.15	01:53:03.012	0.83962	0.83966			6
2024.07.15	01:53:03.372	0.83960	0.83967			6
2024.07.15	01:53:03.675	0.83959				2
2024.07.15	01:53:08.646		0.83966			4
2024.07.15	01:53:12.456	0.83964				2
2024.07.15	01:53:13.532	0.83962				2
2024.07.15	01:53:14.349	0.83964	0.83965			6
2024.07.15	01:53:18.107	0.83962	0.83966			6
2024.07.15	01:53:18.512	0.83963	0.83967			6
2024.07.15	01:53:21.298		0.83966			4
2024.07.15	01:53:37.913	0.83962	0.83965			6
2024.07.15	01:53:42.466	0.83963				2
2024.07.15	01:53:45.918	0.83964				2
2024.07.15	01:53:47.893	0.83962	0.83966			6
2024.07.15	01:53:49.486	0.83961	0.83967			6
2024.07.15	01:53:52.910	0.83962	0.83966			6
2024.07.15	01:53:56.572	0.83961	0.83967			6
2024.07.15	01:53:57.780	0.83962	0.83966			6
2024.07.15	01:53:58.762	0.83961	0.83967			6
2024.07.15	01:54:00.157	0.83961				2
2024.07.15	01:54:00.469	0.83962	0.83966			6
2024.07.15	01:54:02.990	0.83961	0.83967			6
2024.07.15	01:54:03.646	0.83962	0.83966			6
2024.07.15	01:54:06.212	0.83961	0.83967			6
2024.07.15	01:54:12.825	0.83962	0.83966			6
2024.07.15	01:54:13.141	0.83961	0.83967			6
2024.07.15	01:54:21.566	0.83962				2
2024.07.15	01:54:22.610	0.83964	0.83965			6
2024.07.15	01:54:23.427	0.83962	0.83966			6
2024.07.15	01:54:25.689	0.83964	0.83965			6
2024.07.15	01:54:32.812	0.83963	0.83966			6
2024.07.15	01:54:33.117	0.83964	0.83965			6
2024.07.15	01:54:33.439	0.83963	0.83966			6
2024.07.15	01:54:33.740	0.83964	0.83965			6
2024.07.15	01:54:34.758	0.83963	0.83966			6
2024.07.15	01:54:35.126	0.83964	0.83965			6
2024.07.15	01:54:36.674	0.83962	0.83966			6
2024.07.15	01:54:42.163	0.83961	0.83967			6
2024.07.15	01:54:42.526		0.83966			4
2024.07.15	01:54:50.398	0.83962				2
2024.07.15	01:54:50.707	0.83961				2
2024.07.15	01:54:56.477	0.83963	0.83965			6
2024.07.15	01:54:59.956	0.83964	0.83966			6
2024.07.15	01:55:00.450	0.83964				2
2024.07.15	01:55:05.945	0.83965				2
2024.07.15	01:55:07.157	0.83964				2
2024.07.15	01:55:08.528	0.83967	0.83968			6
2024.07.15	01:55:09.593	0.83965				2
2024.07.15	01:55:15.562	0.83966	0.83967			6
2024.07.15	01:55:15.871	0.83967	0.83968			6
2024.07.15	01:55:26.912	0.83966	0.83967			6
2024.07.15	01:55:27.222	0.83967	0.83968			6
2024.07.15	01:55:38.486	0.83966				2
2024.07.15	01:55:38.921	0.83967				2
2024.07.15	01:55:39.959	0.83966	0.83967			6
2024.07.15	01:55:44.114	0.83965				2
2024.07.15	01:55:44.472	0.83964	0.83968			6
2024.07.15	01:55:55.260		0.83967			4
2024.07.15	01:55:56.043	0.83965				2
2024.07.15	01:56:00.516	0.83966	0.83968			6
2024.07.15	01:56:07.331	0.83965	0.83969			6
2024.07.15	01:56:08.114		0.83967			4
2024.07.15	01:56:09.923		0.83969			4
2024.07.15	01:56:11.415		0.83967			4
2024.07.15	01:56:14.092	0.83966				2
2024.07.15	01:56:18.570	0.83965	0.83966			6
2024.07.15	01:56:27.799	0.83966	0.83967			6
2024.07.15	01:56:30.382	0.83967	0.83968			6
2024.07.15	01:56:33.110	0.83966	0.83967			6
2024.07.15	01:56:43.676	0.83967	0.83968			6
2024.07.15	01:56:45.001	0.83965	0.83966			6
2024.07.15	01:56:45.305	0.83966	0.83967			6
2024.07.15	01:56:47.264	0.83962	0.83966			6
2024.07.15	01:56:48.265	0.83963	0.83965			6
2024.07.15	01:56:49.247	0.83964				2
2024.07.15	01:56:53.072	0.83965	0.83966			6
2024.07.15	01:56:54.443	0.83964				2
2024.07.15	01:56:54.786	0.83962				2
2024.07.15	01:56:56.569		0.83964			4
2024.07.15	01:56:57.616	0.83963				2
2024.07.15	01:56:58.417		0.83965			4
2024.07.15	01:56:58.723	0.83962	0.83966			6
2024.07.15	01:57:00.441	0.83963	0.83964			6
2024.07.15	01:57:04.500	0.83962				2
2024.07.15	01:57:04.865	0.83964	0.83965			6
2024.07.15	01:57:06.400	0.83958	0.83966			6
2024.07.15	01:57:06.704		0.83967			4
2024.07.15	01:57:07.380	0.83960				2
2024.07.15	01:57:07.696	0.83959				2
2024.07.15	01:57:08.156	0.83960				2
2024.07.15	01:57:15.678	0.83959				2
2024.07.15	01:57:15.986	0.83960	0.83966			6
2024.07.15	01:57:16.664		0.83965			4
2024.07.15	01:57:17.001		0.83967			4
2024.07.15	01:57:18.897		0.83966			4
2024.07.15	01:57:19.346	0.83961	0.83965			6
2024.07.15	01:57:25.835		0.83967			4
2024.07.15	01:57:27.195		0.83966			4
2024.07.15	01:57:29.277	0.83962				2
2024.07.15	01:57:30.513	0.83961				2
2024.07.15	01:57:30.921	0.83962				2
2024.07.15	01:57:32.063	0.83961	0.83967			6
2024.07.15	01:57:36.627	0.83960				2
2024.07.15	01:57:40.321	0.83961				2
2024.07.15	01:57:41.722	0.83960				2
2024.07.15	01:57:44.368	0.83961	0.83964			6
2024.07.15	01:57:44.946		0.83965			4
2024.07.15	01:57:51.241	0.83962	0.83963			6
2024.07.15	01:57:52.110	0.83963	0.83964			6
2024.07.15	01:57:57.874	0.83964	0.83965			6
2024.07.15	01:57:58.976	0.83960	0.83966			6
2024.07.15	01:57:59.283	0.83959	0.83962			6
2024.07.15	01:58:00.212	0.83959				2
2024.07.15	01:58:00.551		0.83961			4
2024.07.15	01:58:03.496	0.83958	0.83962			6
2024.07.15	01:58:04.037	0.83956	0.83961			6
2024.07.15	01:58:06.553	0.83957				2
2024.07.15	01:58:07.457	0.83954	0.83956			6
2024.07.15	01:58:07.762		0.83957			4
2024.07.15	01:58:08.119		0.83956			4
2024.07.15	01:58:08.439	0.83952	0.83957			6
2024.07.15	01:58:09.375	0.83953	0.83958			6
2024.07.15	01:58:13.906	0.83955	0.83956			6
2024.07.15	01:58:18.274	0.83956	0.83957			6
2024.07.15	01:58:23.525	0.83953	0.83955			6
2024.07.15	01:58:27.145	0.83954				2
2024.07.15	01:58:27.535	0.83951	0.83958			6
2024.07.15	01:58:27.899		0.83957			4
2024.07.15	01:58:28.988	0.83952	0.83956			6
2024.07.15	01:58:32.459	0.83954	0.83955			6
2024.07.15	01:58:37.436	0.83956	0.83957			6
2024.07.15	01:58:39.403	0.83954	0.83958			6
2024.07.15	01:58:40.152	0.83955	0.83956			6
2024.07.15	01:58:40.912	0.83956	0.83957			6
2024.07.15	01:58:41.922	0.83955	0.83956			6
2024.07.15	01:58:44.386	0.83953	0.83957			6
2024.07.15	01:58:45.176		0.83956			4
2024.07.15	01:58:46.248	0.83952				2
2024.07.15	01:58:46.562	0.83954				2
2024.07.15	01:58:50.535	0.83953				2
2024.07.15	01:59:00.025	0.83953				2
2024.07.15	01:59:00.654		0.83957			4
2024.07.15	01:59:00.978		0.83955			4
2024.07.15	01:59:01.351	0.83955	0.83957			6
2024.07.15	01:59:02.022	0.83956				2
2024.07.15	01:59:04.404	0.83953				2
2024.07.15	01:59:06.777	0.83955	0.83956			6
2024.07.15	01:59:09.951	0.83954	0.83957			6
2024.07.15	01:59:14.041	0.83953				2
2024.07.15	01:59:14.650	0.83954				2
2024.07.15	01:59:19.575	0.83957	0.83958			6
2024.07.15	01:59:23.292	0.83955	0.83957			6
2024.07.15	01:59:24.385		0.83956			4
2024.07.15	01:59:25.711	0.83954	0.83957			6
2024.07.15	01:59:26.417	0.83955	0.83956			6
2024.07.15	01:59:30.675	0.83954	0.83955			6
2024.07.15	01:59:31.079		0.83957			4
2024.07.15	01:59:33.284	0.83955				2
2024.07.15	01:59:35.907	0.83954				2
2024.07.15	01:59:39.502	0.83955	0.83956			6
2024.07.15	01:59:41.376	0.83953	0.83955			6
2024.07.15	01:59:41.939	0.83954				2
2024.07.15	01:59:44.467	0.83953	0.83956			6
2024.07.15	01:59:44.799	0.83955				2
2024.07.15	01:59:48.720	0.83951				2
2024.07.15	01:59:49.025		0.83955			4
2024.07.15	01:59:49.344	0.83950				2
2024.07.15	01:59:54.221	0.83949				2
2024.07.15	01:59:56.174	0.83951	0.83956			6
2024.07.15	02:00:00.316	0.83951	0.83957			6
2024.07.15	02:00:00.823	0.83950				2
2024.07.15	02:00:01.239	0.83952	0.83956			6
2024.07.15	02:00:01.614	0.83951	0.83957			6
2024.07.15	02:00:02.163	0.83954				2
2024.07.15	02:00:03.114	0.83953	0.83956			6
2024.07.15	02:00:04.223	0.83952				2
2024.07.15	02:00:04.526		0.83954			4
2024.07.15	02:00:05.051	0.83953				2
2024.07.15	02:00:06.214		0.83956			4
2024.07.15	02:00:06.939	0.83954	0.83957			6
2024.07.15	02:00:07.245		0.83956			4
2024.07.15	02:00:10.137		0.83955			4
2024.07.15	02:00:12.030	0.83952	0.83957			6
2024.07.15	02:00:12.345		0.83954			4
2024.07.15	02:00:13.680	0.83953	0.83955			6
2024.07.15	02:00:14.095	0.83952				2
2024.07.15	02:00:14.455	0.83955	0.83956			6
2024.07.15	02:00:25.429	0.83956	0.83957			6
2024.07.15	02:00:32.179	0.83955	0.83956			6
2024.07.15	02:01:00.412	0.83955				2
2024.07.15	02:01:09.860	0.83954	0.83955			6
2024.07.15	02:01:21.916	0.83955	0.83956			6
2024.07.15	02:01:26.123	0.83957	0.83958			6
2024.07.15	02:01:26.466	0.83956	0.83957			6
2024.07.15	02:01:29.199	0.83957	0.83958			6
2024.07.15	02:01:30.918	0.83956	0.83957			6
2024.07.15	02:01:33.472	0.83955	0.83956			6
2024.07.15	02:01:43.697	0.83956	0.83957			6
2024.07.15	02:01:44.359	0.83955	0.83956			6
2024.07.15	02:01:53.772	0.83957	0.83958			6
2024.07.15	02:01:56.067	0.83956	0.83957			6
2024.07.15	02:01:59.639	0.83957	0.83958			6
2024.07.15	02:02:00.083	0.83957				2
2024.07.15	02:02:01.312	0.83956	0.83957			6
2024.07.15	02:02:07.688	0.83959	0.83960			6
2024.07.15	02:02:07.990	0.83958	0.83959			6
2024.07.15	02:02:09.018		0.83960			4
2024.07.15	02:02:09.336		0.83959			4
2024.07.15	02:02:10.103	0.83960	0.83961			6
2024.07.15	02:02:11.358	0.83959	0.83960			6
2024.07.15	02:02:11.765	0.83960	0.83961			6
2024.07.15	02:02:14.233	0.83959	0.83960			6
2024.07.15	02:02:18.207	0.83957	0.83959			6
2024.07.15	02:02:18.523	0.83958				2
2024.07.15	02:02:18.886	0.83959	0.83960			6
2024.07.15	02:02:32.408	0.83958	0.83959			6
2024.07.15	02:02:46.219	0.83957				2
2024.07.15	02:02:47.457	0.83958				2
2024.07.15	02:02:48.105	0.83959	0.83960			6
2024.07.15	02:02:48.482	0.83958	0.83959			6
2024.07.15	02:02:51.263		0.83960			4
2024.07.15	02:02:51.579		0.83959			4
2024.07.15	02:02:55.484	0.83959	0.83960			6
2024.07.15	02:02:59.933	0.83958	0.83959			6
2024.07.15	02:03:00.395	0.83958				2
2024.07.15	02:03:32.712	0.83957	0.83958			6
2024.07.15	02:03:34.661	0.83958	0.83959			6
2024.07.15	02:03:58.809	0.83959	0.83960			6
2024.07.15	02:04:00.102	0.83959				2
2024.07.15	02:04:01.195	0.83958	0.83959			6
2024.07.15	02:04:12.898	0.83959	0.83960			6
2024.07.15	02:04:18.409	0.83956	0.83957			6
2024.07.15	02:04:20.314	0.83954	0.83956			6
2024.07.15	02:04:21.105	0.83953	0.83955			6
2024.07.15	02:04:21.576	0.83954				2
2024.07.15	02:04:26.936	0.83955	0.83956			6
2024.07.15	02:04:29.264	0.83956	0.83957			6
2024.07.15	02:04:29.920	0.83957	0.83958			6
2024.07.15	02:04:34.563	0.83958	0.83959			6
2024.07.15	02:04:36.365	0.83955	0.83956			6
2024.07.15	02:04:46.632	0.83954	0.83955			6
2024.07.15	02:04:51.396	0.83953	0.83954			6
2024.07.15	02:04:51.790	0.83955	0.83956			6
2024.07.15	02:04:52.130	0.83954	0.83955			6
2024.07.15	02:04:58.545	0.83953	0.83954			6
2024.07.15	02:04:58.863	0.83951				2
2024.07.15	02:04:59.261		0.83953			4
2024.07.15	02:05:00.045	0.83951				2
2024.07.15	02:05:00.696	0.83952	0.83955			6
2024.07.15	02:05:02.940	0.83953	0.83954			6
2024.07.15	02:05:03.999		0.83955			4
2024.07.15	02:05:04.838		0.83954			4
2024.07.15	02:05:05.193	0.83954	0.83955			6
2024.07.15	02:05:05.502	0.83955	0.83956			6
2024.07.15	02:05:05.821	0.83953				2
2024.07.15	02:05:10.293	0.83954	0.83955			6
2024.07.15	02:05:10.622	0.83953	0.83954			6
2024.07.15	02:05:10.931	0.83954	0.83955			6
2024.07.15	02:05:11.451	0.83953	0.83954			6
2024.07.15	02:05:12.795	0.83954	0.83955			6
2024.07.15	02:05:14.186	0.83952	0.83954			6
2024.07.15	02:05:17.529		0.83955			4
2024.07.15	02:05:25.613	0.83953	0.83954			6
2024.07.15	02:05:27.165	0.83951	0.83955			6
2024.07.15	02:05:27.572		0.83954			4
2024.07.15	02:05:28.016		0.83955			4
2024.07.15	02:05:28.361	0.83953	0.83954			6
2024.07.15	02:05:28.686	0.83954	0.83955			6
2024.07.15	02:05:31.774	0.83953	0.83954			6
2024.07.15	02:05:32.934	0.83954	0.83955			6
2024.07.15	02:05:33.793	0.83955	0.83956			6
2024.07.15	02:05:34.635	0.83956	0.83957			6
2024.07.15	02:05:35.992	0.83955	0.83956			6
2024.07.15	02:05:37.672	0.83954	0.83955			6
2024.07.15	02:05:38.353	0.83955	0.83956			6
2024.07.15	02:05:41.482	0.83953				2
2024.07.15	02:05:42.414		0.83954			4
2024.07.15	02:05:43.061	0.83952	0.83955			6
2024.07.15	02:05:43.403	0.83953				2
2024.07.15	02:05:44.045	0.83952				2
2024.07.15	02:05:44.410	0.83953	0.83954			6
2024.07.15	02:05:44.722	0.83952	0.83955			6
2024.07.15	02:05:45.107	0.83953				2
2024.07.15	02:05:45.672	0.83954				2
2024.07.15	02:05:46.813		0.83956			4
2024.07.15	02:05:47.334		0.83955			4
2024.07.15	02:05:48.422	0.83952				2
2024.07.15	02:05:48.746	0.83953	0.83954			6
2024.07.15	02:05:49.082	0.83956	0.83957			6
2024.07.15	02:05:50.468	0.83957	0.83958			6
2024.07.15	02:05:50.993	0.83956	0.83957			6
2024.07.15	02:05:53.885	0.83955	0.83956			6
2024.07.15	02:05:57.692	0.83953	0.83955			6
2024.07.15	02:05:57.999		0.83954			4
2024.07.15	02:05:58.683		0.83955			4
2024.07.15	02:05:59.966		0.83954			4
2024.07.15	02:06:00.279	0.83953				2
2024.07.15	02:06:00.586		0.83955			4
2024.07.15	02:06:01.296	0.83956	0.83957			6
2024.07.15	02:06:03.066	0.83957	0.83958			6
2024.07.15	02:06:03.789	0.83958	0.83959			6
2024.07.15	02:06:05.084	0.83955	0.83957			6
2024.07.15	02:06:06.758		0.83956			4
2024.07.15	02:06:11.286	0.83956	0.83957			6
2024.07.15	02:06:12.480	0.83957	0.83958			6
2024.07.15	02:06:20.226	0.83955				2
2024.07.15	02:06:20.594	0.83953				2
2024.07.15	02:06:21.207	0.83954	0.83957			6
2024.07.15	02:06:25.360	0.83953	0.83958			6
2024.07.15	02:06:26.647	0.83954				2
2024.07.15	02:06:27.901	0.83953				2
2024.07.15	02:06:29.110	0.83954	0.83957			6
2024.07.15	02:06:37.137	0.83953	0.83958			6
2024.07.15	02:06:37.442	0.83954	0.83957			6
2024.07.15	02:06:38.196	0.83952	0.83959			6
2024.07.15	02:06:38.586	0.83954	0.83957			6
2024.07.15	02:06:40.644	0.83952	0.83958			6
2024.07.15	02:06:41.028	0.83953	0.83957			6
2024.07.15	02:06:42.073	0.83951	0.83958			6
2024.07.15	02:06:43.051	0.83950	0.83957			6
2024.07.15	02:06:44.313	0.83951	0.83958			6
2024.07.15	02:06:46.757	0.83952	0.83957			6
2024.07.15	02:06:47.107	0.83951	0.83958			6
2024.07.15	02:06:47.747		0.83957			4
2024.07.15	02:06:48.725		0.83958			4
2024.07.15	02:06:49.978	0.83950	0.83956			6
2024.07.15	02:06:50.318		0.83957			4
2024.07.15	02:06:51.260	0.83952				2
2024.07.15	02:06:55.411	0.83954	0.83955			6
2024.07.15	02:06:55.736	0.83951	0.83957			6
2024.07.15	02:06:56.331		0.83958			4
2024.07.15	02:06:58.283		0.83957			4
2024.07.15	02:07:00.333	0.83951				2
2024.07.15	02:07:02.699		0.83958			4
2024.07.15	02:07:03.853		0.83957			4
2024.07.15	02:07:04.526		0.83956			4
2024.07.15	02:07:07.845		0.83958			4
2024.07.15	02:07:13.792		0.83956			4
2024.07.15	02:07:14.109		0.83957			4
2024.07.15	02:07:20.307	0.83952	0.83956			6
2024.07.15	02:07:21.668	0.83954	0.83955			6
2024.07.15	02:07:24.287		0.83958			4
2024.07.15	02:07:24.603	0.83955	0.83957			6
2024.07.15	02:07:33.763	0.83956				2
2024.07.15	02:07:35.497	0.83955	0.83956			6
2024.07.15	02:07:40.304	0.83956	0.83957			6
2024.07.15	02:07:41.480	0.83955	0.83956			6
2024.07.15	02:07:42.530		0.83957			4
2024.07.15	02:07:42.832	0.83952				2
2024.07.15	02:07:43.158		0.83956			4
2024.07.15	02:07:44.462	0.83950	0.83957			6
2024.07.15	02:07:47.781	0.83951	0.83956			6
2024.07.15	02:07:49.693	0.83952				2
2024.07.15	02:07:50.007	0.83953	0.83957			6
2024.07.15	02:07:50.424	0.83955	0.83956			6
2024.07.15	02:07:51.045	0.83958	0.83959			6
2024.07.15	02:07:56.855	0.83959	0.83960			6
2024.07.15	02:07:57.515	0.83958	0.83959			6
2024.07.15	02:08:00.023	0.83958				2
2024.07.15	02:08:02.369	0.83959	0.83960			6
2024.07.15	02:08:02.675	0.83958	0.83959			6
2024.07.15	02:08:05.265	0.83959	0.83960			6
2024.07.15	02:08:05.758	0.83958	0.83959			6
2024.07.15	02:08:13.659	0.83959	0.83960			6
2024.07.15	02:08:34.265	0.83960	0.83961			6
2024.07.15	02:08:40.263	0.83959	0.83960			6
2024.07.15	02:08:41.547	0.83958	0.83959			6
2024.07.15	02:08:44.068	0.83959	0.83960			6
2024.07.15	02:08:55.768	0.83958				2
2024.07.15	02:08:56.087		0.83959			4
2024.07.15	02:09:00.395	0.83960	0.83961			6
2024.07.15	02:09:09.801	0.83959	0.83960			6
2024.07.15	02:09:25.309	0.83957				2
2024.07.15	02:09:25.621	0.83956	0.83958			6
2024.07.15	02:09:25.942	0.83957				2
