<DATE>	<TIME>	<BID>	<ASK>	<LAST>	<VOLUME>	<FLAGS>
2024.07.05	00:00:00.482	0.84714	0.84765			6
2024.07.05	00:00:00.805	0.84659	0.84806			6
2024.07.05	00:00:01.082	0.84711	0.84772			6
2024.07.05	00:00:31.165	0.84713	0.84763			6
2024.07.05	00:01:01.326	0.84713				2
2024.07.05	00:01:12.482	0.84712				2
2024.07.05	00:01:23.688	0.84711				2
2024.07.05	00:01:42.248		0.84763			4
2024.07.05	00:02:06.678	0.84710				2
2024.07.05	00:02:18.002	0.84711				2
2024.07.05	00:02:32.656	0.84710				2
2024.07.05	00:03:31.860	0.84710	0.84763			6
2024.07.05	00:03:38.339	0.84712				2
2024.07.05	00:03:50.580	0.84711				2
2024.07.05	00:04:15.060	0.84711				2
2024.07.05	00:04:22.271	0.84710				2
2024.07.05	00:04:34.039	0.84709	0.84763			6
2024.07.05	00:05:01.464	0.84707				2
2024.07.05	00:05:34.833		0.84763			4
2024.07.05	00:05:41.307	0.84708				2
2024.07.05	00:06:00.700	0.84708				2
2024.07.05	00:06:21.056		0.84783			4
2024.07.05	00:06:22.825	0.84709				2
2024.07.05	00:07:00.986	0.84709				2
2024.07.05	00:07:03.290		0.84778			4
2024.07.05	00:08:00.397	0.84709				2
2024.07.05	00:08:03.467		0.84778			4
2024.07.05	00:08:12.198		0.84777			4
2024.07.05	00:08:14.199		0.84776			4
2024.07.05	00:08:14.521		0.84777			4
2024.07.05	00:08:18.355		0.84778			4
2024.07.05	00:08:19.976		0.84777			4
2024.07.05	00:08:32.556		0.84778			4
2024.07.05	00:09:09.219	0.84709				2
2024.07.05	00:09:19.186		0.84777			4
2024.07.05	00:09:24.249		0.84778			4
2024.07.05	00:09:28.336	0.84708	0.84772			6
2024.07.05	00:10:00.374	0.84708				2
2024.07.05	00:10:20.786		0.84763			4
2024.07.05	00:11:03.586	0.84708				2
2024.07.05	00:11:28.980		0.84763			4
2024.07.05	00:12:00.920	0.84708				2
2024.07.05	00:12:29.979		0.84763			4
2024.07.05	00:13:00.400	0.84708				2
2024.07.05	00:13:30.239		0.84763			4
2024.07.05	00:14:04.019	0.84708				2
2024.07.05	00:14:11.233	0.84707				2
2024.07.05	00:14:21.051		0.84772			4
2024.07.05	00:14:22.483	0.84706				2
2024.07.05	00:15:00.372	0.84701				2
2024.07.05	00:15:00.934	0.84700				2
2024.07.05	00:15:14.158	0.84702	0.84749			6
2024.07.05	00:15:15.292	0.84700	0.84772			6
2024.07.05	00:15:36.203		0.84774			4
2024.07.05	00:15:44.091	0.84702				2
2024.07.05	00:15:59.884		0.84771			4
2024.07.05	00:16:00.200	0.84702	0.84774			6
2024.07.05	00:16:00.524		0.84771			4
2024.07.05	00:16:00.830		0.84774			4
2024.07.05	00:16:17.721		0.84772			4
2024.07.05	00:16:19.784		0.84774			4
2024.07.05	00:16:27.800	0.84703				2
2024.07.05	00:16:38.404		0.84771			4
2024.07.05	00:17:02.372	0.84703				2
2024.07.05	00:17:11.510	0.84705				2
2024.07.05	00:17:39.527		0.84775			4
2024.07.05	00:17:55.218	0.84703				2
2024.07.05	00:17:57.748		0.84774			4
2024.07.05	00:18:00.317	0.84703	0.84775			6
2024.07.05	00:18:14.296	0.84701	0.84776			6
2024.07.05	00:18:34.525		0.84777			4
2024.07.05	00:18:38.935	0.84703				2
2024.07.05	00:19:00.313	0.84703				2
2024.07.05	00:19:08.966	0.84707				2
2024.07.05	00:19:22.569	0.84715	0.84796			6
2024.07.05	00:19:23.158	0.84705	0.84773			6
2024.07.05	00:19:29.401		0.84768			4
2024.07.05	00:19:34.493	0.84701	0.84753			6
2024.07.05	00:20:04.475	0.84701				2
2024.07.05	00:20:06.356	0.84708				2
2024.07.05	00:20:42.614		0.84753			4
2024.07.05	00:20:53.905	0.84704				2
2024.07.05	00:20:58.912	0.84702				2
2024.07.05	00:21:00.309	0.84702				2
2024.07.05	00:21:33.783	0.84709				2
2024.07.05	00:21:44.297		0.84753			4
2024.07.05	00:22:01.678	0.84709				2
2024.07.05	00:22:47.377		0.84753			4
2024.07.05	00:22:55.330	0.84708				2
2024.07.05	00:23:00.587	0.84708				2
2024.07.05	00:23:01.205	0.84717	0.84754			6
2024.07.05	00:24:01.776	0.84717	0.84754			6
2024.07.05	00:24:47.694	0.84718				2
2024.07.05	00:25:00.320	0.84718				2
2024.07.05	00:25:02.011		0.84754			4
2024.07.05	00:25:13.538	0.84717				2
2024.07.05	00:25:41.761		0.84764			4
2024.07.05	00:25:42.300		0.84754			4
2024.07.05	00:26:00.612	0.84717				2
2024.07.05	00:26:09.868	0.84716				2
2024.07.05	00:26:46.790		0.84754			4
2024.07.05	00:27:00.059	0.84716				2
2024.07.05	00:27:52.295		0.84754			4
2024.07.05	00:28:01.223	0.84716				2
2024.07.05	00:28:52.509		0.84754			4
2024.07.05	00:29:00.111	0.84713	0.84757			6
2024.07.05	00:29:01.232	0.84716	0.84754			6
2024.07.05	00:30:00.130	0.84716				2
2024.07.05	00:30:04.789		0.84754			4
2024.07.05	00:30:30.061	0.84709	0.84753			6
2024.07.05	00:30:30.892	0.84710	0.84754			6
2024.07.05	00:30:31.205	0.84708	0.84753			6
2024.07.05	00:30:38.986		0.84749			4
2024.07.05	00:30:40.329	0.84709				2
2024.07.05	00:30:48.159	0.84710				2
2024.07.05	00:30:50.085	0.84712				2
2024.07.05	00:30:52.197	0.84711				2
2024.07.05	00:31:01.587	0.84711				2
2024.07.05	00:31:16.050	0.84712				2
2024.07.05	00:31:28.484	0.84711				2
2024.07.05	00:31:41.884		0.84749			4
2024.07.05	00:32:01.640	0.84711				2
2024.07.05	00:32:11.870	0.84712				2
2024.07.05	00:32:12.310	0.84713				2
2024.07.05	00:32:29.122		0.84750			4
2024.07.05	00:32:31.639	0.84712				2
2024.07.05	00:32:33.626	0.84713				2
2024.07.05	00:33:01.488	0.84713				2
2024.07.05	00:33:11.384	0.84712				2
2024.07.05	00:33:26.392	0.84713				2
2024.07.05	00:33:31.688		0.84750			4
2024.07.05	00:33:38.052	0.84712				2
2024.07.05	00:33:38.490	0.84713				2
2024.07.05	00:34:02.188	0.84713				2
2024.07.05	00:34:19.126		0.84749			4
2024.07.05	00:34:29.381	0.84712				2
2024.07.05	00:35:00.379	0.84713				2
2024.07.05	00:35:20.249		0.84749			4
2024.07.05	00:36:00.754	0.84713				2
2024.07.05	00:36:21.101		0.84749			4
2024.07.05	00:37:00.360	0.84713				2
2024.07.05	00:37:21.340		0.84749			4
2024.07.05	00:37:39.053		0.84750			4
2024.07.05	00:38:01.813	0.84713				2
2024.07.05	00:38:43.552		0.84750			4
2024.07.05	00:39:01.875	0.84713				2
2024.07.05	00:39:48.604		0.84750			4
2024.07.05	00:39:49.632	0.84712				2
2024.07.05	00:40:06.952	0.84712				2
2024.07.05	00:40:40.371	0.84717				2
2024.07.05	00:40:57.488		0.84750			4
2024.07.05	00:41:02.492	0.84717				2
2024.07.05	00:41:26.383	0.84716				2
2024.07.05	00:42:09.852	0.84716	0.84750			6
2024.07.05	00:42:48.801	0.84717				2
2024.07.05	00:43:05.957	0.84717				2
2024.07.05	00:43:09.053		0.84749			4
2024.07.05	00:43:47.025	0.84716				2
2024.07.05	00:44:04.055	0.84716				2
2024.07.05	00:44:09.850		0.84749			4
2024.07.05	00:45:01.425	0.84710	0.84762			6
2024.07.05	00:45:02.554	0.84716	0.84749			6
2024.07.05	00:45:06.047	0.84728	0.84737			6
2024.07.05	00:45:10.065	0.84729				2
2024.07.05	00:45:17.628	0.84728				2
2024.07.05	00:45:42.287	0.84729				2
2024.07.05	00:45:52.633	0.84728				2
2024.07.05	00:46:09.593	0.84728	0.84737			6
2024.07.05	00:46:29.294	0.84729				2
2024.07.05	00:46:40.007	0.84728				2
2024.07.05	00:47:01.423	0.84724	0.84750			6
2024.07.05	00:47:02.549	0.84728	0.84737			6
2024.07.05	00:47:18.883	0.84729				2
2024.07.05	00:47:45.832	0.84728				2
2024.07.05	00:48:00.365	0.84728				2
2024.07.05	00:48:04.276		0.84737			4
2024.07.05	00:48:12.278	0.84729				2
2024.07.05	00:48:15.296	0.84730				2
2024.07.05	00:48:19.698	0.84729				2
2024.07.05	00:48:20.278	0.84728				2
2024.07.05	00:48:22.158	0.84729				2
2024.07.05	00:48:25.832	0.84728				2
2024.07.05	00:48:31.072	0.84729				2
2024.07.05	00:49:00.299	0.84729				2
2024.07.05	00:49:06.268		0.84737			4
2024.07.05	00:49:24.412	0.84728				2
2024.07.05	00:49:52.059		0.84738			4
2024.07.05	00:49:52.485		0.84741			4
2024.07.05	00:50:02.258	0.84728				2
2024.07.05	00:50:38.645	0.84727				2
2024.07.05	00:50:52.175	0.84720				2
2024.07.05	00:50:54.362		0.84741			4
2024.07.05	00:50:56.832	0.84722				2
2024.07.05	00:50:57.174		0.84739			4
2024.07.05	00:50:58.280	0.84724				2
2024.07.05	00:51:00.841	0.84724	0.84738			6
2024.07.05	00:51:01.977		0.84737			4
2024.07.05	00:51:03.885		0.84741			4
2024.07.05	00:51:15.376	0.84723				2
2024.07.05	00:51:19.828	0.84724				2
2024.07.05	00:51:24.587		0.84740			4
2024.07.05	00:51:25.025		0.84739			4
2024.07.05	00:51:26.268		0.84740			4
2024.07.05	00:51:28.413		0.84739			4
2024.07.05	00:51:34.858		0.84740			4
2024.07.05	00:51:35.454		0.84738			4
2024.07.05	00:52:00.312	0.84724				2
2024.07.05	00:52:04.482		0.84737			4
2024.07.05	00:53:00.278	0.84724				2
2024.07.05	00:53:07.207		0.84737			4
2024.07.05	00:53:20.254	0.84719				2
2024.07.05	00:53:54.447		0.84736			4
2024.07.05	00:54:00.400	0.84719				2
2024.07.05	00:54:56.894		0.84736			4
2024.07.05	00:55:00.041	0.84719				2
2024.07.05	00:55:02.027	0.84713	0.84742			6
2024.07.05	00:55:03.493	0.84714	0.84741			6
2024.07.05	00:56:00.136	0.84714				2
2024.07.05	00:56:05.166		0.84741			4
2024.07.05	00:56:30.881	0.84713	0.84742			6
2024.07.05	00:56:36.885	0.84714	0.84741			6
2024.07.05	00:57:01.360	0.84714				2
2024.07.05	00:57:36.901		0.84741			4
2024.07.05	00:58:00.315	0.84714				2
2024.07.05	00:58:35.231		0.84740			4
2024.07.05	00:58:42.527		0.84741			4
2024.07.05	00:59:02.519	0.84714				2
2024.07.05	00:59:35.044	0.84713	0.84742			6
2024.07.05	00:59:37.632	0.84714	0.84741			6
2024.07.05	00:59:57.883	0.84713	0.84742			6
2024.07.05	01:00:00.305	0.84713				2
2024.07.05	01:00:00.736	0.84725				2
2024.07.05	01:00:01.647	0.84728	0.84751			6
2024.07.05	01:00:02.017	0.84726	0.84752			6
2024.07.05	01:00:02.403	0.84730	0.84751			6
2024.07.05	01:00:02.723	0.84725	0.84744			6
2024.07.05	01:00:03.038		0.84739			4
2024.07.05	01:00:03.651		0.84737			4
2024.07.05	01:00:03.971		0.84742			4
2024.07.05	01:00:05.506		0.84740			4
2024.07.05	01:00:06.133		0.84737			4
2024.07.05	01:00:06.445		0.84740			4
2024.07.05	01:00:07.427		0.84743			4
2024.07.05	01:00:07.762		0.84740			4
2024.07.05	01:00:11.735		0.84739			4
2024.07.05	01:00:12.738		0.84740			4
2024.07.05	01:00:13.483		0.84743			4
2024.07.05	01:00:13.805		0.84741			4
2024.07.05	01:00:14.471		0.84740			4
2024.07.05	01:00:15.087		0.84739			4
2024.07.05	01:00:15.988	0.84726	0.84741			6
2024.07.05	01:00:18.307		0.84739			4
2024.07.05	01:00:19.281		0.84742			4
2024.07.05	01:00:19.744	0.84727				2
2024.07.05	01:00:20.070	0.84726				2
2024.07.05	01:00:27.098	0.84725	0.84740			6
2024.07.05	01:00:28.977	0.84726	0.84742			6
2024.07.05	01:00:30.360	0.84725				2
2024.07.05	01:00:32.738	0.84727	0.84741			6
2024.07.05	01:00:43.553	0.84725				2
2024.07.05	01:00:57.167	0.84726				2
2024.07.05	01:01:00.376	0.84725				2
2024.07.05	01:01:06.315	0.84728				2
2024.07.05	01:01:07.086	0.84729				2
2024.07.05	01:01:09.454	0.84728				2
2024.07.05	01:01:17.106	0.84727				2
2024.07.05	01:01:20.083	0.84728				2
2024.07.05	01:01:31.308	0.84729				2
2024.07.05	01:01:31.608	0.84728				2
2024.07.05	01:01:32.365	0.84729				2
2024.07.05	01:01:32.738		0.84741			4
2024.07.05	01:01:33.132	0.84728				2
2024.07.05	01:01:37.044	0.84730				2
2024.07.05	01:01:38.224	0.84729				2
2024.07.05	01:01:39.422	0.84730				2
2024.07.05	01:01:41.805	0.84729				2
2024.07.05	01:01:42.798	0.84730				2
2024.07.05	01:01:49.027	0.84729				2
2024.07.05	01:01:53.768	0.84728				2
2024.07.05	01:01:54.547	0.84729				2
2024.07.05	01:02:02.360	0.84728				2
2024.07.05	01:02:03.364	0.84730				2
2024.07.05	01:02:08.262	0.84727				2
2024.07.05	01:02:13.278	0.84723	0.84738			6
2024.07.05	01:02:24.354	0.84724				2
2024.07.05	01:02:27.167		0.84737			4
2024.07.05	01:02:29.222	0.84723				2
2024.07.05	01:02:34.351	0.84724				2
2024.07.05	01:02:42.057	0.84723				2
2024.07.05	01:02:42.378	0.84724				2
2024.07.05	01:02:43.653		0.84736			4
2024.07.05	01:02:48.437	0.84723				2
2024.07.05	01:02:54.611	0.84724				2
2024.07.05	01:02:56.352	0.84723				2
2024.07.05	01:03:00.466	0.84723				2
2024.07.05	01:03:01.483	0.84724	0.84735			6
2024.07.05	01:03:05.959		0.84736			4
2024.07.05	01:03:11.686		0.84735			4
2024.07.05	01:03:16.755	0.84723	0.84734			6
2024.07.05	01:03:17.391	0.84724	0.84735			6
2024.07.05	01:03:42.383	0.84723	0.84736			6
2024.07.05	01:04:00.288	0.84724				2
2024.07.05	01:04:37.483	0.84723				2
2024.07.05	01:04:42.165	0.84724				2
2024.07.05	01:04:44.726		0.84736			4
2024.07.05	01:05:00.422	0.84724				2
2024.07.05	01:05:04.942	0.84725	0.84735			6
2024.07.05	01:05:30.284		0.84734			4
2024.07.05	01:05:52.155	0.84727	0.84735			6
2024.07.05	01:05:53.383	0.84726	0.84737			6
2024.07.05	01:05:59.349		0.84735			4
2024.07.05	01:06:00.366	0.84727				2
2024.07.05	01:06:03.283		0.84734			4
2024.07.05	01:07:00.455	0.84727	0.84735			6
2024.07.05	01:07:02.273		0.84734			4
2024.07.05	01:07:14.766	0.84728				2
2024.07.05	01:07:37.317		0.84733			4
2024.07.05	01:07:37.782		0.84734			4
2024.07.05	01:08:01.486	0.84728				2
2024.07.05	01:08:07.183		0.84733			4
2024.07.05	01:08:15.732	0.84729				2
2024.07.05	01:08:51.952	0.84728				2
2024.07.05	01:09:00.511	0.84728				2
2024.07.05	01:09:04.901	0.84725				2
2024.07.05	01:09:09.272		0.84733			4
2024.07.05	01:09:17.083		0.84734			4
2024.07.05	01:09:29.707	0.84729				2
2024.07.05	01:10:00.426	0.84729				2
2024.07.05	01:10:01.382		0.84736			4
2024.07.05	01:10:01.783		0.84735			4
2024.07.05	01:10:11.982		0.84736			4
2024.07.05	01:10:15.619		0.84735			4
2024.07.05	01:10:31.278		0.84734			4
2024.07.05	01:10:59.672	0.84728				2
2024.07.05	01:11:00.280	0.84728				2
2024.07.05	01:11:09.558	0.84729	0.84733			6
2024.07.05	01:11:10.783		0.84734			4
2024.07.05	01:11:16.896		0.84733			4
2024.07.05	01:11:18.884		0.84734			4
2024.07.05	01:11:37.482		0.84735			4
2024.07.05	01:11:37.886	0.84732				2
2024.07.05	01:11:39.020	0.84730	0.84734			6
2024.07.05	01:11:40.355		0.84735			4
2024.07.05	01:11:45.901		0.84733			4
2024.07.05	01:11:46.547		0.84734			4
2024.07.05	01:11:51.436		0.84735			4
2024.07.05	01:11:51.983		0.84736			4
2024.07.05	01:11:52.368	0.84733				2
2024.07.05	01:12:00.856	0.84733				2
2024.07.05	01:12:10.056		0.84735			4
2024.07.05	01:12:10.394		0.84736			4
2024.07.05	01:12:15.108		0.84735			4
2024.07.05	01:12:36.377		0.84736			4
2024.07.05	01:12:50.597		0.84735			4
2024.07.05	01:13:00.310	0.84733				2
2024.07.05	01:13:31.007		0.84736			4
2024.07.05	01:13:53.517	0.84730				2
2024.07.05	01:14:02.083	0.84730				2
2024.07.05	01:14:31.309		0.84736			4
2024.07.05	01:14:45.584		0.84737			4
2024.07.05	01:14:52.380		0.84738			4
2024.07.05	01:15:00.386	0.84730				2
2024.07.05	01:15:14.447	0.84734	0.84737			6
2024.07.05	01:15:14.819	0.84733				2
2024.07.05	01:15:25.279		0.84736			4
2024.07.05	01:16:00.306	0.84733				2
2024.07.05	01:16:14.423		0.84735			4
2024.07.05	01:16:42.488		0.84736			4
2024.07.05	01:16:45.287		0.84735			4
2024.07.05	01:16:55.623		0.84736			4
2024.07.05	01:17:00.456	0.84733	0.84737			6
2024.07.05	01:17:06.599		0.84739			4
2024.07.05	01:17:13.786		0.84738			4
2024.07.05	01:17:15.773	0.84731				2
2024.07.05	01:17:29.721	0.84734				2
2024.07.05	01:17:47.259		0.84737			4
2024.07.05	01:17:47.829		0.84738			4
2024.07.05	01:18:00.428	0.84734				2
2024.07.05	01:18:05.798		0.84737			4
2024.07.05	01:18:12.582		0.84738			4
2024.07.05	01:18:26.989		0.84737			4
2024.07.05	01:18:32.682		0.84738			4
2024.07.05	01:18:51.316		0.84735			4
2024.07.05	01:19:00.883	0.84734				2
2024.07.05	01:19:06.587		0.84736			4
2024.07.05	01:19:22.482		0.84737			4
2024.07.05	01:19:26.984		0.84738			4
2024.07.05	01:20:00.371	0.84734	0.84737			6
2024.07.05	01:20:01.950		0.84738			4
2024.07.05	01:20:04.728		0.84737			4
2024.07.05	01:20:05.459		0.84736			4
2024.07.05	01:20:09.069		0.84737			4
2024.07.05	01:20:16.283		0.84736			4
2024.07.05	01:20:20.787		0.84737			4
2024.07.05	01:20:31.975	0.84733	0.84736			6
2024.07.05	01:20:35.381		0.84737			4
2024.07.05	01:20:45.887		0.84736			4
2024.07.05	01:20:47.403		0.84737			4
2024.07.05	01:20:50.265		0.84736			4
2024.07.05	01:20:51.678		0.84737			4
2024.07.05	01:20:51.992	0.84734				2
2024.07.05	01:20:59.082		0.84736			4
2024.07.05	01:21:00.100	0.84734				2
2024.07.05	01:21:18.610		0.84737			4
2024.07.05	01:21:24.139		0.84736			4
2024.07.05	01:21:30.032		0.84737			4
2024.07.05	01:21:37.670		0.84736			4
2024.07.05	01:21:38.234		0.84737			4
2024.07.05	01:21:41.256		0.84736			4
2024.07.05	01:21:48.061		0.84737			4
2024.07.05	01:21:50.612		0.84736			4
2024.07.05	01:21:55.483		0.84737			4
2024.07.05	01:21:57.982		0.84736			4
2024.07.05	01:22:02.581	0.84734				2
2024.07.05	01:22:21.883		0.84737			4
2024.07.05	01:22:33.685		0.84736			4
2024.07.05	01:22:41.155		0.84737			4
2024.07.05	01:22:53.075	0.84731				2
2024.07.05	01:22:56.182	0.84730				2
2024.07.05	01:22:57.695		0.84736			4
2024.07.05	01:23:00.555	0.84729	0.84737			6
2024.07.05	01:23:05.675	0.84730				2
2024.07.05	01:23:10.050	0.84733	0.84735			6
2024.07.05	01:23:14.790		0.84736			4
2024.07.05	01:23:15.091	0.84734				2
2024.07.05	01:23:25.606		0.84737			4
2024.07.05	01:23:28.402		0.84736			4
2024.07.05	01:23:47.626		0.84735			4
2024.07.05	01:23:53.957		0.84736			4
2024.07.05	01:23:59.614		0.84735			4
2024.07.05	01:24:00.172	0.84733				2
2024.07.05	01:24:06.927	0.84734				2
2024.07.05	01:24:23.546	0.84733				2
2024.07.05	01:24:38.683		0.84736			4
2024.07.05	01:25:00.516	0.84733				2
2024.07.05	01:25:22.516		0.84737			4
2024.07.05	01:25:29.683		0.84736			4
2024.07.05	01:25:32.543		0.84735			4
2024.07.05	01:25:41.165		0.84736			4
2024.07.05	01:25:59.481		0.84735			4
2024.07.05	01:26:01.173	0.84733				2
2024.07.05	01:26:17.065		0.84736			4
2024.07.05	01:26:24.275	0.84730				2
2024.07.05	01:26:26.993		0.84735			4
2024.07.05	01:26:41.683	0.84729	0.84737			6
2024.07.05	01:26:45.556	0.84732	0.84736			6
2024.07.05	01:26:49.484		0.84737			4
2024.07.05	01:26:53.600		0.84736			4
2024.07.05	01:27:00.372	0.84732				2
2024.07.05	01:27:06.606	0.84734	0.84737			6
2024.07.05	01:27:11.477	0.84733	0.84736			6
2024.07.05	01:27:36.018	0.84734	0.84737			6
2024.07.05	01:27:42.381		0.84738			4
2024.07.05	01:27:47.470		0.84736			4
2024.07.05	01:27:51.530		0.84737			4
2024.07.05	01:28:01.103	0.84734				2
2024.07.05	01:28:43.815		0.84738			4
2024.07.05	01:28:44.609		0.84737			4
2024.07.05	01:29:00.697	0.84734				2
2024.07.05	01:29:04.777	0.84733				2
2024.07.05	01:29:12.612	0.84734				2
2024.07.05	01:29:46.931		0.84737			4
2024.07.05	01:30:00.383	0.84734				2
2024.07.05	01:30:01.445	0.84733	0.84739			6
2024.07.05	01:30:02.621	0.84734	0.84737			6
2024.07.05	01:30:06.797	0.84733				2
2024.07.05	01:30:08.278	0.84736	0.84739			6
2024.07.05	01:30:11.016	0.84734				2
2024.07.05	01:30:41.383		0.84738			4
2024.07.05	01:30:43.372		0.84739			4
2024.07.05	01:30:54.522	0.84733				2
2024.07.05	01:31:00.372	0.84734				2
2024.07.05	01:31:05.572	0.84733				2
2024.07.05	01:31:07.796	0.84740	0.84743			6
2024.07.05	01:31:12.426	0.84741	0.84744			6
2024.07.05	01:31:14.797		0.84743			4
2024.07.05	01:31:17.400		0.84744			4
2024.07.05	01:31:20.102	0.84740	0.84743			6
2024.07.05	01:31:20.707	0.84739	0.84742			6
2024.07.05	01:31:21.783	0.84740				2
2024.07.05	01:32:00.888	0.84740				2
2024.07.05	01:32:08.093	0.84739	0.84741			6
2024.07.05	01:32:08.404	0.84738				2
2024.07.05	01:32:18.605	0.84736	0.84739			6
2024.07.05	01:32:18.924	0.84737	0.84740			6
2024.07.05	01:32:19.238	0.84738	0.84741			6
2024.07.05	01:32:19.977		0.84740			4
2024.07.05	01:32:21.823		0.84741			4
2024.07.05	01:32:41.808	0.84739				2
2024.07.05	01:32:44.900		0.84742			4
2024.07.05	01:32:45.214	0.84740	0.84743			6
2024.07.05	01:33:00.885	0.84740				2
2024.07.05	01:33:08.355		0.84741			4
2024.07.05	01:33:08.656		0.84743			4
2024.07.05	01:33:28.277		0.84744			4
2024.07.05	01:34:02.683	0.84740	0.84743			6
2024.07.05	01:34:18.888		0.84744			4
2024.07.05	01:34:29.383		0.84743			4
2024.07.05	01:34:35.984		0.84744			4
2024.07.05	01:34:45.593	0.84738				2
2024.07.05	01:34:50.382		0.84743			4
2024.07.05	01:34:59.685		0.84744			4
2024.07.05	01:35:00.366	0.84738				2
2024.07.05	01:35:01.238	0.84739				2
2024.07.05	01:35:05.082	0.84740				2
2024.07.05	01:35:21.541	0.84741				2
2024.07.05	01:36:00.174	0.84741	0.84744			6
2024.07.05	01:36:02.270	0.84739				2
2024.07.05	01:36:02.589	0.84737	0.84743			6
2024.07.05	01:36:02.984	0.84739				2
2024.07.05	01:36:04.741		0.84744			4
2024.07.05	01:36:45.883		0.84745			4
2024.07.05	01:37:00.681	0.84739				2
2024.07.05	01:37:08.382		0.84744			4
2024.07.05	01:37:22.182		0.84745			4
2024.07.05	01:37:50.673		0.84744			4
2024.07.05	01:38:02.733	0.84739				2
2024.07.05	01:38:09.883	0.84738	0.84745			6
2024.07.05	01:38:17.083	0.84739				2
2024.07.05	01:38:18.612	0.84743	0.84746			6
2024.07.05	01:38:18.928	0.84740	0.84743			6
2024.07.05	01:38:22.687	0.84741	0.84744			6
2024.07.05	01:38:23.172	0.84740	0.84743			6
2024.07.05	01:38:29.083		0.84742			4
2024.07.05	01:38:30.049		0.84743			4
2024.07.05	01:39:01.849	0.84740				2
2024.07.05	01:39:33.831		0.84743			4
2024.07.05	01:39:51.568		0.84742			4
2024.07.05	01:40:00.846	0.84740	0.84743			6
2024.07.05	01:40:23.819	0.84737				2
2024.07.05	01:40:32.414	0.84738				2
2024.07.05	01:40:38.745	0.84737				2
2024.07.05	01:40:48.712	0.84741	0.84742			6
2024.07.05	01:41:02.370	0.84741				2
2024.07.05	01:41:14.680	0.84742	0.84745			6
2024.07.05	01:41:16.265		0.84744			4
2024.07.05	01:41:17.355	0.84743	0.84746			6
2024.07.05	01:41:17.692	0.84744				2
2024.07.05	01:41:18.001	0.84746	0.84747			6
2024.07.05	01:41:18.332		0.84748			4
2024.07.05	01:41:24.154	0.84743	0.84745			6
2024.07.05	01:41:32.091	0.84744	0.84747			6
2024.07.05	01:41:32.406	0.84745	0.84750			6
2024.07.05	01:41:33.058	0.84746				2
2024.07.05	01:41:52.940	0.84743	0.84745			6
2024.07.05	01:41:53.701	0.84746	0.84751			6
2024.07.05	01:42:00.178	0.84746				2
2024.07.05	01:42:03.412		0.84750			4
2024.07.05	01:42:06.599	0.84745	0.84749			6
2024.07.05	01:42:07.838	0.84746	0.84751			6
2024.07.05	01:42:09.810	0.84745	0.84750			6
2024.07.05	01:42:12.725		0.84749			4
2024.07.05	01:42:20.309		0.84750			4
2024.07.05	01:43:01.446	0.84745				2
2024.07.05	01:43:11.384		0.84749			4
2024.07.05	01:43:17.217	0.84747	0.84751			6
2024.07.05	01:43:17.633		0.84750			4
2024.07.05	01:43:18.442		0.84749			4
2024.07.05	01:43:18.970	0.84746	0.84748			6
2024.07.05	01:44:07.783	0.84746				2
2024.07.05	01:44:45.172		0.84748			4
2024.07.05	01:45:00.180	0.84746				2
2024.07.05	01:45:19.228	0.84743				2
2024.07.05	01:45:30.516		0.84752			4
2024.07.05	01:45:31.288		0.84754			4
2024.07.05	01:45:34.631	0.84744	0.84750			6
2024.07.05	01:45:52.899	0.84743				2
2024.07.05	01:46:00.244	0.84744				2
2024.07.05	01:46:13.890	0.84746	0.84748			6
2024.07.05	01:47:00.785	0.84746				2
2024.07.05	01:47:11.790	0.84750	0.84751			6
2024.07.05	01:47:12.284	0.84749				2
2024.07.05	01:47:20.435		0.84752			4
2024.07.05	01:48:00.178	0.84749				2
2024.07.05	01:48:21.341		0.84752			4
2024.07.05	01:49:01.049	0.84749				2
2024.07.05	01:49:09.993	0.84750				2
2024.07.05	01:49:23.739		0.84752			4
2024.07.05	01:50:00.172	0.84750				2
2024.07.05	01:50:27.248		0.84752			4
2024.07.05	01:51:01.614	0.84750				2
2024.07.05	01:51:10.914	0.84748				2
2024.07.05	01:51:25.272		0.84753			4
2024.07.05	01:51:39.905		0.84752			4
2024.07.05	01:51:57.820		0.84753			4
2024.07.05	01:52:02.497	0.84748				2
2024.07.05	01:52:17.744		0.84752			4
2024.07.05	01:52:51.496	0.84749				2
2024.07.05	01:53:00.687	0.84749				2
2024.07.05	01:53:16.767	0.84750				2
2024.07.05	01:53:17.811		0.84752			4
2024.07.05	01:53:18.856		0.84751			4
2024.07.05	01:53:20.090		0.84752			4
2024.07.05	01:54:00.186	0.84750				2
2024.07.05	01:54:20.409		0.84752			4
2024.07.05	01:54:49.071	0.84751				2
2024.07.05	01:54:56.072	0.84750	0.84751			6
2024.07.05	01:55:00.375	0.84750				2
2024.07.05	01:55:17.445	0.84751	0.84752			6
2024.07.05	01:55:18.172	0.84750	0.84751			6
2024.07.05	01:56:00.313	0.84750				2
2024.07.05	01:56:04.471	0.84751	0.84752			6
2024.07.05	01:56:41.339	0.84750	0.84751			6
2024.07.05	01:56:41.642	0.84748	0.84750			6
2024.07.05	01:56:41.964	0.84750	0.84751			6
2024.07.05	01:57:00.394	0.84750				2
2024.07.05	01:57:51.235		0.84751			4
2024.07.05	01:58:01.164	0.84750				2
2024.07.05	01:58:52.767		0.84751			4
2024.07.05	01:59:01.749	0.84751	0.84752			6
2024.07.05	01:59:12.093	0.84750	0.84751			6
2024.07.05	01:59:16.393	0.84751	0.84752			6
2024.07.05	02:00:00.368	0.84747	0.84748			6
2024.07.05	02:00:03.370	0.84746				2
2024.07.05	02:00:09.041	0.84747				2
2024.07.05	02:00:31.253	0.84749	0.84750			6
2024.07.05	02:00:40.421	0.84750	0.84751			6
2024.07.05	02:00:55.471	0.84749	0.84750			6
2024.07.05	02:00:55.993	0.84750	0.84751			6
2024.07.05	02:01:01.449	0.84750				2
2024.07.05	02:01:35.057	0.84751	0.84752			6
2024.07.05	02:01:58.784	0.84750				2
2024.07.05	02:02:11.536	0.84750				2
2024.07.05	02:02:17.982		0.84751			4
2024.07.05	02:02:32.269	0.84751	0.84752			6
2024.07.05	02:02:47.902	0.84747	0.84751			6
2024.07.05	02:02:48.392		0.84753			4
2024.07.05	02:02:49.093	0.84751	0.84752			6
2024.07.05	02:02:57.993	0.84750				2
2024.07.05	02:03:00.509	0.84750				2
2024.07.05	02:03:01.221		0.84751			4
2024.07.05	02:03:17.545	0.84751	0.84752			6
2024.07.05	02:03:18.205	0.84750	0.84751			6
2024.07.05	02:03:20.376	0.84751	0.84752			6
2024.07.05	02:03:22.488	0.84750	0.84751			6
2024.07.05	02:03:40.869	0.84748	0.84749			6
2024.07.05	02:03:50.660	0.84747	0.84748			6
2024.07.05	02:04:00.021	0.84747				2
2024.07.05	02:04:19.150	0.84746				2
2024.07.05	02:04:20.608	0.84745				2
2024.07.05	02:04:29.276		0.84746			4
2024.07.05	02:04:57.935	0.84747	0.84748			6
2024.07.05	02:05:00.321	0.84747				2
2024.07.05	02:05:29.484	0.84745	0.84747			6
2024.07.05	02:05:51.494	0.84746				2
2024.07.05	02:06:00.190	0.84746				2
2024.07.05	02:06:29.033		0.84748			4
2024.07.05	02:06:32.084		0.84747			4
2024.07.05	02:06:35.136		0.84748			4
2024.07.05	02:06:36.129		0.84747			4
2024.07.05	02:06:49.151	0.84747	0.84748			6
2024.07.05	02:06:49.775		0.84749			4
2024.07.05	02:06:53.160		0.84750			4
2024.07.05	02:06:54.181		0.84749			4
2024.07.05	02:06:56.206		0.84750			4
2024.07.05	02:06:57.225		0.84749			4
2024.07.05	02:06:58.238		0.84750			4
2024.07.05	02:06:59.250		0.84749			4
2024.07.05	02:07:00.264	0.84747				2
2024.07.05	02:08:00.359	0.84748	0.84750			6
2024.07.05	02:08:11.923	0.84747				2
2024.07.05	02:08:30.825		0.84751			4
2024.07.05	02:08:31.856		0.84750			4
2024.07.05	02:08:32.872	0.84746				2
2024.07.05	02:08:34.902	0.84747	0.84751			6
2024.07.05	02:08:35.918	0.84746	0.84750			6
2024.07.05	02:08:38.189	0.84747	0.84751			6
2024.07.05	02:08:38.963	0.84746	0.84750			6
2024.07.05	02:08:41.566	0.84747	0.84751			6
2024.07.05	02:08:51.571	0.84746	0.84748			6
2024.07.05	02:08:52.076		0.84749			4
2024.07.05	02:09:00.283	0.84746				2
2024.07.05	02:09:00.698	0.84745	0.84748			6
2024.07.05	02:09:01.185		0.84747			4
2024.07.05	02:09:03.329		0.84748			4
2024.07.05	02:09:03.970		0.84747			4
2024.07.05	02:09:09.537		0.84748			4
2024.07.05	02:09:10.481		0.84747			4
2024.07.05	02:09:12.038	0.84746	0.84748			6
2024.07.05	02:09:12.776		0.84747			4
2024.07.05	02:09:16.642		0.84748			4
2024.07.05	02:09:17.681		0.84747			4
2024.07.05	02:09:24.365		0.84748			4
2024.07.05	02:09:24.761		0.84747			4
2024.07.05	02:09:27.986		0.84748			4
2024.07.05	02:09:29.001		0.84747			4
2024.07.05	02:09:31.037		0.84748			4
2024.07.05	02:09:32.048		0.84747			4
2024.07.05	02:09:38.137		0.84748			4
2024.07.05	02:09:38.973		0.84747			4
2024.07.05	02:09:42.188		0.84748			4
2024.07.05	02:09:43.031		0.84747			4
2024.07.05	02:09:45.063		0.84748			4
2024.07.05	02:09:46.077		0.84747			4
2024.07.05	02:09:49.127		0.84748			4
2024.07.05	02:09:50.301		0.84747			4
2024.07.05	02:09:52.171		0.84748			4
2024.07.05	02:09:53.182		0.84747			4
2024.07.05	02:09:56.231		0.84748			4
2024.07.05	02:09:57.400		0.84747			4
2024.07.05	02:10:00.253	0.84746				2
2024.07.05	02:10:03.344		0.84748			4
2024.07.05	02:10:04.355		0.84747			4
2024.07.05	02:10:07.026		0.84748			4
2024.07.05	02:10:07.403		0.84747			4
2024.07.05	02:10:10.507		0.84748			4
2024.07.05	02:10:38.875		0.84747			4
2024.07.05	02:10:40.138		0.84748			4
2024.07.05	02:10:41.131		0.84747			4
2024.07.05	02:10:45.189		0.84748			4
2024.07.05	02:10:45.974		0.84747			4
2024.07.05	02:10:53.080		0.84748			4
2024.07.05	02:10:54.093		0.84747			4
2024.07.05	02:10:59.176		0.84748			4
2024.07.05	02:11:00.185	0.84744	0.84745			6
2024.07.05	02:11:00.487	0.84742	0.84744			6
2024.07.05	02:11:00.883	0.84743				2
2024.07.05	02:11:02.231	0.84742				2
2024.07.05	02:11:15.061	0.84744	0.84745			6
2024.07.05	02:11:15.378		0.84746			4
2024.07.05	02:11:56.072	0.84745				2
2024.07.05	02:11:57.413	0.84744				2
2024.07.05	02:12:00.623	0.84745	0.84747			6
2024.07.05	02:12:01.908	0.84744	0.84746			6
2024.07.05	02:12:03.750	0.84746	0.84747			6
2024.07.05	02:12:41.502	0.84747	0.84748			6
2024.07.05	02:13:02.451	0.84747				2
2024.07.05	02:13:07.605	0.84746				2
2024.07.05	02:13:33.453	0.84747				2
2024.07.05	02:13:44.386		0.84748			4
2024.07.05	02:13:47.355	0.84746	0.84747			6
2024.07.05	02:14:00.874	0.84746				2
2024.07.05	02:14:32.535	0.84745	0.84746			6
2024.07.05	02:14:40.485	0.84746	0.84747			6
2024.07.05	02:14:42.377	0.84749	0.84750			6
2024.07.05	02:14:42.682	0.84746	0.84747			6
2024.07.05	02:14:43.752	0.84747	0.84748			6
2024.07.05	02:14:58.657	0.84746	0.84747			6
2024.07.05	02:15:00.263	0.84746				2
2024.07.05	02:15:58.986		0.84747			4
2024.07.05	02:16:00.000	0.84746				2
2024.07.05	02:16:58.894	0.84743				2
2024.07.05	02:16:59.902		0.84746			4
2024.07.05	02:17:00.918	0.84743				2
2024.07.05	02:17:31.302	0.84744				2
2024.07.05	02:17:32.614	0.84743				2
2024.07.05	02:17:34.428	0.84744				2
2024.07.05	02:17:41.526		0.84747			4
2024.07.05	02:17:43.999	0.84743	0.84746			6
2024.07.05	02:17:44.717	0.84744	0.84747			6
2024.07.05	02:18:01.119	0.84744				2
2024.07.05	02:18:45.355		0.84747			4
2024.07.05	02:19:00.565	0.84744				2
2024.07.05	02:19:11.990	0.84747	0.84748			6
2024.07.05	02:20:02.083	0.84747				2
2024.07.05	02:20:15.136		0.84748			4
2024.07.05	02:20:47.079	0.84746	0.84747			6
2024.07.05	02:20:50.383	0.84747	0.84748			6
2024.07.05	02:20:52.085	0.84748	0.84749			6
2024.07.05	02:20:55.743	0.84750	0.84751			6
2024.07.05	02:20:56.148	0.84749				2
2024.07.05	02:21:00.213	0.84749	0.84753			6
2024.07.05	02:21:02.694	0.84750				2
2024.07.05	02:21:04.336	0.84749				2
2024.07.05	02:21:08.399	0.84750				2
2024.07.05	02:21:10.856		0.84752			4
2024.07.05	02:21:11.300	0.84749				2
2024.07.05	02:21:11.624	0.84750				2
2024.07.05	02:21:12.459	0.84749				2
2024.07.05	02:21:14.476	0.84750	0.84753			6
2024.07.05	02:21:16.584		0.84752			4
2024.07.05	02:21:17.098		0.84753			4
2024.07.05	02:21:17.418		0.84752			4
2024.07.05	02:21:18.043	0.84749	0.84751			6
2024.07.05	02:21:21.057	0.84750				2
2024.07.05	02:21:24.470		0.84753			4
2024.07.05	02:21:25.189	0.84749	0.84752			6
2024.07.05	02:21:27.703	0.84750	0.84753			6
2024.07.05	02:21:28.975		0.84752			4
2024.07.05	02:21:30.051		0.84753			4
2024.07.05	02:21:30.741		0.84752			4
2024.07.05	02:21:31.781		0.84753			4
2024.07.05	02:21:32.737		0.84752			4
2024.07.05	02:21:33.886		0.84753			4
2024.07.05	02:21:34.899		0.84752			4
2024.07.05	02:21:40.432		0.84753			4
2024.07.05	02:21:44.901		0.84754			4
2024.07.05	02:21:45.821		0.84752			4
2024.07.05	02:21:49.016		0.84753			4
2024.07.05	02:22:00.182	0.84750				2
2024.07.05	02:22:14.425		0.84752			4
2024.07.05	02:22:14.774		0.84755			4
2024.07.05	02:22:15.083		0.84754			4
2024.07.05	02:22:15.900		0.84755			4
2024.07.05	02:22:25.437		0.84754			4
2024.07.05	02:22:26.498	0.84749				2
2024.07.05	02:22:27.536	0.84750				2
2024.07.05	02:22:27.882	0.84751	0.84756			6
2024.07.05	02:22:31.216	0.84752				2
2024.07.05	02:22:47.105	0.84751				2
2024.07.05	02:22:59.818		0.84754			4
2024.07.05	02:23:00.180	0.84751				2
2024.07.05	02:23:05.404		0.84753			4
2024.07.05	02:23:15.933		0.84756			4
2024.07.05	02:23:17.925		0.84754			4
2024.07.05	02:23:22.035		0.84753			4
2024.07.05	02:23:26.159		0.84754			4
2024.07.05	02:23:26.557		0.84753			4
2024.07.05	02:23:30.868		0.84754			4
2024.07.05	02:23:32.801		0.84753			4
2024.07.05	02:24:02.594	0.84751				2
2024.07.05	02:24:25.062		0.84752			4
2024.07.05	02:24:29.959	0.84753	0.84754			6
2024.07.05	02:24:31.495	0.84752	0.84753			6
2024.07.05	02:24:40.868		0.84754			4
2024.07.05	02:24:41.197	0.84753				2
2024.07.05	02:25:00.832	0.84753				2
2024.07.05	02:25:42.057		0.84754			4
2024.07.05	02:26:00.177	0.84753				2
2024.07.05	02:26:42.140		0.84754			4
2024.07.05	02:26:44.692	0.84751	0.84752			6
2024.07.05	02:27:00.307	0.84751				2
2024.07.05	02:27:15.726	0.84752	0.84753			6
2024.07.05	02:27:51.573		0.84754			4
2024.07.05	02:28:03.020	0.84752				2
2024.07.05	02:28:55.613	0.84753	0.84754			6
2024.07.05	02:29:02.117	0.84753				2
2024.07.05	02:29:08.235		0.84756			4
2024.07.05	02:29:54.280	0.84752				2
2024.07.05	02:29:58.831		0.84755			4
2024.07.05	02:29:59.270		0.84753			4
2024.07.05	02:30:00.285	0.84752				2
2024.07.05	02:30:45.120	0.84751				2
2024.07.05	02:30:47.124	0.84750	0.84752			6
2024.07.05	02:31:05.479	0.84751				2
2024.07.05	02:31:23.252	0.84750				2
2024.07.05	02:31:24.784	0.84749	0.84751			6
2024.07.05	02:31:25.103	0.84750				2
2024.07.05	02:31:25.988		0.84752			4
2024.07.05	02:31:28.860	0.84749	0.84751			6
2024.07.05	02:31:32.764	0.84750	0.84752			6
2024.07.05	02:31:45.671		0.84751			4
2024.07.05	02:32:00.262	0.84750				2
2024.07.05	02:32:17.525		0.84752			4
2024.07.05	02:32:30.486	0.84751				2
2024.07.05	02:32:30.885	0.84750				2
2024.07.05	02:32:31.873	0.84749				2
2024.07.05	02:32:49.477	0.84746	0.84749			6
2024.07.05	02:32:51.029	0.84747				2
2024.07.05	02:33:00.200	0.84747				2
2024.07.05	02:33:11.967	0.84748				2
2024.07.05	02:33:14.121	0.84747				2
2024.07.05	02:33:51.027		0.84749			4
2024.07.05	02:33:53.474		0.84750			4
2024.07.05	02:33:54.308		0.84749			4
2024.07.05	02:33:56.681	0.84746				2
2024.07.05	02:33:58.585	0.84747	0.84750			6
2024.07.05	02:33:58.914	0.84746				2
2024.07.05	02:33:59.725		0.84749			4
2024.07.05	02:34:00.408	0.84746				2
2024.07.05	02:34:00.737		0.84750			4
2024.07.05	02:34:07.524	0.84747				2
2024.07.05	02:34:07.836		0.84751			4
2024.07.05	02:34:08.629		0.84750			4
2024.07.05	02:34:10.886		0.84751			4
2024.07.05	02:34:11.896		0.84750			4
2024.07.05	02:34:15.964		0.84749			4
2024.07.05	02:34:19.015	0.84746				2
2024.07.05	02:34:27.246	0.84747				2
2024.07.05	02:34:27.658	0.84746				2
2024.07.05	02:34:28.502	0.84747				2
2024.07.05	02:34:30.200	0.84746				2
2024.07.05	02:34:41.330	0.84747				2
2024.07.05	02:34:45.513	0.84746				2
2024.07.05	02:34:46.392	0.84747				2
2024.07.05	02:34:48.820	0.84746				2
2024.07.05	02:34:50.188	0.84747				2
2024.07.05	02:34:50.922	0.84746				2
2024.07.05	02:34:55.791	0.84748				2
2024.07.05	02:34:58.346	0.84747				2
2024.07.05	02:35:00.487	0.84746				2
2024.07.05	02:35:17.683		0.84749			4
2024.07.05	02:36:00.198	0.84746				2
2024.07.05	02:36:20.122		0.84749			4
2024.07.05	02:36:21.010		0.84751			4
2024.07.05	02:36:41.603		0.84752			4
2024.07.05	02:36:45.203		0.84751			4
2024.07.05	02:36:54.141		0.84750			4
2024.07.05	02:37:00.321	0.84746				2
2024.07.05	02:37:30.199	0.84747	0.84749			6
2024.07.05	02:37:30.557	0.84746				2
2024.07.05	02:37:33.469		0.84750			4
2024.07.05	02:37:33.974		0.84749			4
2024.07.05	02:37:34.482		0.84750			4
2024.07.05	02:37:35.504		0.84749			4
2024.07.05	02:37:36.513		0.84750			4
2024.07.05	02:37:38.233		0.84749			4
2024.07.05	02:37:41.006		0.84750			4
2024.07.05	02:37:41.800	0.84747				2
2024.07.05	02:37:42.139	0.84746				2
2024.07.05	02:37:44.484		0.84749			4
2024.07.05	02:37:45.200		0.84750			4
2024.07.05	02:37:46.216		0.84749			4
2024.07.05	02:37:47.231	0.84747				2
2024.07.05	02:37:48.245	0.84746				2
2024.07.05	02:37:56.819	0.84747				2
2024.07.05	02:37:57.189	0.84748				2
2024.07.05	02:38:00.199	0.84747				2
2024.07.05	02:38:00.523	0.84748				2
2024.07.05	02:38:00.848	0.84747				2
2024.07.05	02:38:01.218	0.84748				2
2024.07.05	02:38:01.568	0.84747				2
2024.07.05	02:38:01.922	0.84746				2
2024.07.05	02:38:02.610	0.84747				2
2024.07.05	02:38:03.250	0.84746				2
2024.07.05	02:38:04.045	0.84747				2
2024.07.05	02:38:05.280	0.84746	0.84750			6
2024.07.05	02:38:05.606	0.84747				2
2024.07.05	02:38:06.297		0.84749			4
2024.07.05	02:38:07.034	0.84746	0.84750			6
2024.07.05	02:38:07.416	0.84747				2
2024.07.05	02:38:10.346	0.84746	0.84749			6
2024.07.05	02:38:10.663	0.84747				2
2024.07.05	02:38:11.207		0.84750			4
2024.07.05	02:38:12.177		0.84749			4
2024.07.05	02:38:12.910		0.84750			4
2024.07.05	02:38:13.270	0.84746				2
2024.07.05	02:38:16.185		0.84749			4
2024.07.05	02:38:16.595	0.84747	0.84750			6
2024.07.05	02:38:17.173	0.84746	0.84748			6
2024.07.05	02:38:21.423		0.84749			4
2024.07.05	02:38:22.457		0.84748			4
2024.07.05	02:38:27.210	0.84747				2
2024.07.05	02:38:29.173	0.84746				2
2024.07.05	02:38:31.353	0.84747				2
2024.07.05	02:38:31.717	0.84746				2
2024.07.05	02:38:41.561		0.84749			4
2024.07.05	02:38:50.978		0.84750			4
2024.07.05	02:38:52.778		0.84749			4
2024.07.05	02:38:53.159		0.84750			4
2024.07.05	02:38:54.055	0.84747	0.84749			6
2024.07.05	02:39:07.100	0.84747				2
2024.07.05	02:39:54.919		0.84749			4
2024.07.05	02:40:00.206	0.84747				2
2024.07.05	02:40:01.513	0.84745				2
2024.07.05	02:40:06.430	0.84746				2
2024.07.05	02:40:11.131	0.84745				2
2024.07.05	02:40:17.194	0.84746				2
2024.07.05	02:40:18.022		0.84750			4
2024.07.05	02:40:18.346		0.84751			4
2024.07.05	02:40:18.811		0.84749			4
2024.07.05	02:40:19.356		0.84750			4
2024.07.05	02:40:20.116		0.84751			4
2024.07.05	02:40:26.016	0.84748				2
2024.07.05	02:40:26.338	0.84747				2
2024.07.05	02:40:35.366	0.84746				2
2024.07.05	02:40:38.206	0.84747				2
2024.07.05	02:40:39.121	0.84746				2
2024.07.05	02:40:39.442	0.84747				2
2024.07.05	02:40:49.175	0.84746				2
2024.07.05	02:40:49.494		0.84750			4
2024.07.05	02:40:55.608		0.84749			4
2024.07.05	02:41:00.088	0.84746				2
2024.07.05	02:41:42.314	0.84747				2
2024.07.05	02:41:46.060	0.84746				2
2024.07.05	02:42:09.398	0.84746	0.84749			6
2024.07.05	02:42:11.236	0.84747				2
2024.07.05	02:42:27.400	0.84746				2
2024.07.05	02:42:28.208	0.84747				2
2024.07.05	02:42:34.176	0.84746				2
2024.07.05	02:42:41.555	0.84747	0.84751			6
2024.07.05	02:42:54.368	0.84748				2
2024.07.05	02:43:01.062	0.84748				2
2024.07.05	02:43:02.806	0.84747				2
2024.07.05	02:43:03.479	0.84748	0.84750			6
2024.07.05	02:43:04.836	0.84747				2
2024.07.05	02:43:18.635	0.84748				2
2024.07.05	02:43:19.026		0.84751			4
2024.07.05	02:43:22.435		0.84750			4
2024.07.05	02:43:23.680	0.84747				2
2024.07.05	02:43:32.411	0.84748				2
2024.07.05	02:43:33.666	0.84747				2
2024.07.05	02:43:34.336	0.84748				2
2024.07.05	02:43:38.676	0.84749				2
2024.07.05	02:44:01.023	0.84749				2
2024.07.05	02:44:09.895	0.84747	0.84748			6
2024.07.05	02:44:17.615		0.84749			4
2024.07.05	02:44:20.388	0.84749	0.84750			6
2024.07.05	02:44:20.705		0.84751			4
2024.07.05	02:44:37.301	0.84750	0.84752			6
2024.07.05	02:44:37.752	0.84749				2
2024.07.05	02:44:38.983		0.84751			4
2024.07.05	02:44:41.563		0.84752			4
2024.07.05	02:44:42.520	0.84750				2
2024.07.05	02:44:42.836	0.84751	0.84753			6
2024.07.05	02:44:43.285	0.84750				2
2024.07.05	02:44:55.341	0.84748	0.84751			6
2024.07.05	02:44:55.866	0.84749	0.84752			6
2024.07.05	02:44:58.274	0.84748	0.84751			6
2024.07.05	02:44:58.655	0.84749				2
2024.07.05	02:45:01.803	0.84749	0.84752			6
2024.07.05	02:45:06.017	0.84750				2
2024.07.05	02:45:12.813		0.84751			4
2024.07.05	02:45:44.638	0.84751	0.84754			6
2024.07.05	02:45:48.884	0.84752				2
2024.07.05	02:45:49.233	0.84751				2
2024.07.05	02:45:49.786		0.84755			4
2024.07.05	02:46:01.038	0.84751	0.84754			6
2024.07.05	02:46:03.199		0.84755			4
2024.07.05	02:46:56.538	0.84752				2
2024.07.05	02:47:00.730	0.84752				2
2024.07.05	02:47:04.581		0.84755			4
2024.07.05	02:47:05.591	0.84751				2
2024.07.05	02:48:00.514	0.84751				2
2024.07.05	02:48:03.990		0.84756			4
2024.07.05	02:48:31.716	0.84752				2
2024.07.05	02:48:41.586		0.84755			4
2024.07.05	02:49:01.112	0.84752				2
2024.07.05	02:49:02.314		0.84756			4
2024.07.05	02:49:17.974		0.84757			4
2024.07.05	02:49:41.272		0.84756			4
2024.07.05	02:49:43.970		0.84755			4
2024.07.05	02:49:58.406	0.84751				2
2024.07.05	02:50:00.405	0.84751				2
2024.07.05	02:50:09.888	0.84750	0.84754			6
2024.07.05	02:50:10.203	0.84749	0.84752			6
2024.07.05	02:50:25.827		0.84753			4
2024.07.05	02:50:42.079	0.84750				2
2024.07.05	02:50:45.597	0.84751	0.84754			6
2024.07.05	02:50:45.904		0.84755			4
2024.07.05	02:50:47.350	0.84752				2
2024.07.05	02:50:48.891		0.84756			4
2024.07.05	02:50:49.601		0.84757			4
2024.07.05	02:50:55.784		0.84756			4
2024.07.05	02:51:00.283	0.84752				2
2024.07.05	02:51:02.647	0.84751				2
2024.07.05	02:51:03.410	0.84752				2
2024.07.05	02:51:04.806	0.84751				2
2024.07.05	02:51:48.601	0.84750	0.84755			6
2024.07.05	02:51:57.301		0.84756			4
2024.07.05	02:51:59.859	0.84751				2
2024.07.05	02:52:02.230	0.84751				2
2024.07.05	02:52:49.026	0.84753				2
2024.07.05	02:52:55.571	0.84752	0.84755			6
2024.07.05	02:53:00.386	0.84752				2
2024.07.05	02:53:34.304	0.84753				2
2024.07.05	02:54:00.204	0.84753	0.84755			6
2024.07.05	02:54:19.257	0.84752				2
2024.07.05	02:54:51.493	0.84753				2
2024.07.05	02:54:58.384	0.84750	0.84752			6
2024.07.05	02:55:00.701	0.84750				2
2024.07.05	02:55:02.005	0.84753	0.84754			6
2024.07.05	02:55:46.567	0.84752				2
2024.07.05	02:56:00.633	0.84752				2
2024.07.05	02:56:02.037		0.84754			4
2024.07.05	02:57:00.259	0.84752				2
2024.07.05	02:57:00.958	0.84753				2
2024.07.05	02:57:02.382		0.84754			4
2024.07.05	02:58:00.727	0.84753				2
2024.07.05	02:58:02.828		0.84754			4
2024.07.05	02:58:18.285		0.84755			4
2024.07.05	02:58:19.835		0.84754			4
2024.07.05	02:58:33.210		0.84755			4
2024.07.05	02:59:01.075	0.84752				2
2024.07.05	02:59:23.926	0.84753				2
2024.07.05	02:59:34.983		0.84755			4
2024.07.05	03:00:00.172	0.84753				2
2024.07.05	03:00:00.487	0.84754				2
2024.07.05	03:00:00.819	0.84753	0.84754			6
2024.07.05	03:00:01.845	0.84752	0.84753			6
2024.07.05	03:00:03.171	0.84753	0.84754			6
2024.07.05	03:00:16.058	0.84754	0.84755			6
2024.07.05	03:00:17.154	0.84753	0.84754			6
2024.07.05	03:00:29.861	0.84754	0.84755			6
2024.07.05	03:00:30.381	0.84753	0.84754			6
2024.07.05	03:00:57.660	0.84754	0.84755			6
2024.07.05	03:00:57.962	0.84753	0.84754			6
2024.07.05	03:00:59.825	0.84752	0.84753			6
2024.07.05	03:01:00.214	0.84752				2
2024.07.05	03:01:07.333	0.84753	0.84754			6
2024.07.05	03:01:08.481	0.84752	0.84753			6
2024.07.05	03:01:08.888	0.84753	0.84754			6
2024.07.05	03:01:11.459	0.84752	0.84753			6
2024.07.05	03:01:30.370	0.84753	0.84754			6
2024.07.05	03:01:35.218	0.84754	0.84755			6
2024.07.05	03:01:42.550	0.84753	0.84754			6
2024.07.05	03:01:42.863	0.84754	0.84755			6
2024.07.05	03:01:45.327	0.84757	0.84758			6
2024.07.05	03:01:53.161	0.84760	0.84761			6
2024.07.05	03:02:00.394	0.84760				2
2024.07.05	03:02:03.586	0.84761	0.84762			6
2024.07.05	03:02:03.909	0.84760	0.84761			6
2024.07.05	03:02:07.813	0.84759	0.84760			6
2024.07.05	03:02:13.380	0.84758	0.84759			6
2024.07.05	03:02:15.159	0.84759	0.84760			6
2024.07.05	03:02:30.350	0.84758	0.84759			6
2024.07.05	03:02:37.402	0.84757	0.84758			6
2024.07.05	03:02:45.193	0.84756	0.84757			6
2024.07.05	03:02:52.723	0.84755	0.84756			6
2024.07.05	03:02:56.530	0.84756	0.84757			6
2024.07.05	03:03:00.180	0.84756				2
2024.07.05	03:03:02.626	0.84755	0.84756			6
2024.07.05	03:03:06.508	0.84753				2
2024.07.05	03:03:07.261	0.84755				2
2024.07.05	03:03:13.019	0.84753				2
2024.07.05	03:03:13.357		0.84757			4
2024.07.05	03:03:14.009		0.84756			4
2024.07.05	03:03:16.143		0.84757			4
2024.07.05	03:03:16.464	0.84755	0.84756			6
2024.07.05	03:03:23.267	0.84754	0.84755			6
2024.07.05	03:03:23.579		0.84756			4
2024.07.05	03:03:24.010	0.84755				2
2024.07.05	03:03:30.213	0.84753	0.84757			6
2024.07.05	03:03:30.583	0.84754	0.84755			6
2024.07.05	03:03:30.889	0.84755	0.84756			6
2024.07.05	03:03:31.446	0.84753				2
2024.07.05	03:03:31.911		0.84757			4
2024.07.05	03:03:32.243		0.84756			4
2024.07.05	03:03:32.718		0.84758			4
2024.07.05	03:03:33.120		0.84757			4
2024.07.05	03:03:33.929		0.84756			4
2024.07.05	03:03:36.772	0.84754	0.84755			6
2024.07.05	03:03:39.166	0.84755	0.84756			6
2024.07.05	03:03:51.526	0.84753	0.84754			6
2024.07.05	03:03:52.847	0.84754	0.84755			6
2024.07.05	03:03:54.002	0.84753	0.84754			6
2024.07.05	03:03:55.372	0.84754	0.84755			6
2024.07.05	03:03:58.051	0.84755	0.84756			6
2024.07.05	03:04:00.102	0.84754				2
2024.07.05	03:04:01.499		0.84755			4
2024.07.05	03:04:02.193	0.84755	0.84756			6
2024.07.05	03:04:05.725	0.84756	0.84757			6
2024.07.05	03:04:08.083	0.84755	0.84756			6
2024.07.05	03:04:10.535	0.84756	0.84757			6
2024.07.05	03:04:10.842	0.84755	0.84756			6
2024.07.05	03:04:25.143	0.84756	0.84757			6
2024.07.05	03:04:29.968	0.84755	0.84756			6
2024.07.05	03:04:31.672	0.84756	0.84757			6
2024.07.05	03:04:32.222	0.84755	0.84756			6
2024.07.05	03:04:56.070	0.84756	0.84757			6
2024.07.05	03:04:58.305	0.84755	0.84756			6
2024.07.05	03:04:58.619	0.84756	0.84757			6
2024.07.05	03:05:00.403	0.84756				2
2024.07.05	03:05:01.430	0.84755	0.84756			6
2024.07.05	03:05:18.194	0.84753	0.84755			6
2024.07.05	03:05:21.412	0.84754				2
2024.07.05	03:05:22.367	0.84753	0.84754			6
2024.07.05	03:05:23.274	0.84754	0.84755			6
2024.07.05	03:05:23.784	0.84753				2
2024.07.05	03:05:24.093		0.84756			4
2024.07.05	03:05:25.141	0.84755				2
2024.07.05	03:05:28.229	0.84753				2
2024.07.05	03:05:30.647	0.84754	0.84755			6
2024.07.05	03:05:39.457	0.84753	0.84757			6
2024.07.05	03:05:40.465	0.84754	0.84756			6
2024.07.05	03:05:42.208		0.84755			4
2024.07.05	03:05:44.318		0.84756			4
2024.07.05	03:05:45.549		0.84755			4
2024.07.05	03:05:53.058	0.84753	0.84756			6
2024.07.05	03:05:53.377	0.84754	0.84755			6
2024.07.05	03:05:55.207	0.84755	0.84756			6
2024.07.05	03:06:00.474	0.84755				2
2024.07.05	03:06:21.221	0.84756	0.84757			6
2024.07.05	03:06:22.247	0.84755	0.84756			6
2024.07.05	03:06:32.174	0.84756	0.84757			6
2024.07.05	03:06:35.322	0.84753	0.84754			6
2024.07.05	03:06:35.634	0.84755	0.84756			6
2024.07.05	03:06:37.387	0.84754	0.84755			6
2024.07.05	03:07:00.212	0.84754				2
2024.07.05	03:07:01.382	0.84756	0.84757			6
2024.07.05	03:07:07.983	0.84757	0.84758			6
2024.07.05	03:07:10.771	0.84756	0.84757			6
2024.07.05	03:07:12.704	0.84757	0.84758			6
2024.07.05	03:07:13.017	0.84758	0.84759			6
2024.07.05	03:07:13.422	0.84757	0.84758			6
2024.07.05	03:07:17.736	0.84758	0.84759			6
2024.07.05	03:07:18.057	0.84757	0.84758			6
2024.07.05	03:07:50.533	0.84758	0.84759			6
2024.07.05	03:07:57.089	0.84759	0.84760			6
2024.07.05	03:07:57.738	0.84758	0.84759			6
2024.07.05	03:07:59.499	0.84759	0.84760			6
2024.07.05	03:08:00.260	0.84759				2
2024.07.05	03:08:00.564	0.84758	0.84759			6
2024.07.05	03:08:11.561	0.84756	0.84757			6
2024.07.05	03:08:26.647	0.84755	0.84756			6
2024.07.05	03:08:31.613	0.84756	0.84757			6
2024.07.05	03:08:32.006	0.84755	0.84756			6
2024.07.05	03:08:32.713	0.84756	0.84757			6
2024.07.05	03:08:35.608	0.84755	0.84756			6
2024.07.05	03:08:35.957	0.84756	0.84757			6
2024.07.05	03:08:36.307	0.84755	0.84756			6
2024.07.05	03:08:37.139	0.84756	0.84757			6
2024.07.05	03:08:37.522	0.84755	0.84756			6
2024.07.05	03:08:40.663	0.84754	0.84755			6
2024.07.05	03:08:41.557	0.84755	0.84756			6
2024.07.05	03:08:49.706	0.84754	0.84755			6
2024.07.05	03:09:00.209	0.84754				2
2024.07.05	03:09:01.158	0.84755	0.84756			6
2024.07.05	03:09:03.241	0.84754	0.84755			6
2024.07.05	03:09:17.029	0.84755	0.84756			6
2024.07.05	03:09:26.462	0.84753	0.84754			6
2024.07.05	03:09:27.421	0.84752	0.84753			6
2024.07.05	03:09:30.960	0.84753	0.84754			6
2024.07.05	03:09:41.993	0.84754	0.84755			6
2024.07.05	03:09:46.030	0.84753	0.84754			6
2024.07.05	03:09:56.982	0.84752	0.84753			6
2024.07.05	03:10:00.355	0.84752				2
2024.07.05	03:10:00.697	0.84751	0.84752			6
2024.07.05	03:10:01.092	0.84750	0.84751			6
2024.07.05	03:10:01.867	0.84751	0.84752			6
2024.07.05	03:10:09.457	0.84753	0.84754			6
2024.07.05	03:10:09.770	0.84754	0.84755			6
2024.07.05	03:10:10.180	0.84753	0.84754			6
2024.07.05	03:10:15.606	0.84752	0.84753			6
2024.07.05	03:10:21.061	0.84753	0.84754			6
2024.07.05	03:10:21.757	0.84752	0.84753			6
2024.07.05	03:10:26.820	0.84753	0.84754			6
2024.07.05	03:10:27.197	0.84754	0.84755			6
2024.07.05	03:10:28.926	0.84755	0.84756			6
2024.07.05	03:10:46.613	0.84756	0.84757			6
2024.07.05	03:11:00.209	0.84756				2
2024.07.05	03:11:11.764	0.84757	0.84758			6
2024.07.05	03:11:16.782	0.84756	0.84757			6
2024.07.05	03:11:17.327	0.84757	0.84758			6
2024.07.05	03:11:26.980	0.84756	0.84757			6
2024.07.05	03:11:27.316	0.84755	0.84756			6
2024.07.05	03:11:28.083	0.84756	0.84757			6
2024.07.05	03:11:35.383	0.84755	0.84756			6
2024.07.05	03:11:41.598	0.84754	0.84755			6
2024.07.05	03:11:43.815	0.84755	0.84756			6
2024.07.05	03:11:47.146	0.84754	0.84755			6
2024.07.05	03:11:49.937	0.84755	0.84756			6
2024.07.05	03:11:51.566	0.84754	0.84755			6
2024.07.05	03:11:57.743	0.84753				2
2024.07.05	03:11:58.058	0.84754				2
2024.07.05	03:12:00.167	0.84754				2
2024.07.05	03:12:03.111	0.84755	0.84756			6
2024.07.05	03:12:13.324	0.84754	0.84755			6
2024.07.05	03:12:14.255	0.84755	0.84756			6
2024.07.05	03:12:17.449	0.84756	0.84757			6
2024.07.05	03:12:18.993	0.84755	0.84756			6
2024.07.05	03:12:19.482	0.84756	0.84757			6
2024.07.05	03:12:22.767	0.84755	0.84756			6
2024.07.05	03:12:23.067	0.84756	0.84757			6
2024.07.05	03:12:23.711	0.84755	0.84756			6
2024.07.05	03:12:24.343	0.84756	0.84757			6
2024.07.05	03:12:29.009	0.84755	0.84756			6
2024.07.05	03:12:34.159	0.84757	0.84758			6
2024.07.05	03:12:34.555	0.84755	0.84757			6
2024.07.05	03:12:35.266	0.84756				2
2024.07.05	03:12:38.533	0.84757	0.84758			6
2024.07.05	03:12:40.725	0.84756	0.84757			6
2024.07.05	03:12:41.052	0.84757	0.84758			6
2024.07.05	03:12:41.460	0.84756	0.84757			6
2024.07.05	03:12:44.319	0.84755				2
2024.07.05	03:12:45.541	0.84758	0.84759			6
2024.07.05	03:12:46.318	0.84757	0.84758			6
2024.07.05	03:12:49.606		0.84759			4
2024.07.05	03:12:49.966		0.84758			4
2024.07.05	03:13:00.271	0.84757				2
2024.07.05	03:13:01.305	0.84756				2
2024.07.05	03:13:02.099	0.84757				2
2024.07.05	03:13:02.738	0.84756	0.84757			6
2024.07.05	03:13:18.481	0.84755	0.84756			6
2024.07.05	03:13:18.785	0.84754	0.84755			6
2024.07.05	03:13:19.403	0.84753	0.84754			6
2024.07.05	03:13:19.782	0.84752	0.84753			6
2024.07.05	03:13:21.379	0.84751	0.84752			6
2024.07.05	03:13:21.776	0.84750	0.84751			6
2024.07.05	03:13:42.356	0.84749	0.84750			6
2024.07.05	03:14:00.566	0.84749				2
2024.07.05	03:14:02.933	0.84748	0.84749			6
2024.07.05	03:14:03.876	0.84749	0.84750			6
2024.07.05	03:14:11.132	0.84748	0.84749			6
2024.07.05	03:14:15.074	0.84749	0.84750			6
2024.07.05	03:14:18.141	0.84750	0.84751			6
2024.07.05	03:14:18.486	0.84749	0.84750			6
2024.07.05	03:14:25.464	0.84750	0.84751			6
2024.07.05	03:14:25.913	0.84749	0.84750			6
2024.07.05	03:14:26.807	0.84750	0.84751			6
2024.07.05	03:14:27.117	0.84749	0.84750			6
2024.07.05	03:14:28.206	0.84750	0.84751			6
2024.07.05	03:14:29.812	0.84749	0.84750			6
2024.07.05	03:14:30.215	0.84750	0.84751			6
2024.07.05	03:14:31.377	0.84749	0.84750			6
2024.07.05	03:14:31.932	0.84750	0.84751			6
2024.07.05	03:14:39.142	0.84751	0.84752			6
2024.07.05	03:14:42.735	0.84750	0.84751			6
2024.07.05	03:14:47.259	0.84751	0.84752			6
2024.07.05	03:14:47.605	0.84750	0.84751			6
2024.07.05	03:14:48.040	0.84751	0.84752			6
2024.07.05	03:14:55.831	0.84750	0.84751			6
2024.07.05	03:15:00.317	0.84750				2
2024.07.05	03:15:01.898	0.84751	0.84752			6
2024.07.05	03:15:02.267	0.84750	0.84751			6
2024.07.05	03:15:02.736	0.84751	0.84752			6
2024.07.05	03:15:03.122	0.84750	0.84751			6
2024.07.05	03:15:04.415	0.84751	0.84752			6
2024.07.05	03:15:08.116	0.84752	0.84753			6
2024.07.05	03:15:10.510	0.84753	0.84754			6
2024.07.05	03:15:29.816	0.84754	0.84755			6
2024.07.05	03:15:30.169	0.84753				2
2024.07.05	03:15:32.154	0.84754				2
2024.07.05	03:15:35.784	0.84753	0.84754			6
2024.07.05	03:15:38.429		0.84755			4
2024.07.05	03:15:38.757	0.84754				2
2024.07.05	03:15:40.014	0.84753	0.84754			6
2024.07.05	03:15:44.207		0.84755			4
2024.07.05	03:15:46.714	0.84752				2
2024.07.05	03:15:48.240	0.84754				2
2024.07.05	03:15:52.962	0.84753				2
2024.07.05	03:15:56.171	0.84751	0.84752			6
2024.07.05	03:16:00.023	0.84752	0.84753			6
2024.07.05	03:16:00.409	0.84751	0.84752			6
2024.07.05	03:16:01.343	0.84752	0.84753			6
2024.07.05	03:16:01.680	0.84751	0.84752			6
2024.07.05	03:16:02.488	0.84750	0.84751			6
2024.07.05	03:16:05.856	0.84751	0.84752			6
2024.07.05	03:16:16.345	0.84752	0.84753			6
2024.07.05	03:16:17.873	0.84751	0.84752			6
2024.07.05	03:16:23.038	0.84752	0.84753			6
2024.07.05	03:16:25.487	0.84754	0.84755			6
2024.07.05	03:16:26.220	0.84753	0.84754			6
2024.07.05	03:16:31.539	0.84752				2
2024.07.05	03:16:32.196	0.84753				2
2024.07.05	03:16:34.344	0.84754	0.84755			6
2024.07.05	03:16:38.370	0.84753	0.84754			6
2024.07.05	03:16:39.166	0.84755	0.84756			6
2024.07.05	03:16:39.474	0.84754	0.84755			6
2024.07.05	03:16:39.908	0.84755	0.84756			6
2024.07.05	03:16:40.589	0.84754	0.84755			6
2024.07.05	03:16:42.787	0.84753	0.84754			6
2024.07.05	03:16:53.346	0.84754	0.84755			6
2024.07.05	03:17:00.372	0.84755	0.84756			6
2024.07.05	03:17:01.425	0.84754	0.84755			6
2024.07.05	03:17:03.002	0.84755	0.84756			6
2024.07.05	03:17:04.771	0.84754	0.84755			6
2024.07.05	03:17:05.411	0.84755	0.84756			6
2024.07.05	03:17:06.057	0.84754	0.84755			6
2024.07.05	03:17:06.428	0.84755	0.84756			6
2024.07.05	03:17:07.316	0.84754	0.84755			6
2024.07.05	03:17:08.770	0.84755	0.84756			6
2024.07.05	03:17:09.187	0.84754	0.84755			6
2024.07.05	03:17:16.584	0.84755	0.84756			6
2024.07.05	03:17:19.695	0.84754	0.84755			6
2024.07.05	03:17:22.993	0.84755	0.84756			6
2024.07.05	03:17:24.211	0.84754	0.84755			6
2024.07.05	03:17:31.809	0.84755	0.84756			6
2024.07.05	03:17:33.260	0.84756	0.84757			6
2024.07.05	03:17:34.127	0.84755	0.84756			6
2024.07.05	03:17:34.972		0.84757			4
2024.07.05	03:17:35.297		0.84756			4
2024.07.05	03:17:36.791	0.84758	0.84759			6
2024.07.05	03:17:38.691	0.84757	0.84758			6
2024.07.05	03:17:39.096	0.84758	0.84759			6
2024.07.05	03:17:39.611	0.84757	0.84758			6
2024.07.05	03:17:41.030	0.84758	0.84759			6
2024.07.05	03:17:43.519	0.84757				2
2024.07.05	03:17:44.092	0.84758				2
2024.07.05	03:17:48.476	0.84757				2
2024.07.05	03:17:49.605	0.84758				2
2024.07.05	03:17:50.217	0.84757				2
2024.07.05	03:17:51.256	0.84759	0.84760			6
2024.07.05	03:17:51.564	0.84758	0.84759			6
2024.07.05	03:17:52.681	0.84759	0.84760			6
2024.07.05	03:17:56.754	0.84758	0.84759			6
2024.07.05	03:18:00.469	0.84758				2
2024.07.05	03:18:11.450	0.84759	0.84760			6
2024.07.05	03:18:21.050	0.84760	0.84761			6
2024.07.05	03:18:32.144	0.84762	0.84763			6
2024.07.05	03:18:41.916	0.84761	0.84762			6
2024.07.05	03:18:44.004	0.84762	0.84763			6
2024.07.05	03:18:58.142	0.84761	0.84762			6
2024.07.05	03:18:59.756	0.84762	0.84763			6
2024.07.05	03:19:00.070	0.84762				2
2024.07.05	03:19:02.436	0.84761	0.84762			6
2024.07.05	03:19:04.110	0.84762	0.84763			6
2024.07.05	03:19:15.258	0.84761	0.84762			6
2024.07.05	03:19:16.284	0.84762	0.84763			6
2024.07.05	03:19:26.078	0.84761	0.84762			6
2024.07.05	03:19:32.220	0.84760	0.84761			6
2024.07.05	03:19:34.277	0.84761	0.84762			6
2024.07.05	03:19:40.879	0.84760	0.84761			6
2024.07.05	03:20:00.371	0.84760				2
2024.07.05	03:20:30.623	0.84762	0.84763			6
2024.07.05	03:20:32.432	0.84761	0.84762			6
2024.07.05	03:20:40.095	0.84760	0.84761			6
2024.07.05	03:20:43.843	0.84761	0.84762			6
2024.07.05	03:20:49.142	0.84760	0.84761			6
2024.07.05	03:20:49.458	0.84761	0.84762			6
2024.07.05	03:20:58.756	0.84762	0.84763			6
2024.07.05	03:21:00.106	0.84761	0.84762			6
2024.07.05	03:21:01.511	0.84762	0.84763			6
2024.07.05	03:21:03.903	0.84761	0.84762			6
2024.07.05	03:21:08.815	0.84762	0.84763			6
2024.07.05	03:21:15.728	0.84763	0.84764			6
2024.07.05	03:21:16.660	0.84762	0.84763			6
2024.07.05	03:21:27.156	0.84763	0.84764			6
2024.07.05	03:21:27.987	0.84762	0.84763			6
2024.07.05	03:21:32.345	0.84761	0.84762			6
2024.07.05	03:21:32.667	0.84760	0.84761			6
2024.07.05	03:21:34.004	0.84761	0.84762			6
2024.07.05	03:21:35.812	0.84762	0.84763			6
2024.07.05	03:21:39.528	0.84760	0.84761			6
2024.07.05	03:21:44.163	0.84759	0.84760			6
2024.07.05	03:21:44.479	0.84760	0.84761			6
2024.07.05	03:21:46.052	0.84759	0.84760			6
2024.07.05	03:21:48.859	0.84760	0.84761			6
2024.07.05	03:21:49.530	0.84759	0.84760			6
2024.07.05	03:21:56.573	0.84760	0.84761			6
2024.07.05	03:21:56.882	0.84759	0.84760			6
2024.07.05	03:21:57.574	0.84760	0.84761			6
2024.07.05	03:21:58.381	0.84759	0.84760			6
2024.07.05	03:21:59.381	0.84760	0.84761			6
2024.07.05	03:22:00.022	0.84760				2
2024.07.05	03:22:02.276	0.84759	0.84760			6
2024.07.05	03:22:05.086	0.84760	0.84761			6
2024.07.05	03:22:16.362	0.84759	0.84760			6
2024.07.05	03:22:19.377	0.84758	0.84759			6
2024.07.05	03:22:23.242	0.84759	0.84760			6
2024.07.05	03:22:23.981	0.84758	0.84759			6
2024.07.05	03:22:31.364	0.84757	0.84758			6
2024.07.05	03:22:31.689	0.84756				2
2024.07.05	03:22:32.055		0.84757			4
2024.07.05	03:22:32.364	0.84757	0.84758			6
2024.07.05	03:22:34.599	0.84758	0.84759			6
2024.07.05	03:22:48.977	0.84757	0.84758			6
2024.07.05	03:22:51.561	0.84756	0.84757			6
2024.07.05	03:22:53.225	0.84757	0.84758			6
2024.07.05	03:22:53.866	0.84756	0.84757			6
2024.07.05	03:22:54.307	0.84757	0.84758			6
2024.07.05	03:22:54.760	0.84756	0.84757			6
2024.07.05	03:22:58.973	0.84757	0.84758			6
2024.07.05	03:23:00.342	0.84756	0.84757			6
2024.07.05	03:23:11.256	0.84755	0.84756			6
2024.07.05	03:23:13.923	0.84756	0.84757			6
2024.07.05	03:23:14.693	0.84755	0.84756			6
2024.07.05	03:23:15.085	0.84756	0.84757			6
2024.07.05	03:23:26.862	0.84755	0.84756			6
2024.07.05	03:23:46.726	0.84754	0.84755			6
2024.07.05	03:24:00.801	0.84754				2
2024.07.05	03:24:02.677	0.84751	0.84752			6
2024.07.05	03:24:05.706	0.84750	0.84751			6
2024.07.05	03:24:08.963	0.84751	0.84752			6
2024.07.05	03:24:09.264	0.84750	0.84751			6
2024.07.05	03:24:13.035	0.84751	0.84752			6
2024.07.05	03:24:16.167	0.84750	0.84751			6
2024.07.05	03:24:44.812	0.84751	0.84752			6
2024.07.05	03:24:48.238	0.84750	0.84751			6
2024.07.05	03:24:48.850	0.84751	0.84752			6
2024.07.05	03:24:49.215	0.84750	0.84751			6
2024.07.05	03:24:50.958	0.84751	0.84752			6
2024.07.05	03:24:52.020	0.84750	0.84751			6
2024.07.05	03:24:52.561	0.84751	0.84752			6
2024.07.05	03:24:53.941	0.84750	0.84751			6
2024.07.05	03:25:00.310	0.84750				2
2024.07.05	03:25:16.344	0.84749	0.84750			6
2024.07.05	03:25:16.667	0.84750	0.84751			6
2024.07.05	03:25:40.345	0.84751	0.84752			6
2024.07.05	03:25:44.615	0.84750	0.84751			6
2024.07.05	03:25:45.072	0.84751	0.84752			6
2024.07.05	03:25:46.614	0.84750	0.84751			6
2024.07.05	03:25:48.479	0.84751	0.84752			6
2024.07.05	03:25:49.083	0.84750	0.84751			6
2024.07.05	03:25:50.633	0.84751	0.84752			6
2024.07.05	03:25:51.019	0.84750	0.84751			6
2024.07.05	03:25:55.479	0.84751	0.84752			6
2024.07.05	03:26:00.593	0.84751				2
2024.07.05	03:26:01.460	0.84750	0.84751			6
2024.07.05	03:26:04.108	0.84753	0.84754			6
2024.07.05	03:26:05.669	0.84752	0.84753			6
2024.07.05	03:26:06.050	0.84753	0.84754			6
2024.07.05	03:26:06.619	0.84752	0.84753			6
2024.07.05	03:26:12.392	0.84751	0.84752			6
2024.07.05	03:26:12.735	0.84752	0.84753			6
2024.07.05	03:26:35.484	0.84750	0.84751			6
2024.07.05	03:26:46.835	0.84751	0.84752			6
2024.07.05	03:27:00.554	0.84751				2
2024.07.05	03:27:09.229	0.84752	0.84753			6
2024.07.05	03:27:09.570	0.84751	0.84752			6
2024.07.05	03:27:18.432	0.84752	0.84753			6
2024.07.05	03:27:19.667	0.84751	0.84752			6
2024.07.05	03:27:23.407	0.84752	0.84753			6
2024.07.05	03:27:28.407	0.84751	0.84752			6
2024.07.05	03:27:30.203	0.84752	0.84753			6
2024.07.05	03:27:38.341	0.84751	0.84752			6
2024.07.05	03:27:42.233	0.84752	0.84753			6
2024.07.05	03:27:53.186	0.84751	0.84752			6
2024.07.05	03:27:56.056	0.84752	0.84753			6
2024.07.05	03:28:00.167	0.84752				2
2024.07.05	03:28:09.438	0.84751	0.84752			6
2024.07.05	03:28:09.746	0.84752	0.84753			6
2024.07.05	03:28:16.632	0.84751	0.84752			6
2024.07.05	03:28:26.586	0.84750	0.84751			6
2024.07.05	03:28:38.427	0.84751	0.84752			6
2024.07.05	03:28:40.943	0.84750	0.84751			6
2024.07.05	03:29:00.393	0.84750				2
2024.07.05	03:29:02.664	0.84747	0.84748			6
2024.07.05	03:29:05.610	0.84746	0.84747			6
2024.07.05	03:29:07.876	0.84747	0.84748			6
2024.07.05	03:29:08.206	0.84746	0.84747			6
2024.07.05	03:29:09.310	0.84747	0.84748			6
2024.07.05	03:29:19.043	0.84748	0.84749			6
2024.07.05	03:29:22.316	0.84749	0.84750			6
2024.07.05	03:29:31.474	0.84748	0.84749			6
2024.07.05	03:29:33.155	0.84749	0.84750			6
2024.07.05	03:29:33.493	0.84748	0.84749			6
2024.07.05	03:29:36.108	0.84749	0.84750			6
2024.07.05	03:29:36.756	0.84748	0.84749			6
2024.07.05	03:29:37.424	0.84749	0.84750			6
2024.07.05	03:29:44.002	0.84748	0.84749			6
2024.07.05	03:29:53.529	0.84749	0.84750			6
2024.07.05	03:29:53.982	0.84748	0.84749			6
2024.07.05	03:29:54.406	0.84749	0.84750			6
2024.07.05	03:29:58.957	0.84748	0.84749			6
2024.07.05	03:29:59.266	0.84749	0.84750			6
2024.07.05	03:30:00.109	0.84749				2
2024.07.05	03:30:01.936	0.84748	0.84749			6
2024.07.05	03:30:12.406	0.84749	0.84750			6
2024.07.05	03:30:13.412	0.84748	0.84749			6
2024.07.05	03:30:16.708	0.84746	0.84747			6
2024.07.05	03:30:17.745	0.84744	0.84746			6
2024.07.05	03:30:18.988	0.84745				2
2024.07.05	03:30:19.481	0.84744				2
2024.07.05	03:30:21.528	0.84743	0.84745			6
2024.07.05	03:30:22.053	0.84744				2
2024.07.05	03:30:25.157	0.84743	0.84744			6
2024.07.05	03:30:31.127	0.84744	0.84745			6
2024.07.05	03:30:52.725	0.84742				2
2024.07.05	03:30:53.622		0.84744			4
2024.07.05	03:30:54.636	0.84741				2
2024.07.05	03:30:55.609	0.84742				2
2024.07.05	03:30:58.488	0.84743				2
2024.07.05	03:31:00.170	0.84742				2
2024.07.05	03:31:04.337	0.84741	0.84743			6
2024.07.05	03:31:05.211	0.84742	0.84744			6
2024.07.05	03:31:05.748	0.84741	0.84742			6
2024.07.05	03:31:06.056	0.84742	0.84744			6
2024.07.05	03:31:07.063	0.84741	0.84743			6
2024.07.05	03:31:15.781		0.84742			4
2024.07.05	03:31:22.451		0.84743			4
2024.07.05	03:31:23.606		0.84742			4
2024.07.05	03:31:23.911		0.84743			4
2024.07.05	03:31:34.392		0.84742			4
2024.07.05	03:31:34.709	0.84740				2
2024.07.05	03:31:35.778	0.84738	0.84741			6
2024.07.05	03:31:41.780	0.84737				2
2024.07.05	03:31:42.199	0.84738				2
2024.07.05	03:31:45.901	0.84736	0.84738			6
2024.07.05	03:31:46.207	0.84737	0.84739			6
2024.07.05	03:31:46.523		0.84740			4
2024.07.05	03:31:55.851		0.84739			4
2024.07.05	03:31:57.466	0.84738				2
2024.07.05	03:32:00.012	0.84738				2
2024.07.05	03:32:06.524	0.84737	0.84738			6
2024.07.05	03:32:06.838	0.84738	0.84740			6
2024.07.05	03:32:08.433		0.84739			4
2024.07.05	03:32:22.322	0.84737	0.84740			6
2024.07.05	03:32:22.629		0.84739			4
2024.07.05	03:32:22.984	0.84738				2
2024.07.05	03:32:24.237	0.84737				2
2024.07.05	03:32:32.419	0.84736	0.84737			6
2024.07.05	03:32:32.726	0.84738	0.84739			6
2024.07.05	03:32:33.088	0.84737	0.84738			6
2024.07.05	03:32:33.403	0.84735	0.84737			6
2024.07.05	03:32:33.723	0.84734	0.84736			6
2024.07.05	03:32:34.136	0.84732	0.84734			6
2024.07.05	03:32:34.459		0.84735			4
2024.07.05	03:32:34.767	0.84731	0.84734			6
2024.07.05	03:32:35.087	0.84733	0.84735			6
2024.07.05	03:32:36.256	0.84732	0.84734			6
2024.07.05	03:32:36.786	0.84733	0.84735			6
2024.07.05	03:32:37.087	0.84732				2
2024.07.05	03:32:37.430		0.84734			4
2024.07.05	03:32:44.286		0.84733			4
2024.07.05	03:32:44.949	0.84730	0.84732			6
2024.07.05	03:32:45.264	0.84729	0.84730			6
2024.07.05	03:32:45.584	0.84730	0.84732			6
2024.07.05	03:32:46.594		0.84733			4
2024.07.05	03:32:46.910		0.84732			4
2024.07.05	03:32:49.710		0.84731			4
2024.07.05	03:32:50.126	0.84729				2
2024.07.05	03:32:51.116		0.84730			4
2024.07.05	03:32:54.299	0.84730	0.84733			6
2024.07.05	03:32:54.629		0.84732			4
2024.07.05	03:32:55.763	0.84731	0.84734			6
2024.07.05	03:33:00.221	0.84731				2
2024.07.05	03:33:10.459	0.84732				2
2024.07.05	03:33:11.828	0.84731	0.84733			6
2024.07.05	03:33:12.563		0.84734			4
2024.07.05	03:33:15.521		0.84733			4
2024.07.05	03:33:16.042	0.84730				2
2024.07.05	03:33:16.677	0.84731				2
2024.07.05	03:33:17.832		0.84734			4
2024.07.05	03:33:19.502		0.84733			4
2024.07.05	03:33:19.948		0.84734			4
2024.07.05	03:33:28.023	0.84733				2
2024.07.05	03:33:29.400	0.84732				2
2024.07.05	03:33:31.059	0.84733	0.84735			6
2024.07.05	03:33:31.364	0.84732				2
2024.07.05	03:33:31.671	0.84733				2
2024.07.05	03:33:31.977	0.84732	0.84734			6
2024.07.05	03:33:43.805	0.84733	0.84735			6
2024.07.05	03:33:49.569	0.84732				2
2024.07.05	03:33:53.058	0.84733				2
2024.07.05	03:33:53.840	0.84732				2
2024.07.05	03:33:57.378		0.84734			4
2024.07.05	03:33:57.725		0.84733			4
2024.07.05	03:33:59.775		0.84734			4
2024.07.05	03:34:00.107	0.84732				2
2024.07.05	03:34:00.446	0.84731	0.84733			6
2024.07.05	03:34:08.573	0.84732	0.84734			6
2024.07.05	03:34:10.186	0.84733				2
2024.07.05	03:34:10.709	0.84732				2
2024.07.05	03:34:11.132		0.84735			4
2024.07.05	03:34:11.968	0.84731				2
2024.07.05	03:34:18.133	0.84732				2
2024.07.05	03:34:19.502	0.84731				2
2024.07.05	03:34:19.840	0.84732				2
2024.07.05	03:34:24.627	0.84731	0.84734			6
2024.07.05	03:34:31.146	0.84732				2
2024.07.05	03:34:36.954	0.84731	0.84735			6
2024.07.05	03:34:37.327	0.84732				2
2024.07.05	03:34:39.408	0.84731	0.84734			6
2024.07.05	03:34:42.625	0.84732				2
2024.07.05	03:34:42.982		0.84735			4
2024.07.05	03:34:43.558	0.84735	0.84738			6
2024.07.05	03:34:43.865	0.84732	0.84735			6
2024.07.05	03:34:49.515	0.84733	0.84737			6
2024.07.05	03:34:49.913	0.84734				2
2024.07.05	03:34:50.222	0.84735	0.84738			6
2024.07.05	03:34:51.910		0.84737			4
2024.07.05	03:35:00.491	0.84735				2
2024.07.05	03:35:01.633	0.84734				2
2024.07.05	03:35:02.463	0.84735				2
2024.07.05	03:35:05.856	0.84734				2
2024.07.05	03:35:10.396		0.84736			4
2024.07.05	03:35:12.192		0.84737			4
2024.07.05	03:35:15.564	0.84733	0.84736			6
2024.07.05	03:35:20.789	0.84734	0.84737			6
2024.07.05	03:35:27.787	0.84735	0.84738			6
2024.07.05	03:35:33.823	0.84736				2
2024.07.05	03:35:41.174		0.84739			4
2024.07.05	03:35:48.014	0.84735				2
2024.07.05	03:35:48.351	0.84736				2
2024.07.05	03:35:58.032		0.84738			4
2024.07.05	03:35:59.687		0.84739			4
2024.07.05	03:36:02.853	0.84736				2
2024.07.05	03:36:08.626		0.84738			4
2024.07.05	03:36:13.133	0.84735				2
2024.07.05	03:36:14.888	0.84736	0.84739			6
2024.07.05	03:36:18.044		0.84738			4
2024.07.05	03:36:19.111		0.84737			4
2024.07.05	03:36:20.565		0.84738			4
2024.07.05	03:36:20.867		0.84737			4
2024.07.05	03:36:21.200		0.84738			4
2024.07.05	03:36:27.965	0.84733	0.84736			6
2024.07.05	03:36:28.298	0.84732	0.84735			6
2024.07.05	03:36:30.015	0.84731	0.84734			6
2024.07.05	03:36:31.847		0.84733			4
2024.07.05	03:36:42.853		0.84734			4
2024.07.05	03:36:43.916		0.84733			4
2024.07.05	03:36:44.273		0.84734			4
2024.07.05	03:36:48.883		0.84733			4
2024.07.05	03:36:51.521	0.84732	0.84735			6
2024.07.05	03:36:54.159	0.84733	0.84736			6
2024.07.05	03:36:59.006	0.84734				2
2024.07.05	03:36:59.616		0.84737			4
2024.07.05	03:37:00.121	0.84734				2
2024.07.05	03:37:00.738		0.84736			4
2024.07.05	03:37:01.520		0.84737			4
2024.07.05	03:37:03.611	0.84735				2
2024.07.05	03:37:07.340	0.84734				2
2024.07.05	03:37:26.075		0.84738			4
2024.07.05	03:37:30.273		0.84737			4
2024.07.05	03:37:43.303	0.84735				2
2024.07.05	03:37:43.715	0.84734	0.84736			6
2024.07.05	03:37:46.357		0.84737			4
2024.07.05	03:37:51.325	0.84735				2
2024.07.05	03:37:57.217	0.84734	0.84736			6
2024.07.05	03:38:00.181	0.84734				2
2024.07.05	03:38:03.341	0.84735	0.84737			6
2024.07.05	03:38:04.755		0.84738			4
2024.07.05	03:38:06.685	0.84736	0.84737			6
2024.07.05	03:38:22.662	0.84734	0.84738			6
2024.07.05	03:38:23.024	0.84735				2
2024.07.05	03:38:23.332	0.84734				2
2024.07.05	03:38:23.749	0.84735				2
2024.07.05	03:38:24.189	0.84734				2
2024.07.05	03:38:27.575		0.84737			4
2024.07.05	03:38:28.902		0.84736			4
2024.07.05	03:38:29.636		0.84737			4
2024.07.05	03:38:31.082	0.84735				2
2024.07.05	03:38:33.090	0.84734				2
2024.07.05	03:38:33.653	0.84736				2
2024.07.05	03:38:34.797	0.84737	0.84738			6
2024.07.05	03:38:37.224	0.84735	0.84736			6
2024.07.05	03:38:38.221		0.84737			4
2024.07.05	03:38:38.672	0.84736				2
2024.07.05	03:38:39.100	0.84737	0.84738			6
2024.07.05	03:38:58.190	0.84736	0.84737			6
2024.07.05	03:39:00.222	0.84736				2
2024.07.05	03:39:05.323		0.84738			4
2024.07.05	03:39:06.346		0.84737			4
2024.07.05	03:39:24.413		0.84738			4
2024.07.05	03:39:25.252	0.84735	0.84737			6
2024.07.05	03:39:27.978		0.84736			4
2024.07.05	03:39:33.592	0.84737	0.84738			6
2024.07.05	03:39:33.902	0.84736	0.84737			6
2024.07.05	03:39:35.113		0.84738			4
2024.07.05	03:39:46.014	0.84737				2
2024.07.05	03:39:46.838	0.84736				2
2024.07.05	03:40:00.330	0.84736				2
2024.07.05	03:40:04.156		0.84737			4
2024.07.05	03:40:14.986	0.84735	0.84736			6
2024.07.05	03:40:15.294	0.84734	0.84735			6
2024.07.05	03:40:24.255	0.84736	0.84739			6
2024.07.05	03:40:24.569	0.84737				2
2024.07.05	03:40:24.906	0.84736				2
2024.07.05	03:40:30.091		0.84737			4
2024.07.05	03:40:30.412	0.84737	0.84738			6
2024.07.05	03:40:30.750	0.84736	0.84737			6
2024.07.05	03:40:32.447	0.84735				2
2024.07.05	03:40:32.761		0.84738			4
2024.07.05	03:40:36.883		0.84737			4
2024.07.05	03:40:37.902		0.84736			4
2024.07.05	03:40:38.408	0.84734	0.84735			6
2024.07.05	03:40:41.207	0.84735	0.84736			6
2024.07.05	03:40:42.925	0.84734	0.84735			6
2024.07.05	03:40:43.244	0.84735	0.84737			6
2024.07.05	03:40:55.700		0.84738			4
2024.07.05	03:40:57.142		0.84737			4
2024.07.05	03:40:58.978	0.84736	0.84738			6
2024.07.05	03:40:59.312	0.84735	0.84737			6
2024.07.05	03:41:00.232	0.84735	0.84738			6
2024.07.05	03:41:06.975	0.84736	0.84737			6
2024.07.05	03:41:12.529		0.84738			4
2024.07.05	03:41:12.883	0.84735	0.84737			6
2024.07.05	03:41:13.684		0.84736			4
2024.07.05	03:41:14.003	0.84736	0.84737			6
2024.07.05	03:41:14.327	0.84737	0.84738			6
2024.07.05	03:41:21.491	0.84736	0.84737			6
2024.07.05	03:41:22.137	0.84737	0.84738			6
2024.07.05	03:41:22.443	0.84736	0.84737			6
2024.07.05	03:41:22.758	0.84737	0.84738			6
2024.07.05	03:41:27.675	0.84736	0.84737			6
2024.07.05	03:41:28.464	0.84735				2
2024.07.05	03:41:28.769	0.84736				2
2024.07.05	03:41:35.472	0.84735				2
2024.07.05	03:41:36.751	0.84736				2
2024.07.05	03:41:37.063	0.84737	0.84738			6
2024.07.05	03:41:42.367	0.84736	0.84737			6
2024.07.05	03:41:50.229	0.84737	0.84738			6
2024.07.05	03:41:50.537	0.84736	0.84737			6
2024.07.05	03:41:54.694		0.84738			4
2024.07.05	03:41:55.022	0.84737				2
2024.07.05	03:41:55.522	0.84736	0.84739			6
2024.07.05	03:41:55.825	0.84737				2
2024.07.05	03:41:56.912	0.84738				2
2024.07.05	03:41:58.328	0.84737				2
2024.07.05	03:41:58.794	0.84738				2
2024.07.05	03:41:59.349	0.84737	0.84738			6
2024.07.05	03:41:59.666	0.84736				2
2024.07.05	03:42:00.435	0.84736	0.84739			6
2024.07.05	03:42:05.477	0.84737	0.84738			6
2024.07.05	03:42:06.175	0.84736	0.84739			6
2024.07.05	03:42:09.947		0.84737			4
2024.07.05	03:42:12.671	0.84737	0.84738			6
2024.07.05	03:42:13.762	0.84736	0.84737			6
2024.07.05	03:42:15.401	0.84735	0.84736			6
2024.07.05	03:42:16.006	0.84736	0.84737			6
2024.07.05	03:42:18.337	0.84735	0.84736			6
2024.07.05	03:42:21.030	0.84736	0.84737			6
2024.07.05	03:42:27.942	0.84738	0.84739			6
2024.07.05	03:42:32.604	0.84737	0.84738			6
2024.07.05	03:42:32.989	0.84738	0.84739			6
2024.07.05	03:42:34.343	0.84736	0.84737			6
2024.07.05	03:42:36.556	0.84737	0.84738			6
2024.07.05	03:42:37.169	0.84738	0.84739			6
2024.07.05	03:42:41.972	0.84737	0.84738			6
2024.07.05	03:43:00.131	0.84737				2
2024.07.05	03:43:21.004	0.84738	0.84739			6
2024.07.05	03:43:46.874	0.84739	0.84740			6
2024.07.05	03:44:00.513	0.84739				2
2024.07.05	03:44:20.332	0.84738	0.84739			6
2024.07.05	03:44:20.957	0.84739	0.84740			6
2024.07.05	03:44:50.197	0.84740	0.84741			6
2024.07.05	03:44:51.712	0.84739	0.84740			6
2024.07.05	03:45:00.220	0.84739				2
2024.07.05	03:45:02.357	0.84738	0.84739			6
2024.07.05	03:45:02.662	0.84739	0.84740			6
2024.07.05	03:45:03.940	0.84738	0.84739			6
2024.07.05	03:45:04.300	0.84739	0.84740			6
2024.07.05	03:45:13.449	0.84740	0.84741			6
2024.07.05	03:45:18.899		0.84743			4
2024.07.05	03:45:21.537	0.84741				2
2024.07.05	03:45:22.106		0.84742			4
2024.07.05	03:45:23.962	0.84740	0.84741			6
2024.07.05	03:45:24.592	0.84738	0.84739			6
2024.07.05	03:45:39.987	0.84737	0.84738			6
2024.07.05	03:45:44.026	0.84736	0.84737			6
2024.07.05	03:45:44.992	0.84737	0.84738			6
2024.07.05	03:45:45.295	0.84738	0.84739			6
2024.07.05	03:45:45.598	0.84737	0.84738			6
2024.07.05	03:45:47.390	0.84738	0.84739			6
2024.07.05	03:45:47.964	0.84737	0.84738			6
2024.07.05	03:45:49.078	0.84738	0.84739			6
2024.07.05	03:45:49.710	0.84737	0.84738			6
2024.07.05	03:45:55.950	0.84738	0.84739			6
2024.07.05	03:46:00.267	0.84738				2
2024.07.05	03:46:03.657	0.84736	0.84737			6
2024.07.05	03:46:03.967	0.84737	0.84738			6
2024.07.05	03:46:12.446	0.84735	0.84737			6
2024.07.05	03:46:12.765		0.84736			4
2024.07.05	03:46:14.316		0.84737			4
2024.07.05	03:46:14.646		0.84738			4
2024.07.05	03:46:17.033		0.84737			4
2024.07.05	03:46:21.414		0.84738			4
2024.07.05	03:46:22.256		0.84737			4
2024.07.05	03:46:22.706		0.84736			4
2024.07.05	03:46:23.579		0.84737			4
2024.07.05	03:46:23.920		0.84736			4
2024.07.05	03:46:25.405	0.84734	0.84735			6
2024.07.05	03:46:26.437	0.84733	0.84734			6
2024.07.05	03:46:29.781	0.84732	0.84733			6
2024.07.05	03:46:30.086	0.84733	0.84734			6
2024.07.05	03:46:30.403	0.84734	0.84735			6
2024.07.05	03:46:35.088	0.84733	0.84734			6
2024.07.05	03:46:37.374	0.84734	0.84735			6
2024.07.05	03:46:37.712	0.84733	0.84734			6
2024.07.05	03:46:38.527	0.84734	0.84735			6
2024.07.05	03:46:39.302	0.84733	0.84734			6
2024.07.05	03:46:59.053	0.84732	0.84733			6
2024.07.05	03:47:00.224	0.84731	0.84732			6
2024.07.05	03:47:08.345	0.84730	0.84731			6
2024.07.05	03:47:15.481	0.84731	0.84732			6
2024.07.05	03:47:30.580	0.84733	0.84734			6
2024.07.05	03:47:30.891	0.84732	0.84733			6
2024.07.05	03:47:35.800	0.84733	0.84734			6
2024.07.05	03:47:36.105	0.84732	0.84733			6
2024.07.05	03:48:00.225	0.84732				2
2024.07.05	03:48:30.785	0.84731	0.84732			6
2024.07.05	03:48:36.422	0.84732	0.84733			6
2024.07.05	03:48:36.731	0.84731	0.84732			6
2024.07.05	03:48:44.809	0.84732	0.84733			6
2024.07.05	03:48:58.296	0.84729	0.84730			6
2024.07.05	03:49:00.057	0.84729				2
2024.07.05	03:49:03.156	0.84728	0.84729			6
2024.07.05	03:49:06.091	0.84729	0.84730			6
2024.07.05	03:49:09.107	0.84728	0.84729			6
2024.07.05	03:49:11.977	0.84727	0.84728			6
2024.07.05	03:49:15.560	0.84728	0.84729			6
2024.07.05	03:49:16.167	0.84729	0.84730			6
2024.07.05	03:49:18.558	0.84727	0.84728			6
2024.07.05	03:49:18.870	0.84729	0.84730			6
2024.07.05	03:49:21.777	0.84730	0.84731			6
2024.07.05	03:49:22.430	0.84729	0.84730			6
2024.07.05	03:49:23.034	0.84727	0.84728			6
2024.07.05	03:49:23.927	0.84728	0.84729			6
2024.07.05	03:49:26.052	0.84729	0.84730			6
2024.07.05	03:49:29.739	0.84730	0.84731			6
2024.07.05	03:49:32.164	0.84729	0.84730			6
2024.07.05	03:49:32.827	0.84730	0.84731			6
2024.07.05	03:49:33.137	0.84729	0.84730			6
2024.07.05	03:49:52.278	0.84727	0.84728			6
2024.07.05	03:49:52.582	0.84728	0.84729			6
2024.07.05	03:49:53.363	0.84725	0.84728			6
2024.07.05	03:49:53.707	0.84727				2
2024.07.05	03:49:54.875	0.84728	0.84729			6
2024.07.05	03:50:00.242	0.84728				2
2024.07.05	03:50:01.103	0.84729	0.84730			6
2024.07.05	03:50:01.678	0.84728	0.84729			6
2024.07.05	03:50:02.675	0.84729	0.84730			6
2024.07.05	03:50:09.277	0.84730	0.84731			6
2024.07.05	03:50:11.527	0.84731	0.84732			6
2024.07.05	03:50:13.193	0.84730	0.84731			6
2024.07.05	03:50:18.219	0.84731	0.84732			6
2024.07.05	03:50:21.763	0.84732	0.84733			6
2024.07.05	03:50:25.345	0.84731	0.84732			6
2024.07.05	03:50:26.507	0.84732	0.84733			6
2024.07.05	03:50:28.240	0.84731	0.84732			6
2024.07.05	03:50:33.480	0.84732	0.84733			6
2024.07.05	03:50:48.407	0.84731	0.84732			6
2024.07.05	03:50:49.613	0.84732	0.84733			6
2024.07.05	03:50:55.148	0.84731	0.84732			6
2024.07.05	03:50:56.378	0.84732	0.84733			6
2024.07.05	03:50:57.377	0.84733	0.84734			6
2024.07.05	03:50:57.711	0.84734	0.84735			6
2024.07.05	03:51:00.457	0.84735	0.84736			6
2024.07.05	03:51:01.101	0.84734	0.84735			6
2024.07.05	03:51:11.703	0.84733	0.84734			6
2024.07.05	03:51:12.369	0.84734	0.84735			6
2024.07.05	03:51:12.953	0.84735	0.84736			6
2024.07.05	03:51:14.973	0.84734	0.84735			6
2024.07.05	03:51:19.329	0.84735	0.84736			6
2024.07.05	03:51:28.020		0.84738			4
2024.07.05	03:51:28.388		0.84736			4
2024.07.05	03:51:28.759	0.84736	0.84737			6
2024.07.05	03:51:29.385	0.84734	0.84735			6
2024.07.05	03:51:38.971	0.84733				2
2024.07.05	03:51:39.286		0.84734			4
2024.07.05	03:51:42.758	0.84734	0.84735			6
2024.07.05	03:51:45.608	0.84732	0.84733			6
2024.07.05	03:51:50.828	0.84731	0.84732			6
2024.07.05	03:51:51.153	0.84732	0.84733			6
2024.07.05	03:51:51.825	0.84734	0.84735			6
2024.07.05	03:51:56.303	0.84735	0.84736			6
2024.07.05	03:51:58.539	0.84734	0.84735			6
2024.07.05	03:51:59.332	0.84733	0.84734			6
2024.07.05	03:52:00.045	0.84733				2
2024.07.05	03:52:02.279	0.84734	0.84735			6
2024.07.05	03:52:03.121	0.84733	0.84734			6
2024.07.05	03:52:05.518	0.84734	0.84735			6
2024.07.05	03:52:10.132	0.84735	0.84736			6
2024.07.05	03:52:11.478	0.84734	0.84737			6
2024.07.05	03:52:12.887	0.84735	0.84736			6
2024.07.05	03:52:14.063	0.84736	0.84737			6
2024.07.05	03:52:14.374	0.84737	0.84738			6
2024.07.05	03:52:17.963	0.84736	0.84737			6
2024.07.05	03:52:24.410	0.84735	0.84736			6
2024.07.05	03:52:29.405	0.84736	0.84737			6
2024.07.05	03:52:30.483	0.84735	0.84736			6
2024.07.05	03:52:34.296	0.84736	0.84737			6
2024.07.05	03:52:34.600	0.84735	0.84736			6
2024.07.05	03:52:34.970	0.84736	0.84737			6
2024.07.05	03:52:35.416	0.84735				2
2024.07.05	03:52:35.994		0.84736			4
2024.07.05	03:52:36.319	0.84736	0.84737			6
2024.07.05	03:52:36.686	0.84735				2
2024.07.05	03:52:40.541		0.84736			4
2024.07.05	03:52:47.226	0.84736	0.84737			6
2024.07.05	03:52:47.930	0.84737	0.84738			6
2024.07.05	03:52:48.243	0.84738	0.84739			6
2024.07.05	03:52:48.657	0.84737	0.84738			6
2024.07.05	03:52:48.968		0.84740			4
2024.07.05	03:52:49.880	0.84736	0.84737			6
2024.07.05	03:52:50.183	0.84737	0.84738			6
2024.07.05	03:52:53.227	0.84736				2
2024.07.05	03:52:54.201	0.84735				2
2024.07.05	03:52:56.346	0.84736				2
2024.07.05	03:52:59.120		0.84737			4
2024.07.05	03:53:00.058	0.84736				2
2024.07.05	03:53:03.308	0.84735				2
2024.07.05	03:53:03.731	0.84736				2
2024.07.05	03:53:05.905	0.84737	0.84738			6
2024.07.05	03:53:08.345	0.84736				2
2024.07.05	03:53:08.856	0.84735				2
2024.07.05	03:53:10.132	0.84736				2
2024.07.05	03:53:12.116	0.84735				2
2024.07.05	03:53:13.565	0.84736				2
2024.07.05	03:53:22.954		0.84737			4
2024.07.05	03:53:23.460		0.84738			4
2024.07.05	03:53:23.971	0.84737				2
2024.07.05	03:53:25.508	0.84738	0.84739			6
2024.07.05	03:53:25.856	0.84737	0.84738			6
2024.07.05	03:53:28.378	0.84738	0.84739			6
2024.07.05	03:53:28.712	0.84737	0.84738			6
2024.07.05	03:53:30.918		0.84739			4
2024.07.05	03:53:31.248	0.84738				2
2024.07.05	03:53:32.164	0.84737	0.84738			6
2024.07.05	03:53:34.174	0.84738	0.84739			6
2024.07.05	03:53:36.026	0.84737	0.84738			6
2024.07.05	03:53:38.320	0.84736				2
2024.07.05	03:53:38.626	0.84737				2
2024.07.05	03:53:41.658		0.84739			4
2024.07.05	03:53:44.375	0.84738				2
2024.07.05	03:53:44.836	0.84737				2
2024.07.05	03:53:45.395	0.84738				2
2024.07.05	03:53:45.757	0.84737				2
2024.07.05	03:53:47.475	0.84738				2
2024.07.05	03:53:48.209	0.84737				2
2024.07.05	03:53:48.648	0.84738				2
2024.07.05	03:53:49.037	0.84737				2
2024.07.05	03:53:55.617	0.84736	0.84738			6
2024.07.05	03:53:56.067	0.84737				2
2024.07.05	03:53:56.406	0.84736	0.84739			6
2024.07.05	03:53:56.727	0.84735	0.84738			6
2024.07.05	03:53:57.042	0.84736				2
2024.07.05	03:53:59.537	0.84735				2
2024.07.05	03:54:00.123	0.84735	0.84739			6
2024.07.05	03:54:00.441	0.84736	0.84737			6
2024.07.05	03:54:01.535	0.84735				2
2024.07.05	03:54:01.845	0.84736				2
2024.07.05	03:54:02.168	0.84735				2
2024.07.05	03:54:02.503	0.84734	0.84738			6
2024.07.05	03:54:03.187	0.84735				2
2024.07.05	03:54:06.848	0.84734				2
2024.07.05	03:54:07.333	0.84735				2
2024.07.05	03:54:08.934	0.84734				2
2024.07.05	03:54:09.261	0.84735				2
2024.07.05	03:54:09.659	0.84734				2
2024.07.05	03:54:10.161	0.84735				2
2024.07.05	03:54:17.407	0.84734				2
2024.07.05	03:54:20.046	0.84735				2
2024.07.05	03:54:20.893	0.84734				2
2024.07.05	03:54:22.163	0.84735				2
2024.07.05	03:54:24.759	0.84734				2
2024.07.05	03:54:25.155	0.84735				2
2024.07.05	03:54:26.062	0.84736	0.84737			6
2024.07.05	03:54:26.424	0.84735				2
2024.07.05	03:54:35.849	0.84734	0.84738			6
2024.07.05	03:54:36.186		0.84737			4
2024.07.05	03:54:41.718		0.84738			4
2024.07.05	03:54:42.187		0.84737			4
2024.07.05	03:54:46.539		0.84736			4
2024.07.05	03:54:47.121		0.84737			4
2024.07.05	03:54:47.813	0.84735				2
2024.07.05	03:54:49.116	0.84734				2
2024.07.05	03:54:49.425	0.84735				2
2024.07.05	03:54:50.469	0.84733	0.84735			6
2024.07.05	03:54:52.447		0.84736			4
2024.07.05	03:54:56.220		0.84737			4
2024.07.05	03:54:56.863		0.84736			4
2024.07.05	03:54:58.513	0.84734				2
2024.07.05	03:55:00.067	0.84733				2
2024.07.05	03:55:00.383	0.84736	0.84737			6
2024.07.05	03:55:00.706	0.84733	0.84735			6
2024.07.05	03:55:01.430	0.84732				2
2024.07.05	03:55:01.922	0.84733				2
2024.07.05	03:55:02.225		0.84734			4
2024.07.05	03:55:02.528		0.84735			4
2024.07.05	03:55:05.262	0.84732				2
2024.07.05	03:55:05.585	0.84734				2
2024.07.05	03:55:05.956	0.84733	0.84734			6
2024.07.05	03:55:06.669	0.84732				2
2024.07.05	03:55:07.307	0.84733	0.84736			6
2024.07.05	03:55:12.397	0.84732	0.84734			6
2024.07.05	03:55:12.991	0.84733	0.84736			6
2024.07.05	03:55:13.362		0.84735			4
2024.07.05	03:55:14.407		0.84736			4
2024.07.05	03:55:14.729	0.84734				2
2024.07.05	03:55:22.561	0.84735				2
2024.07.05	03:55:24.455	0.84734				2
2024.07.05	03:55:24.857	0.84735				2
2024.07.05	03:55:27.645	0.84736	0.84737			6
2024.07.05	03:55:30.780	0.84735	0.84736			6
2024.07.05	03:55:31.131	0.84736	0.84737			6
2024.07.05	03:55:31.914	0.84735	0.84736			6
2024.07.05	03:55:33.208	0.84734				2
2024.07.05	03:55:34.813	0.84735				2
2024.07.05	03:55:35.127	0.84734	0.84735			6
2024.07.05	03:55:39.992	0.84735	0.84738			6
2024.07.05	03:55:48.663	0.84736				2
2024.07.05	03:55:51.770		0.84737			4
2024.07.05	03:55:53.032	0.84735				2
2024.07.05	03:55:53.401	0.84737	0.84738			6
2024.07.05	03:55:54.195	0.84736	0.84737			6
2024.07.05	03:55:56.336		0.84738			4
2024.07.05	03:55:57.556	0.84737				2
2024.07.05	03:55:57.868	0.84736				2
2024.07.05	03:55:58.736		0.84737			4
2024.07.05	03:55:59.093	0.84734				2
2024.07.05	03:55:59.709	0.84735				2
2024.07.05	03:56:00.034	0.84734				2
2024.07.05	03:56:00.371	0.84735				2
2024.07.05	03:56:01.184	0.84734	0.84736			6
2024.07.05	03:56:01.575	0.84735				2
2024.07.05	03:56:02.346	0.84733				2
2024.07.05	03:56:04.037		0.84735			4
2024.07.05	03:56:09.886	0.84732	0.84736			6
2024.07.05	03:56:10.257	0.84733				2
2024.07.05	03:56:11.209		0.84735			4
2024.07.05	03:56:11.523	0.84734				2
2024.07.05	03:56:11.875		0.84736			4
2024.07.05	03:56:12.179	0.84733				2
2024.07.05	03:56:13.119		0.84735			4
2024.07.05	03:56:14.040	0.84732	0.84734			6
2024.07.05	03:56:14.342	0.84733	0.84735			6
2024.07.05	03:56:14.670	0.84732	0.84734			6
2024.07.05	03:56:15.142	0.84733				2
2024.07.05	03:56:17.506	0.84734	0.84735			6
2024.07.05	03:56:18.213	0.84733				2
2024.07.05	03:56:19.507	0.84732				2
2024.07.05	03:56:22.993	0.84731	0.84734			6
2024.07.05	03:56:26.350	0.84732				2
2024.07.05	03:56:31.077	0.84731				2
2024.07.05	03:56:31.385		0.84733			4
2024.07.05	03:56:33.916		0.84734			4
2024.07.05	03:56:36.342	0.84732				2
2024.07.05	03:56:36.902	0.84731				2
2024.07.05	03:56:38.861	0.84732				2
2024.07.05	03:56:42.711	0.84731				2
2024.07.05	03:56:43.055	0.84732				2
2024.07.05	03:56:43.355	0.84730				2
2024.07.05	03:56:43.698	0.84731				2
2024.07.05	03:56:44.309	0.84730				2
2024.07.05	03:56:44.663	0.84731				2
2024.07.05	03:56:45.372	0.84730				2
2024.07.05	03:56:46.414	0.84731				2
2024.07.05	03:56:46.726	0.84730				2
2024.07.05	03:56:49.572	0.84731	0.84733			6
2024.07.05	03:56:49.878	0.84732				2
2024.07.05	03:56:50.933	0.84733	0.84734			6
2024.07.05	03:56:52.022	0.84732				2
2024.07.05	03:56:55.398	0.84733				2
2024.07.05	03:57:00.072	0.84732				2
2024.07.05	03:57:02.637	0.84731				2
2024.07.05	03:57:02.941	0.84730	0.84735			6
2024.07.05	03:57:03.257		0.84734			4
2024.07.05	03:57:07.491		0.84735			4
2024.07.05	03:57:07.835	0.84731	0.84734			6
2024.07.05	03:57:08.146	0.84733				2
2024.07.05	03:57:09.221	0.84732				2
2024.07.05	03:57:09.559	0.84733	0.84735			6
2024.07.05	03:57:12.348	0.84732				2
2024.07.05	03:57:12.661		0.84734			4
2024.07.05	03:57:14.624	0.84733				2
2024.07.05	03:57:15.281	0.84731				2
2024.07.05	03:57:19.259	0.84732	0.84735			6
2024.07.05	03:57:19.562	0.84733				2
2024.07.05	03:57:23.065	0.84734				2
2024.07.05	03:57:23.492	0.84733				2
2024.07.05	03:57:29.095	0.84734				2
2024.07.05	03:57:29.858	0.84733				2
2024.07.05	03:57:30.392		0.84736			4
2024.07.05	03:57:39.482	0.84732				2
2024.07.05	03:57:40.109	0.84733				2
2024.07.05	03:57:44.379	0.84732				2
2024.07.05	03:57:49.248	0.84733				2
2024.07.05	03:57:53.777	0.84734				2
2024.07.05	03:57:54.089	0.84733				2
2024.07.05	03:57:54.657	0.84732				2
2024.07.05	03:57:55.854	0.84733				2
2024.07.05	03:57:56.328	0.84732	0.84735			6
2024.07.05	03:57:59.108	0.84731				2
2024.07.05	03:57:59.896	0.84732				2
2024.07.05	03:58:00.661	0.84732				2
2024.07.05	03:58:06.575	0.84731				2
2024.07.05	03:58:07.483		0.84736			4
2024.07.05	03:58:08.463		0.84735			4
2024.07.05	03:58:21.168	0.84730				2
2024.07.05	03:58:21.884		0.84734			4
2024.07.05	03:58:25.386	0.84729				2
2024.07.05	03:58:25.714	0.84730				2
2024.07.05	03:58:26.161	0.84731				2
2024.07.05	03:58:27.173	0.84730	0.84735			6
2024.07.05	03:58:29.258		0.84734			4
2024.07.05	03:58:31.344		0.84735			4
2024.07.05	03:58:33.897	0.84731	0.84734			6
2024.07.05	03:58:35.583		0.84735			4
2024.07.05	03:58:35.890	0.84729	0.84734			6
2024.07.05	03:58:41.158		0.84733			4
2024.07.05	03:58:41.479	0.84728	0.84732			6
2024.07.05	03:58:41.944		0.84731			4
2024.07.05	03:58:43.194	0.84727	0.84730			6
2024.07.05	03:58:45.094		0.84731			4
2024.07.05	03:58:45.411	0.84726	0.84730			6
2024.07.05	03:58:46.833		0.84729			4
2024.07.05	03:58:47.238		0.84728			4
2024.07.05	03:58:47.541		0.84730			4
2024.07.05	03:58:50.502	0.84727				2
2024.07.05	03:58:50.849	0.84726	0.84729			6
2024.07.05	03:58:53.212		0.84728			4
2024.07.05	03:59:01.398	0.84726				2
2024.07.05	03:59:03.926	0.84725	0.84729			6
2024.07.05	03:59:04.232	0.84726				2
2024.07.05	03:59:04.666	0.84725				2
2024.07.05	03:59:06.018	0.84726				2
2024.07.05	03:59:06.374	0.84727				2
2024.07.05	03:59:06.686	0.84726				2
2024.07.05	03:59:07.045	0.84725				2
2024.07.05	03:59:08.178		0.84728			4
2024.07.05	03:59:08.889	0.84726				2
2024.07.05	03:59:10.655	0.84725				2
2024.07.05	03:59:17.766	0.84726				2
2024.07.05	03:59:18.566		0.84729			4
2024.07.05	03:59:19.566	0.84725				2
2024.07.05	03:59:21.137	0.84726				2
2024.07.05	03:59:25.510		0.84728			4
2024.07.05	03:59:29.311	0.84727				2
2024.07.05	03:59:30.409	0.84726				2
2024.07.05	03:59:31.396		0.84729			4
2024.07.05	03:59:41.969	0.84727	0.84728			6
2024.07.05	03:59:43.461	0.84726				2
2024.07.05	03:59:44.741	0.84727				2
2024.07.05	03:59:45.166	0.84728	0.84729			6
2024.07.05	03:59:46.347	0.84727	0.84728			6
2024.07.05	03:59:47.606	0.84728	0.84729			6
2024.07.05	03:59:48.381	0.84727	0.84728			6
2024.07.05	03:59:49.229	0.84728	0.84729			6
2024.07.05	03:59:51.393	0.84727				2
2024.07.05	03:59:52.935		0.84728			4
2024.07.05	03:59:53.388	0.84728	0.84729			6
2024.07.05	03:59:53.713	0.84727	0.84728			6
2024.07.05	03:59:54.097	0.84728	0.84729			6
2024.07.05	03:59:55.634	0.84727	0.84728			6
2024.07.05	03:59:56.076	0.84728	0.84729			6
2024.07.05	03:59:56.718	0.84727	0.84728			6
2024.07.05	03:59:59.662	0.84726				2
2024.07.05	04:00:00.230	0.84728	0.84729			6
2024.07.05	04:00:00.565	0.84727				2
2024.07.05	04:00:01.283	0.84726	0.84728			6
2024.07.05	04:00:01.606	0.84727				2
2024.07.05	04:00:01.915	0.84728	0.84729			6
2024.07.05	04:00:02.245	0.84729	0.84730			6
2024.07.05	04:00:05.228	0.84728	0.84729			6
2024.07.05	04:00:05.795	0.84727				2
2024.07.05	04:00:06.740	0.84728				2
2024.07.05	04:00:07.281	0.84727	0.84728			6
2024.07.05	04:00:08.138	0.84728	0.84729			6
2024.07.05	04:00:08.448	0.84727	0.84728			6
2024.07.05	04:00:09.120	0.84728	0.84729			6
2024.07.05	04:00:09.862	0.84727	0.84728			6
2024.07.05	04:00:19.656	0.84726				2
2024.07.05	04:00:21.500	0.84727				2
2024.07.05	04:00:23.037	0.84726				2
2024.07.05	04:00:23.526		0.84727			4
2024.07.05	04:00:25.502		0.84728			4
2024.07.05	04:00:29.317	0.84727				2
2024.07.05	04:00:29.772	0.84726				2
2024.07.05	04:00:30.144	0.84727				2
2024.07.05	04:00:30.751	0.84726				2
2024.07.05	04:00:31.114	0.84727				2
2024.07.05	04:00:31.433	0.84726				2
2024.07.05	04:00:31.964	0.84727				2
2024.07.05	04:00:32.497	0.84726				2
2024.07.05	04:00:32.943	0.84727				2
2024.07.05	04:00:33.254	0.84726				2
2024.07.05	04:00:36.124	0.84727				2
2024.07.05	04:00:37.462	0.84726				2
2024.07.05	04:00:38.209	0.84727				2
2024.07.05	04:00:38.895	0.84726				2
2024.07.05	04:00:40.686	0.84727				2
2024.07.05	04:00:43.015	0.84726				2
2024.07.05	04:00:43.469	0.84727				2
2024.07.05	04:00:44.889	0.84726				2
2024.07.05	04:00:45.233	0.84728	0.84729			6
2024.07.05	04:00:46.496	0.84727	0.84728			6
2024.07.05	04:00:48.361	0.84728	0.84729			6
2024.07.05	04:00:48.709	0.84727				2
2024.07.05	04:00:49.017	0.84726	0.84728			6
2024.07.05	04:00:49.388	0.84727				2
2024.07.05	04:00:50.776	0.84726				2
2024.07.05	04:00:51.808	0.84727				2
2024.07.05	04:00:52.373	0.84726				2
2024.07.05	04:00:53.921	0.84727				2
2024.07.05	04:00:54.421		0.84729			4
2024.07.05	04:00:55.482	0.84726				2
2024.07.05	04:01:00.307	0.84727				2
2024.07.05	04:01:02.232	0.84728				2
2024.07.05	04:01:02.578	0.84727				2
2024.07.05	04:01:03.685	0.84728				2
2024.07.05	04:01:04.207	0.84727				2
2024.07.05	04:01:06.406	0.84728				2
2024.07.05	04:01:06.828	0.84727				2
2024.07.05	04:01:07.212	0.84728				2
2024.07.05	04:01:07.576	0.84727				2
2024.07.05	04:01:07.948	0.84728				2
2024.07.05	04:01:09.036	0.84727				2
2024.07.05	04:01:09.744	0.84728				2
2024.07.05	04:01:10.971	0.84727				2
2024.07.05	04:01:11.311	0.84726	0.84728			6
2024.07.05	04:01:12.161	0.84727				2
2024.07.05	04:01:13.367	0.84726				2
2024.07.05	04:01:13.889	0.84727				2
2024.07.05	04:01:14.376	0.84726				2
2024.07.05	04:01:14.709	0.84729	0.84730			6
2024.07.05	04:01:15.034		0.84731			4
2024.07.05	04:01:19.018		0.84730			4
2024.07.05	04:01:20.014		0.84731			4
2024.07.05	04:01:20.866		0.84730			4
2024.07.05	04:01:21.226	0.84728				2
2024.07.05	04:01:21.938		0.84729			4
2024.07.05	04:01:22.663		0.84730			4
2024.07.05	04:01:28.643		0.84729			4
2024.07.05	04:01:31.458		0.84730			4
2024.07.05	04:01:32.168		0.84729			4
2024.07.05	04:01:32.488		0.84730			4
2024.07.05	04:01:38.487		0.84729			4
2024.07.05	04:01:38.857	0.84727				2
2024.07.05	04:01:39.164	0.84728				2
2024.07.05	04:01:39.513	0.84727				2
2024.07.05	04:01:40.500	0.84728	0.84730			6
2024.07.05	04:01:40.850		0.84729			4
2024.07.05	04:01:44.885	0.84727				2
2024.07.05	04:01:45.231	0.84726	0.84727			6
2024.07.05	04:01:45.576		0.84728			4
2024.07.05	04:01:47.003	0.84727				2
2024.07.05	04:01:47.357	0.84726				2
2024.07.05	04:01:48.460	0.84727				2
2024.07.05	04:01:49.753		0.84729			4
2024.07.05	04:01:52.398	0.84728				2
2024.07.05	04:01:54.862	0.84727				2
2024.07.05	04:01:59.419	0.84726	0.84728			6
2024.07.05	04:01:59.760	0.84727	0.84729			6
2024.07.05	04:02:00.104	0.84727				2
2024.07.05	04:02:03.387	0.84724	0.84726			6
2024.07.05	04:02:04.183		0.84728			4
2024.07.05	04:02:10.305	0.84723	0.84727			6
2024.07.05	04:02:11.839	0.84725				2
2024.07.05	04:02:12.344	0.84726				2
2024.07.05	04:02:13.681	0.84725				2
2024.07.05	04:02:14.217	0.84724	0.84726			6
2024.07.05	04:02:14.572	0.84726	0.84727			6
2024.07.05	04:02:15.317	0.84725				2
2024.07.05	04:02:18.691	0.84726				2
2024.07.05	04:02:19.546		0.84728			4
2024.07.05	04:02:20.139		0.84727			4
2024.07.05	04:02:20.899		0.84728			4
2024.07.05	04:02:21.231		0.84727			4
2024.07.05	04:02:21.546		0.84728			4
2024.07.05	04:02:24.851		0.84727			4
2024.07.05	04:02:25.160		0.84728			4
2024.07.05	04:02:31.557	0.84727				2
2024.07.05	04:02:31.937	0.84726				2
2024.07.05	04:02:32.422	0.84727				2
2024.07.05	04:02:32.872	0.84726				2
2024.07.05	04:02:33.184	0.84727				2
2024.07.05	04:02:33.557	0.84726				2
2024.07.05	04:02:33.982	0.84727				2
2024.07.05	04:02:34.669		0.84729			4
2024.07.05	04:02:36.164	0.84728				2
2024.07.05	04:02:36.719	0.84727				2
2024.07.05	04:02:37.026	0.84728				2
2024.07.05	04:02:51.556	0.84727				2
2024.07.05	04:02:52.452	0.84728				2
2024.07.05	04:02:52.757	0.84727				2
2024.07.05	04:02:53.166		0.84728			4
2024.07.05	04:02:58.347		0.84729			4
2024.07.05	04:02:59.960	0.84726	0.84728			6
2024.07.05	04:03:00.305	0.84727	0.84729			6
2024.07.05	04:03:01.439	0.84726	0.84728			6
2024.07.05	04:03:02.106	0.84727	0.84729			6
2024.07.05	04:03:04.513	0.84728				2
2024.07.05	04:03:05.396	0.84727				2
2024.07.05	04:03:08.608	0.84728				2
2024.07.05	04:03:08.989	0.84727				2
2024.07.05	04:03:09.302		0.84728			4
2024.07.05	04:03:15.952	0.84726				2
2024.07.05	04:03:18.376	0.84727				2
2024.07.05	04:03:21.293	0.84728	0.84729			6
2024.07.05	04:03:21.729	0.84727				2
2024.07.05	04:03:22.944	0.84728				2
2024.07.05	04:03:23.529	0.84727				2
2024.07.05	04:03:27.682	0.84726	0.84728			6
2024.07.05	04:03:29.524	0.84727	0.84729			6
2024.07.05	04:03:29.861	0.84726	0.84728			6
2024.07.05	04:03:31.179	0.84727	0.84729			6
2024.07.05	04:03:33.437	0.84728				2
2024.07.05	04:03:38.806	0.84727				2
2024.07.05	04:03:41.421	0.84728				2
2024.07.05	04:03:42.372	0.84727				2
2024.07.05	04:03:43.614	0.84728				2
2024.07.05	04:03:44.046	0.84727				2
2024.07.05	04:03:44.401	0.84728				2
2024.07.05	04:03:45.260	0.84727				2
2024.07.05	04:03:49.603	0.84728				2
2024.07.05	04:03:50.363	0.84727				2
2024.07.05	04:03:50.704	0.84728				2
2024.07.05	04:03:51.490	0.84729	0.84731			6
2024.07.05	04:03:53.534		0.84730			4
2024.07.05	04:03:53.932	0.84728				2
2024.07.05	04:03:54.579	0.84730	0.84731			6
2024.07.05	04:03:54.957	0.84728	0.84730			6
2024.07.05	04:03:55.344	0.84729				2
2024.07.05	04:03:55.708	0.84728				2
2024.07.05	04:03:58.160	0.84729				2
2024.07.05	04:03:59.161	0.84728				2
2024.07.05	04:03:59.751	0.84729				2
2024.07.05	04:04:00.096	0.84728				2
2024.07.05	04:04:01.079	0.84729				2
2024.07.05	04:04:01.527	0.84728				2
2024.07.05	04:04:02.166	0.84729				2
2024.07.05	04:04:03.180	0.84730	0.84731			6
2024.07.05	04:04:03.512	0.84729				2
2024.07.05	04:04:03.956	0.84730				2
2024.07.05	04:04:05.614	0.84729				2
2024.07.05	04:04:06.183	0.84730				2
2024.07.05	04:04:07.320		0.84732			4
2024.07.05	04:04:08.227	0.84729	0.84731			6
2024.07.05	04:04:08.587	0.84730	0.84732			6
2024.07.05	04:04:08.953	0.84729	0.84731			6
2024.07.05	04:04:09.925	0.84728	0.84730			6
2024.07.05	04:04:10.305	0.84727				2
2024.07.05	04:04:11.481		0.84729			4
2024.07.05	04:04:23.858		0.84728			4
2024.07.05	04:04:24.910		0.84729			4
2024.07.05	04:04:25.909		0.84728			4
2024.07.05	04:04:27.025		0.84729			4
2024.07.05	04:04:28.029		0.84728			4
2024.07.05	04:04:29.156		0.84729			4
2024.07.05	04:04:29.666		0.84728			4
2024.07.05	04:04:30.007		0.84729			4
2024.07.05	04:04:35.974		0.84728			4
2024.07.05	04:04:36.472		0.84729			4
2024.07.05	04:04:38.599		0.84728			4
2024.07.05	04:04:38.939		0.84729			4
2024.07.05	04:04:39.255		0.84728			4
2024.07.05	04:04:42.195		0.84729			4
2024.07.05	04:04:43.441		0.84728			4
2024.07.05	04:04:43.867		0.84729			4
2024.07.05	04:04:46.604		0.84728			4
2024.07.05	04:04:47.912	0.84726				2
2024.07.05	04:04:48.749	0.84727	0.84729			6
2024.07.05	04:04:55.884	0.84726	0.84730			6
2024.07.05	04:04:58.348	0.84727	0.84729			6
2024.07.05	04:05:00.346	0.84727				2
2024.07.05	04:05:00.705		0.84728			4
2024.07.05	04:05:01.108		0.84729			4
2024.07.05	04:05:01.916	0.84728	0.84730			6
2024.07.05	04:05:02.365	0.84727				2
2024.07.05	04:05:05.075	0.84728	0.84731			6
2024.07.05	04:05:08.160		0.84730			4
2024.07.05	04:05:08.464	0.84727				2
2024.07.05	04:05:09.086	0.84728				2
2024.07.05	04:05:10.196	0.84729				2
2024.07.05	04:05:11.416	0.84730	0.84731			6
2024.07.05	04:05:11.722	0.84729	0.84730			6
2024.07.05	04:05:14.006	0.84728				2
2024.07.05	04:05:20.306	0.84729				2
2024.07.05	04:05:21.785	0.84728				2
2024.07.05	04:05:22.108	0.84729				2
2024.07.05	04:05:25.097	0.84728				2
2024.07.05	04:05:25.435	0.84729	0.84731			6
2024.07.05	04:05:27.375	0.84728	0.84730			6
2024.07.05	04:05:28.374	0.84729	0.84731			6
2024.07.05	04:05:28.739	0.84728	0.84730			6
2024.07.05	04:05:29.053	0.84729	0.84731			6
2024.07.05	04:05:29.471	0.84728	0.84730			6
2024.07.05	04:05:29.775	0.84729	0.84731			6
2024.07.05	04:05:30.773		0.84730			4
2024.07.05	04:05:31.420	0.84728				2
2024.07.05	04:05:31.741	0.84729				2
2024.07.05	04:05:34.073		0.84731			4
2024.07.05	04:05:35.917	0.84730				2
2024.07.05	04:05:36.609	0.84729				2
2024.07.05	04:05:37.743	0.84730				2
2024.07.05	04:05:38.065	0.84729				2
2024.07.05	04:05:38.822	0.84730				2
2024.07.05	04:05:39.297	0.84729				2
2024.07.05	04:05:43.861		0.84730			4
2024.07.05	04:05:47.477	0.84728				2
2024.07.05	04:05:47.793	0.84729				2
2024.07.05	04:05:48.560	0.84728				2
2024.07.05	04:05:49.060	0.84729				2
2024.07.05	04:05:50.182	0.84728				2
2024.07.05	04:05:50.689	0.84729				2
2024.07.05	04:05:52.233	0.84728				2
2024.07.05	04:05:54.744	0.84729				2
2024.07.05	04:05:57.575	0.84728				2
2024.07.05	04:05:57.980	0.84729				2
2024.07.05	04:05:58.439	0.84728				2
2024.07.05	04:05:59.794	0.84729				2
2024.07.05	04:06:00.149	0.84729				2
2024.07.05	04:06:00.469	0.84728				2
2024.07.05	04:06:03.157	0.84727	0.84729			6
2024.07.05	04:06:03.538	0.84728	0.84730			6
2024.07.05	04:06:10.968	0.84729	0.84731			6
2024.07.05	04:06:12.004	0.84728	0.84730			6
2024.07.05	04:06:12.620	0.84729				2
2024.07.05	04:06:13.031	0.84728				2
2024.07.05	04:06:14.479	0.84727	0.84729			6
2024.07.05	04:06:15.179	0.84728	0.84730			6
2024.07.05	04:06:19.084	0.84730	0.84732			6
2024.07.05	04:06:20.158		0.84733			4
