<DATE>	<TIME>	<BID>	<ASK>	<LAST>	<VOLUME>	<FLAGS>
2024.12.10	00:00:00.298	0.82720	0.82804			6
2024.12.10	00:00:01.056	0.82698	0.82816			6
2024.12.10	00:00:30.790	0.82677	0.82821			6
2024.12.10	00:00:37.565	0.82725				2
2024.12.10	00:01:00.531	0.82725				2
2024.12.10	00:01:32.363	0.82723	0.82821			6
2024.12.10	00:02:00.541	0.82723	0.82818			6
2024.12.10	00:02:27.554	0.82725				2
2024.12.10	00:02:43.642	0.82708	0.82828			6
2024.12.10	00:03:05.532	0.82691				2
2024.12.10	00:03:48.208		0.82836			4
2024.12.10	00:04:00.547	0.82693				2
2024.12.10	00:04:40.985	0.82723	0.82831			6
2024.12.10	00:04:41.908	0.82693	0.82836			6
2024.12.10	00:04:55.533	0.82691				2
2024.12.10	00:04:56.333		0.82831			4
2024.12.10	00:05:00.437	0.82691				2
2024.12.10	00:05:06.386	0.82706				2
2024.12.10	00:05:08.367	0.82711				2
2024.12.10	00:05:09.335	0.82713				2
2024.12.10	00:05:15.809	0.82712				2
2024.12.10	00:05:16.343	0.82719				2
2024.12.10	00:05:21.219	0.82720				2
2024.12.10	00:05:25.657	0.82719				2
2024.12.10	00:05:31.082	0.82720				2
2024.12.10	00:05:32.352	0.82719				2
2024.12.10	00:05:36.063	0.82720				2
2024.12.10	00:05:41.084	0.82718				2
2024.12.10	00:05:41.617	0.82716				2
2024.12.10	00:05:42.351	0.82717				2
2024.12.10	00:05:45.631	0.82718				2
2024.12.10	00:05:47.094	0.82720				2
2024.12.10	00:05:52.596	0.82719				2
2024.12.10	00:05:55.324	0.82717				2
2024.12.10	00:05:56.536	0.82714	0.82831			6
2024.12.10	00:05:56.907	0.82717				2
2024.12.10	00:05:58.071	0.82718				2
2024.12.10	00:06:05.548	0.82719				2
2024.12.10	00:06:08.321	0.82718				2
2024.12.10	00:06:40.395	0.82719				2
2024.12.10	00:06:45.510	0.82718				2
2024.12.10	00:06:55.465	0.82719				2
2024.12.10	00:06:59.206		0.82831			4
2024.12.10	00:07:00.007	0.82717				2
2024.12.10	00:07:09.835	0.82719				2
2024.12.10	00:07:15.259	0.82717				2
2024.12.10	00:07:20.308	0.82718				2
2024.12.10	00:07:25.404	0.82717				2
2024.12.10	00:07:30.696	0.82719				2
2024.12.10	00:07:31.841	0.82720				2
2024.12.10	00:07:35.797	0.82719				2
2024.12.10	00:07:42.813	0.82717				2
2024.12.10	00:07:52.696	0.82718				2
2024.12.10	00:07:57.775	0.82717				2
2024.12.10	00:08:02.354	0.82718	0.82831			6
2024.12.10	00:08:07.576	0.82717				2
2024.12.10	00:08:12.730	0.82719				2
2024.12.10	00:08:17.315	0.82718				2
2024.12.10	00:09:00.077	0.82718				2
2024.12.10	00:09:10.339	0.82731	0.82821			6
2024.12.10	00:09:17.929		0.82836			4
2024.12.10	00:09:20.792	0.82735				2
2024.12.10	00:09:21.805	0.82733				2
2024.12.10	00:09:27.680	0.82738				2
2024.12.10	00:09:28.184	0.82737				2
2024.12.10	00:09:45.989	0.82738				2
2024.12.10	00:09:51.110	0.82737				2
2024.12.10	00:09:56.341	0.82735				2
2024.12.10	00:10:00.352	0.82723				2
2024.12.10	00:10:02.103	0.82724				2
2024.12.10	00:10:05.250	0.82726				2
2024.12.10	00:10:07.410	0.82725				2
2024.12.10	00:10:11.589	0.82758	0.82819			6
2024.12.10	00:10:17.349	0.82757	0.82817			6
2024.12.10	00:10:17.652	0.82755	0.82816			6
2024.12.10	00:10:20.377	0.82756				2
2024.12.10	00:10:21.588	0.82753				2
2024.12.10	00:10:22.497	0.82752	0.82814			6
2024.12.10	00:10:27.644	0.82753	0.82816			6
2024.12.10	00:10:27.949	0.82754				2
2024.12.10	00:10:30.373	0.82751	0.82812			6
2024.12.10	00:10:31.280	0.82752	0.82814			6
2024.12.10	00:10:31.584	0.82754	0.82815			6
2024.12.10	00:10:40.371	0.82752	0.82813			6
2024.12.10	00:10:41.583	0.82755	0.82816			6
2024.12.10	00:10:42.188	0.82754	0.82814			6
2024.12.10	00:10:43.098	0.82753	0.82813			6
2024.12.10	00:10:53.701	0.82746	0.82832			6
2024.12.10	00:10:54.007	0.82729	0.82831			6
2024.12.10	00:10:55.241	0.82755	0.82815			6
2024.12.10	00:10:56.179	0.82729	0.82831			6
2024.12.10	00:10:58.714	0.82728				2
2024.12.10	00:11:00.216	0.82757	0.82817			6
2024.12.10	00:11:01.125	0.82728	0.82831			6
2024.12.10	00:11:01.424	0.82714				2
2024.12.10	00:11:03.651	0.82715				2
2024.12.10	00:11:05.080	0.82747	0.82818			6
2024.12.10	00:11:06.024	0.82715	0.82831			6
2024.12.10	00:11:08.850	0.82713				2
2024.12.10	00:11:09.964	0.82747	0.82818			6
2024.12.10	00:11:10.872	0.82713	0.82831			6
2024.12.10	00:11:13.598	0.82715				2
2024.12.10	00:11:14.911	0.82752	0.82823			6
2024.12.10	00:11:15.823	0.82715	0.82831			6
2024.12.10	00:11:18.304	0.82716				2
2024.12.10	00:11:18.707	0.82714				2
2024.12.10	00:11:24.077	0.82717				2
2024.12.10	00:11:30.634	0.82748				2
2024.12.10	00:11:37.049	0.82747				2
2024.12.10	00:11:37.560	0.82752	0.82829			6
2024.12.10	00:11:39.181	0.82751	0.82830			6
2024.12.10	00:11:40.514		0.82829			4
2024.12.10	00:11:42.922	0.82752				2
2024.12.10	00:11:50.973	0.82754	0.82827			6
2024.12.10	00:12:00.363	0.82754				2
2024.12.10	00:12:03.316	0.82753				2
2024.12.10	00:12:07.965	0.82754				2
2024.12.10	00:12:39.691		0.82826			4
2024.12.10	00:12:41.716		0.82827			4
2024.12.10	00:13:02.361	0.82754				2
2024.12.10	00:13:31.196	0.82753	0.82828			6
2024.12.10	00:13:32.491	0.82754	0.82827			6
2024.12.10	00:13:37.813	0.82753				2
2024.12.10	00:14:02.003	0.82753	0.82828			6
2024.12.10	00:14:33.313		0.82827			4
2024.12.10	00:14:34.513	0.82749				2
2024.12.10	00:14:35.122	0.82753				2
2024.12.10	00:14:40.520		0.82828			4
2024.12.10	00:14:47.355	0.82755	0.82826			6
2024.12.10	00:14:47.672	0.82757				2
2024.12.10	00:14:58.357	0.82755	0.82828			6
2024.12.10	00:15:01.813	0.82755				2
2024.12.10	00:15:06.317	0.82754	0.82829			6
2024.12.10	00:15:08.415	0.82753	0.82830			6
2024.12.10	00:15:12.464	0.82751				2
2024.12.10	00:16:24.444	0.82750	0.82826			6
2024.12.10	00:16:42.912	0.82749	0.82827			6
2024.12.10	00:16:50.421	0.82750	0.82826			6
2024.12.10	00:17:04.218	0.82750				2
2024.12.10	00:17:37.512	0.82749				2
2024.12.10	00:17:40.811	0.82750				2
2024.12.10	00:17:55.907		0.82827			4
2024.12.10	00:17:56.796	0.82752	0.82826			6
2024.12.10	00:18:00.776	0.82752				2
2024.12.10	00:18:23.118		0.82825			4
2024.12.10	00:18:54.435	0.82748	0.82829			6
2024.12.10	00:18:59.397	0.82750	0.82828			6
2024.12.10	00:19:01.571	0.82750				2
2024.12.10	00:19:05.213	0.82751	0.82827			6
2024.12.10	00:19:11.715		0.82826			4
2024.12.10	00:19:34.379	0.82749	0.82828			6
2024.12.10	00:19:35.390	0.82752	0.82826			6
2024.12.10	00:19:55.520		0.82825			4
2024.12.10	00:20:01.069	0.82752				2
2024.12.10	00:20:24.008	0.82751	0.82826			6
2024.12.10	00:20:24.357	0.82749				2
2024.12.10	00:20:24.663	0.82752				2
2024.12.10	00:20:25.071	0.82754				2
2024.12.10	00:20:38.421	0.82755	0.82825			6
2024.12.10	00:20:44.423	0.82754	0.82824			6
2024.12.10	00:20:46.512	0.82755	0.82825			6
2024.12.10	00:21:00.012	0.82755				2
2024.12.10	00:21:19.817	0.82754				2
2024.12.10	00:21:48.010		0.82825			4
2024.12.10	00:22:00.781	0.82754				2
2024.12.10	00:22:14.413		0.82826			4
2024.12.10	00:23:00.784	0.82754				2
2024.12.10	00:23:02.121	0.82753	0.82825			6
2024.12.10	00:23:12.010	0.82752	0.82824			6
2024.12.10	00:23:13.232	0.82753	0.82825			6
2024.12.10	00:23:13.978	0.82750	0.82827			6
2024.12.10	00:23:25.142	0.82749	0.82829			6
2024.12.10	00:23:31.516		0.82828			4
2024.12.10	00:23:45.612	0.82750				2
2024.12.10	00:23:51.015	0.82749				2
2024.12.10	00:23:52.780	0.82751	0.82826			6
2024.12.10	00:24:00.613	0.82752				2
2024.12.10	00:24:24.612		0.82825			4
2024.12.10	00:24:48.014	0.82753				2
2024.12.10	00:25:00.315	0.82753				2
2024.12.10	00:25:01.322	0.82748	0.82815			6
2024.12.10	00:25:10.314	0.82749				2
2024.12.10	00:25:11.128	0.82748	0.82814			6
2024.12.10	00:25:12.346	0.82747				2
2024.12.10	00:25:14.113	0.82745	0.82811			6
2024.12.10	00:25:14.456	0.82747	0.82813			6
2024.12.10	00:25:15.618		0.82814			4
2024.12.10	00:25:17.136	0.82745	0.82812			6
2024.12.10	00:25:17.930	0.82747	0.82813			6
2024.12.10	00:25:18.787	0.82744	0.82811			6
2024.12.10	00:25:20.902	0.82745	0.82812			6
2024.12.10	00:25:21.441	0.82749	0.82815			6
2024.12.10	00:25:22.388	0.82746	0.82812			6
2024.12.10	00:25:22.695	0.82747	0.82813			6
2024.12.10	00:25:24.908	0.82746	0.82812			6
2024.12.10	00:25:25.214	0.82745	0.82811			6
2024.12.10	00:25:28.212	0.82746	0.82812			6
2024.12.10	00:25:29.837	0.82744	0.82811			6
2024.12.10	00:25:33.013		0.82810			4
2024.12.10	00:25:36.472	0.82745	0.82811			6
2024.12.10	00:25:37.214	0.82744				2
2024.12.10	00:25:43.502	0.82746	0.82812			6
2024.12.10	00:25:43.816	0.82745	0.82811			6
2024.12.10	00:25:51.948		0.82810			4
2024.12.10	00:25:53.717	0.82744				2
2024.12.10	00:25:54.050	0.82743	0.82809			6
2024.12.10	00:25:59.727	0.82741	0.82808			6
2024.12.10	00:26:00.317	0.82741				2
2024.12.10	00:26:00.785	0.82744	0.82809			6
2024.12.10	00:26:02.085	0.82741	0.82794			6
2024.12.10	00:26:02.408		0.82792			4
2024.12.10	00:26:04.216		0.82793			4
2024.12.10	00:26:04.822		0.82794			4
2024.12.10	00:26:05.712	0.82722	0.82781			6
2024.12.10	00:26:06.027		0.82778			4
2024.12.10	00:26:06.353		0.82785			4
2024.12.10	00:26:08.005		0.82793			4
2024.12.10	00:26:10.944		0.82792			4
2024.12.10	00:26:11.556		0.82793			4
2024.12.10	00:26:29.921		0.82792			4
2024.12.10	00:26:43.647	0.82723				2
2024.12.10	00:26:44.416	0.82722				2
2024.12.10	00:26:48.051		0.82793			4
2024.12.10	00:26:50.722		0.82792			4
2024.12.10	00:26:53.575		0.82793			4
2024.12.10	00:26:55.516		0.82792			4
2024.12.10	00:26:58.553		0.82793			4
2024.12.10	00:26:59.761		0.82792			4
2024.12.10	00:27:00.381	0.82722	0.82794			6
2024.12.10	00:27:05.851	0.82724				2
2024.12.10	00:27:06.199	0.82715				2
2024.12.10	00:27:10.555	0.82717				2
2024.12.10	00:27:17.715	0.82716				2
2024.12.10	00:27:19.161	0.82715				2
2024.12.10	00:27:19.718	0.82711				2
2024.12.10	00:27:22.528	0.82712				2
2024.12.10	00:27:28.891	0.82713				2
2024.12.10	00:27:30.889		0.82796			4
2024.12.10	00:27:31.770	0.82712	0.82797			6
2024.12.10	00:27:34.573	0.82714	0.82798			6
2024.12.10	00:27:37.208		0.82797			4
2024.12.10	00:27:42.663	0.82713	0.82798			6
2024.12.10	00:27:43.560	0.82715	0.82796			6
2024.12.10	00:27:44.871	0.82714	0.82797			6
2024.12.10	00:27:46.660	0.82713	0.82798			6
2024.12.10	00:27:47.254	0.82716	0.82799			6
2024.12.10	00:27:51.490	0.82715	0.82798			6
2024.12.10	00:27:54.019	0.82716	0.82796			6
2024.12.10	00:27:55.219	0.82715				2
2024.12.10	00:27:57.809		0.82797			4
2024.12.10	00:28:00.415	0.82715				2
2024.12.10	00:28:03.013	0.82716				2
2024.12.10	00:28:08.117	0.82738	0.82808			6
2024.12.10	00:28:16.512	0.82739				2
2024.12.10	00:28:17.418	0.82717	0.82797			6
2024.12.10	00:28:19.537	0.82718				2
2024.12.10	00:28:23.088	0.82719	0.82796			6
2024.12.10	00:28:38.721	0.82718				2
2024.12.10	00:28:45.091	0.82715	0.82799			6
2024.12.10	00:28:45.402	0.82713	0.82801			6
2024.12.10	00:28:49.307	0.82716	0.82800			6
2024.12.10	00:28:54.599		0.82801			4
2024.12.10	00:29:01.398	0.82716				2
2024.12.10	00:29:04.291		0.82799			4
2024.12.10	00:29:08.995		0.82800			4
2024.12.10	00:29:09.913	0.82717				2
2024.12.10	00:29:12.329	0.82716				2
2024.12.10	00:29:34.773	0.82721	0.82811			6
2024.12.10	00:29:35.120	0.82739	0.82809			6
2024.12.10	00:29:35.713	0.82740				2
2024.12.10	00:29:37.479	0.82741	0.82808			6
2024.12.10	00:29:38.682	0.82740	0.82809			6
2024.12.10	00:29:44.784	0.82738	0.82808			6
2024.12.10	00:29:46.353	0.82743				2
2024.12.10	00:29:49.709	0.82740				2
2024.12.10	00:29:50.446	0.82739	0.82809			6
2024.12.10	00:29:52.352	0.82740	0.82808			6
2024.12.10	00:29:54.028		0.82807			4
2024.12.10	00:29:55.512	0.82739				2
2024.12.10	00:29:56.122	0.82735				2
2024.12.10	00:29:57.782	0.82733	0.82810			6
2024.12.10	00:29:58.268	0.82732	0.82811			6
2024.12.10	00:30:00.306	0.82736	0.82808			6
2024.12.10	00:30:00.661	0.82737				2
2024.12.10	00:30:02.637	0.82739				2
2024.12.10	00:30:04.362	0.82742				2
2024.12.10	00:30:06.697	0.82744	0.82809			6
2024.12.10	00:30:08.567	0.82745	0.82810			6
2024.12.10	00:30:10.441	0.82747	0.82812			6
2024.12.10	00:30:13.456	0.82748	0.82813			6
2024.12.10	00:30:16.007	0.82749	0.82814			6
2024.12.10	00:30:18.491	0.82750				2
2024.12.10	00:30:18.916	0.82745	0.82809			6
2024.12.10	00:30:23.464	0.82746	0.82810			6
2024.12.10	00:30:25.457	0.82747	0.82811			6
2024.12.10	00:30:29.105	0.82752				2
2024.12.10	00:30:29.997	0.82751				2
2024.12.10	00:30:30.313	0.82750				2
2024.12.10	00:30:31.001	0.82740				2
2024.12.10	00:30:31.482	0.82751				2
2024.12.10	00:30:32.352	0.82752				2
2024.12.10	00:30:33.013	0.82753				2
2024.12.10	00:30:33.533	0.82752				2
2024.12.10	00:30:40.209	0.82753				2
2024.12.10	00:30:40.535	0.82752				2
2024.12.10	00:30:43.889	0.82751				2
2024.12.10	00:30:44.595	0.82752				2
2024.12.10	00:30:44.974	0.82751				2
2024.12.10	00:30:49.742	0.82747				2
2024.12.10	00:30:50.530	0.82746				2
2024.12.10	00:30:51.321	0.82747				2
2024.12.10	00:30:53.860	0.82746				2
2024.12.10	00:30:54.491	0.82744				2
2024.12.10	00:30:59.002	0.82748				2
2024.12.10	00:30:59.920	0.82755				2
2024.12.10	00:31:00.312	0.82754				2
2024.12.10	00:31:02.808	0.82753				2
2024.12.10	00:31:08.313	0.82754				2
2024.12.10	00:31:08.723	0.82752				2
2024.12.10	00:31:13.812	0.82753				2
2024.12.10	00:31:20.079		0.82809			4
2024.12.10	00:31:21.117	0.82752				2
2024.12.10	00:31:21.612	0.82747				2
2024.12.10	00:31:26.199	0.82746				2
2024.12.10	00:31:28.081	0.82747				2
2024.12.10	00:31:33.948	0.82750	0.82799			6
2024.12.10	00:31:34.362	0.82751				2
2024.12.10	00:31:34.812	0.82753				2
2024.12.10	00:31:35.585	0.82754				2
2024.12.10	00:31:38.276	0.82755				2
2024.12.10	00:31:39.827	0.82753				2
2024.12.10	00:31:41.709	0.82754				2
2024.12.10	00:31:42.019	0.82755				2
2024.12.10	00:31:44.361	0.82756				2
2024.12.10	00:32:00.787	0.82756				2
2024.12.10	00:32:04.422	0.82757				2
2024.12.10	00:32:07.830	0.82756				2
2024.12.10	00:32:08.414	0.82755				2
2024.12.10	00:32:18.601	0.82754				2
2024.12.10	00:32:19.222	0.82755				2
2024.12.10	00:32:23.790	0.82751				2
2024.12.10	00:32:24.317	0.82756				2
2024.12.10	00:32:25.854	0.82755				2
2024.12.10	00:32:29.122	0.82756				2
2024.12.10	00:32:30.322	0.82757				2
2024.12.10	00:32:33.633	0.82756				2
2024.12.10	00:32:34.004	0.82757	0.82799			6
2024.12.10	00:32:51.614	0.82756				2
2024.12.10	00:32:54.958	0.82757				2
2024.12.10	00:32:56.256	0.82758				2
2024.12.10	00:32:58.862	0.82757				2
2024.12.10	00:33:00.788	0.82757				2
2024.12.10	00:33:02.039	0.82762	0.82794			6
2024.12.10	00:33:04.534	0.82760				2
2024.12.10	00:33:12.819	0.82757				2
2024.12.10	00:33:13.212	0.82756				2
2024.12.10	00:33:21.323	0.82755				2
2024.12.10	00:33:24.921	0.82756				2
2024.12.10	00:33:31.573	0.82755				2
2024.12.10	00:34:02.031	0.82755				2
2024.12.10	00:34:02.344		0.82794			4
2024.12.10	00:34:03.042	0.82756				2
2024.12.10	00:34:03.986		0.82806			4
2024.12.10	00:34:07.800	0.82755				2
2024.12.10	00:34:25.522	0.82754	0.82805			6
2024.12.10	00:34:34.806	0.82755	0.82806			6
2024.12.10	00:35:00.523	0.82755	0.82805			6
2024.12.10	00:35:04.555		0.82806			4
2024.12.10	00:35:18.320	0.82754	0.82805			6
2024.12.10	00:35:23.384	0.82755	0.82806			6
2024.12.10	00:35:27.330	0.82756				2
2024.12.10	00:35:30.225	0.82755				2
2024.12.10	00:35:32.400	0.82754	0.82805			6
2024.12.10	00:35:34.946	0.82753				2
2024.12.10	00:35:35.266	0.82754				2
2024.12.10	00:35:35.955	0.82755	0.82806			6
2024.12.10	00:35:40.735	0.82754				2
2024.12.10	00:35:43.212	0.82756				2
2024.12.10	00:35:45.212	0.82755				2
2024.12.10	00:35:46.097	0.82758				2
2024.12.10	00:35:55.034	0.82757				2
2024.12.10	00:35:55.411	0.82756	0.82805			6
2024.12.10	00:35:57.593	0.82755				2
2024.12.10	00:36:00.784	0.82755				2
2024.12.10	00:36:05.899	0.82756				2
2024.12.10	00:36:07.812	0.82754				2
2024.12.10	00:36:09.942	0.82756	0.82806			6
2024.12.10	00:36:12.094	0.82757				2
2024.12.10	00:36:19.792	0.82755				2
2024.12.10	00:36:23.149	0.82756	0.82805			6
2024.12.10	00:36:25.787	0.82754	0.82806			6
2024.12.10	00:36:26.433	0.82755				2
2024.12.10	00:36:28.518	0.82759				2
2024.12.10	00:36:28.827	0.82757				2
2024.12.10	00:36:29.288	0.82755				2
2024.12.10	00:36:30.014	0.82760				2
2024.12.10	00:36:30.352	0.82759				2
2024.12.10	00:36:32.169	0.82758				2
2024.12.10	00:36:37.769	0.82757				2
2024.12.10	00:36:39.311	0.82758				2
2024.12.10	00:36:43.512	0.82759				2
2024.12.10	00:36:46.628	0.82758				2
2024.12.10	00:36:49.212	0.82759				2
2024.12.10	00:36:56.182	0.82758				2
2024.12.10	00:36:56.610	0.82757	0.82805			6
2024.12.10	00:36:57.256	0.82758	0.82806			6
2024.12.10	00:36:59.713	0.82757				2
2024.12.10	00:37:01.352	0.82757				2
2024.12.10	00:37:02.799	0.82759				2
2024.12.10	00:37:03.633	0.82760				2
2024.12.10	00:37:05.894	0.82759				2
2024.12.10	00:37:07.536	0.82760				2
2024.12.10	00:37:07.849	0.82759				2
2024.12.10	00:37:10.026	0.82760				2
2024.12.10	00:37:10.945	0.82761				2
2024.12.10	00:37:14.113	0.82762				2
2024.12.10	00:37:19.975	0.82764				2
2024.12.10	00:37:22.181	0.82765				2
2024.12.10	00:37:29.909	0.82762				2
2024.12.10	00:37:30.211	0.82764				2
2024.12.10	00:37:30.561	0.82763				2
2024.12.10	00:37:30.867	0.82764				2
2024.12.10	00:37:31.668	0.82765				2
2024.12.10	00:37:31.997	0.82764				2
2024.12.10	00:37:34.978	0.82763				2
2024.12.10	00:37:35.846	0.82762				2
2024.12.10	00:37:36.308	0.82763				2
2024.12.10	00:37:41.188	0.82764				2
2024.12.10	00:37:45.557	0.82765				2
2024.12.10	00:37:48.283	0.82764				2
2024.12.10	00:37:57.326		0.82806			4
2024.12.10	00:38:00.411	0.82764				2
2024.12.10	00:38:01.414	0.82765				2
2024.12.10	00:38:06.632	0.82764				2
2024.12.10	00:38:07.208	0.82765				2
2024.12.10	00:38:10.774	0.82763				2
2024.12.10	00:38:11.419	0.82764				2
2024.12.10	00:38:13.046	0.82765				2
2024.12.10	00:38:15.100	0.82764				2
2024.12.10	00:38:16.677	0.82765				2
2024.12.10	00:38:20.445	0.82766				2
2024.12.10	00:38:26.711	0.82765				2
2024.12.10	00:38:27.323	0.82766				2
2024.12.10	00:38:32.654	0.82765				2
2024.12.10	00:38:36.761	0.82764				2
2024.12.10	00:38:38.142	0.82765				2
2024.12.10	00:38:38.447	0.82766				2
2024.12.10	00:38:40.212	0.82764				2
2024.12.10	00:38:46.757	0.82765				2
2024.12.10	00:38:47.112	0.82763				2
2024.12.10	00:38:56.743	0.82762				2
2024.12.10	00:38:58.062	0.82763	0.82806			6
2024.12.10	00:39:00.789	0.82763				2
2024.12.10	00:39:17.113	0.82762				2
2024.12.10	00:39:20.389	0.82763				2
2024.12.10	00:39:31.605	0.82762				2
2024.12.10	00:39:38.650	0.82763				2
2024.12.10	00:39:38.972	0.82762				2
2024.12.10	00:39:41.093	0.82761				2
2024.12.10	00:39:45.044	0.82762				2
2024.12.10	00:39:45.781	0.82761				2
2024.12.10	00:39:49.917	0.82760				2
2024.12.10	00:39:53.930	0.82761				2
2024.12.10	00:39:55.045	0.82759				2
2024.12.10	00:39:58.192	0.82762	0.82806			6
2024.12.10	00:39:58.814	0.82760				2
2024.12.10	00:40:00.426	0.82761				2
2024.12.10	00:40:01.468	0.82760				2
2024.12.10	00:40:02.777	0.82759				2
2024.12.10	00:40:03.608	0.82761				2
2024.12.10	00:40:04.506	0.82759				2
2024.12.10	00:40:04.840	0.82760				2
2024.12.10	00:40:06.016	0.82759				2
2024.12.10	00:40:07.600	0.82760				2
2024.12.10	00:40:11.413	0.82761				2
2024.12.10	00:40:11.719	0.82762				2
2024.12.10	00:40:12.981	0.82760				2
2024.12.10	00:40:14.113	0.82759				2
2024.12.10	00:40:14.560	0.82760				2
2024.12.10	00:40:17.143	0.82759				2
2024.12.10	00:40:19.219	0.82761				2
2024.12.10	00:40:21.430	0.82760				2
2024.12.10	00:40:21.952		0.82794			4
2024.12.10	00:40:22.468	0.82762				2
2024.12.10	00:40:22.785	0.82763				2
2024.12.10	00:40:25.510	0.82761				2
2024.12.10	00:40:26.016	0.82763				2
2024.12.10	00:40:27.591	0.82760				2
2024.12.10	00:40:27.902	0.82763				2
2024.12.10	00:40:30.727	0.82764				2
2024.12.10	00:40:32.885		0.82796			4
2024.12.10	00:40:44.271	0.82765				2
2024.12.10	00:40:49.814	0.82766				2
2024.12.10	00:40:54.756		0.82798			4
2024.12.10	00:40:57.271	0.82767				2
2024.12.10	00:40:59.725	0.82766				2
2024.12.10	00:41:00.039	0.82766				2
2024.12.10	00:41:00.559	0.82765				2
2024.12.10	00:41:02.115	0.82766				2
2024.12.10	00:41:04.937	0.82767	0.82800			6
2024.12.10	00:41:07.317	0.82769				2
2024.12.10	00:41:07.828	0.82767				2
2024.12.10	00:41:08.859	0.82769				2
2024.12.10	00:41:12.910	0.82768				2
2024.12.10	00:41:19.087	0.82769				2
2024.12.10	00:41:30.095	0.82767	0.82811			6
2024.12.10	00:41:36.918	0.82768				2
2024.12.10	00:41:37.922	0.82757	0.82809			6
2024.12.10	00:41:38.255	0.82767	0.82811			6
2024.12.10	00:41:40.054	0.82766	0.82810			6
2024.12.10	00:41:40.513	0.82767	0.82812			6
2024.12.10	00:41:42.386	0.82766	0.82810			6
2024.12.10	00:41:44.481	0.82764	0.82809			6
2024.12.10	00:41:50.801	0.82765				2
2024.12.10	00:41:53.716	0.82764				2
2024.12.10	00:41:58.954	0.82765	0.82810			6
2024.12.10	00:41:59.295		0.82809			4
2024.12.10	00:42:00.621	0.82765				2
2024.12.10	00:42:03.478		0.82808			4
2024.12.10	00:42:04.907	0.82764				2
2024.12.10	00:42:07.478	0.82766				2
2024.12.10	00:42:07.814	0.82765				2
2024.12.10	00:42:11.520	0.82766				2
2024.12.10	00:42:17.521		0.82809			4
2024.12.10	00:42:22.998		0.82810			4
2024.12.10	00:42:29.003	0.82765				2
2024.12.10	00:42:29.678	0.82766				2
2024.12.10	00:42:30.093		0.82808			4
2024.12.10	00:42:35.416	0.82765				2
2024.12.10	00:42:37.636	0.82766				2
2024.12.10	00:42:38.120	0.82765				2
2024.12.10	00:42:38.576		0.82810			4
2024.12.10	00:42:39.433	0.82766				2
2024.12.10	00:42:42.374		0.82809			4
2024.12.10	00:42:47.639	0.82765	0.82810			6
2024.12.10	00:42:49.695	0.82766				2
2024.12.10	00:42:54.313		0.82811			4
2024.12.10	00:42:57.666		0.82810			4
2024.12.10	00:42:59.531	0.82765	0.82809			6
2024.12.10	00:43:00.069	0.82765				2
2024.12.10	00:43:02.722	0.82766	0.82810			6
2024.12.10	00:43:06.097	0.82765				2
2024.12.10	00:43:07.711	0.82766	0.82811			6
2024.12.10	00:43:09.961		0.82810			4
2024.12.10	00:43:14.748	0.82767	0.82811			6
2024.12.10	00:43:24.056	0.82766				2
2024.12.10	00:43:24.574	0.82767				2
2024.12.10	00:43:26.126		0.82812			4
2024.12.10	00:43:27.772	0.82766				2
2024.12.10	00:43:28.889		0.82810			4
2024.12.10	00:43:29.241	0.82767	0.82811			6
2024.12.10	00:43:30.148	0.82766				2
2024.12.10	00:43:32.021	0.82767				2
2024.12.10	00:43:47.862	0.82766				2
2024.12.10	00:43:52.200		0.82810			4
2024.12.10	00:43:58.620	0.82765				2
2024.12.10	00:43:58.949	0.82766				2
2024.12.10	00:44:00.333	0.82766				2
2024.12.10	00:44:01.460	0.82764	0.82812			6
2024.12.10	00:44:01.904	0.82766	0.82810			6
2024.12.10	00:44:05.138	0.82767	0.82811			6
2024.12.10	00:44:05.462	0.82768	0.82813			6
2024.12.10	00:44:05.811	0.82764	0.82812			6
2024.12.10	00:44:06.266	0.82765	0.82810			6
2024.12.10	00:44:06.597		0.82812			4
2024.12.10	00:44:07.939		0.82811			4
2024.12.10	00:44:10.593	0.82764				2
2024.12.10	00:44:14.068	0.82765	0.82810			6
2024.12.10	00:44:16.150	0.82764				2
2024.12.10	00:44:17.971	0.82763				2
2024.12.10	00:44:18.312	0.82762				2
2024.12.10	00:44:21.582		0.82809			4
2024.12.10	00:44:25.392	0.82761	0.82810			6
2024.12.10	00:44:36.098	0.82762	0.82809			6
2024.12.10	00:44:38.411		0.82808			4
2024.12.10	00:44:47.717		0.82809			4
2024.12.10	00:44:51.318		0.82808			4
2024.12.10	00:44:57.106	0.82761	0.82809			6
2024.12.10	00:45:00.179	0.82761				2
2024.12.10	00:45:02.132	0.82756	0.82816			6
2024.12.10	00:45:03.359	0.82755	0.82815			6
2024.12.10	00:45:03.968	0.82761	0.82809			6
2024.12.10	00:45:05.256	0.82762	0.82808			6
2024.12.10	00:45:07.877	0.82774	0.82796			6
2024.12.10	00:45:08.223	0.82775				2
2024.12.10	00:45:14.128	0.82774	0.82797			6
2024.12.10	00:45:16.167	0.82775	0.82796			6
2024.12.10	00:45:21.094	0.82773	0.82797			6
2024.12.10	00:45:21.904	0.82771				2
2024.12.10	00:45:22.236	0.82772				2
2024.12.10	00:45:27.015	0.82773				2
2024.12.10	00:45:28.542	0.82774				2
2024.12.10	00:45:30.789		0.82796			4
2024.12.10	00:45:31.526	0.82775				2
2024.12.10	00:45:34.396	0.82780	0.82799			6
2024.12.10	00:45:35.449	0.82777	0.82796			6
2024.12.10	00:45:35.852	0.82776				2
2024.12.10	00:45:38.147	0.82775				2
2024.12.10	00:45:38.649	0.82776				2
2024.12.10	00:45:45.392	0.82775	0.82797			6
2024.12.10	00:45:55.943	0.82773				2
2024.12.10	00:46:01.063	0.82773				2
2024.12.10	00:46:01.476		0.82798			4
2024.12.10	00:46:01.787		0.82797			4
2024.12.10	00:46:02.091	0.82775	0.82798			6
2024.12.10	00:46:02.413	0.82776				2
2024.12.10	00:46:03.137	0.82775				2
2024.12.10	00:46:05.337	0.82776	0.82797			6
2024.12.10	00:46:09.012		0.82798			4
2024.12.10	00:46:10.648	0.82775	0.82797			6
2024.12.10	00:46:10.960	0.82774	0.82798			6
2024.12.10	00:46:11.409	0.82773	0.82799			6
2024.12.10	00:46:19.215	0.82775	0.82798			6
2024.12.10	00:46:19.712	0.82779	0.82799			6
2024.12.10	00:46:20.707	0.82778				2
2024.12.10	00:46:21.017	0.82776				2
2024.12.10	00:46:24.318	0.82777	0.82798			6
2024.12.10	00:46:26.418	0.82776				2
2024.12.10	00:46:36.094	0.82777				2
2024.12.10	00:46:42.615	0.82778				2
2024.12.10	00:46:43.741	0.82780				2
2024.12.10	00:46:45.495		0.82799			4
2024.12.10	00:46:49.399	0.82779	0.82798			6
2024.12.10	00:46:49.815	0.82778				2
2024.12.10	00:46:50.562		0.82797			4
2024.12.10	00:46:50.864	0.82770	0.82794			6
2024.12.10	00:46:51.167	0.82771	0.82793			6
2024.12.10	00:46:53.254	0.82769				2
2024.12.10	00:46:53.591	0.82770	0.82794			6
2024.12.10	00:46:56.427		0.82792			4
2024.12.10	00:46:58.664	0.82769	0.82793			6
2024.12.10	00:46:59.631	0.82771	0.82791			6
2024.12.10	00:47:00.171	0.82769	0.82792			6
2024.12.10	00:47:00.613	0.82768	0.82793			6
2024.12.10	00:47:01.047		0.82794			4
2024.12.10	00:47:01.441	0.82770	0.82793			6
2024.12.10	00:47:01.834	0.82766	0.82802			6
2024.12.10	00:47:03.081	0.82767	0.82803			6
2024.12.10	00:47:03.990	0.82769	0.82796			6
2024.12.10	00:47:04.518	0.82771	0.82795			6
2024.12.10	00:47:05.094	0.82761	0.82794			6
2024.12.10	00:47:05.718	0.82771	0.82795			6
2024.12.10	00:47:06.214	0.82772				2
2024.12.10	00:47:06.874	0.82773	0.82793			6
2024.12.10	00:47:07.356	0.82774	0.82792			6
2024.12.10	00:47:07.988	0.82772	0.82793			6
2024.12.10	00:47:08.301	0.82773	0.82792			6
2024.12.10	00:47:09.242	0.82772				2
2024.12.10	00:47:09.630	0.82770				2
2024.12.10	00:47:09.994	0.82773				2
2024.12.10	00:47:10.925	0.82772	0.82791			6
2024.12.10	00:47:11.272		0.82792			4
2024.12.10	00:47:12.691	0.82770	0.82791			6
2024.12.10	00:47:16.216	0.82768				2
2024.12.10	00:47:18.154	0.82770	0.82789			6
2024.12.10	00:47:20.164	0.82768	0.82791			6
2024.12.10	00:47:20.533	0.82769	0.82790			6
2024.12.10	00:47:22.357	0.82768	0.82791			6
2024.12.10	00:47:25.505	0.82769	0.82792			6
2024.12.10	00:47:25.809		0.82791			4
2024.12.10	00:47:26.877		0.82792			4
2024.12.10	00:47:27.287	0.82770				2
2024.12.10	00:47:27.620	0.82769	0.82790			6
2024.12.10	00:47:27.925	0.82761	0.82784			6
2024.12.10	00:47:28.735		0.82783			4
2024.12.10	00:47:29.042	0.82762				2
2024.12.10	00:47:29.418	0.82761	0.82784			6
2024.12.10	00:47:29.783	0.82762				2
2024.12.10	00:47:30.118	0.82761				2
2024.12.10	00:47:30.728	0.82764				2
2024.12.10	00:47:31.063	0.82765				2
2024.12.10	00:47:31.388	0.82764	0.82785			6
2024.12.10	00:47:31.706	0.82763	0.82784			6
2024.12.10	00:47:32.017	0.82764	0.82783			6
2024.12.10	00:47:32.324		0.82784			4
2024.12.10	00:47:32.632		0.82783			4
2024.12.10	00:47:33.261		0.82784			4
2024.12.10	00:47:33.566		0.82785			4
2024.12.10	00:47:33.868	0.82759	0.82786			6
2024.12.10	00:47:34.183	0.82763	0.82785			6
2024.12.10	00:47:34.503	0.82764	0.82783			6
2024.12.10	00:47:34.823	0.82761				2
2024.12.10	00:47:35.142	0.82762				2
2024.12.10	00:47:35.470	0.82764				2
2024.12.10	00:47:36.106	0.82763	0.82784			6
2024.12.10	00:47:36.418	0.82760	0.82783			6
2024.12.10	00:47:36.731	0.82762				2
2024.12.10	00:47:37.041		0.82784			4
2024.12.10	00:47:37.356	0.82760	0.82786			6
2024.12.10	00:47:37.669	0.82758				2
2024.12.10	00:47:37.974	0.82759				2
2024.12.10	00:47:38.281	0.82760	0.82785			6
2024.12.10	00:47:38.582	0.82763	0.82784			6
2024.12.10	00:47:38.904	0.82762	0.82782			6
2024.12.10	00:47:39.236	0.82760	0.82784			6
2024.12.10	00:47:40.086	0.82759	0.82785			6
2024.12.10	00:47:40.783	0.82760	0.82783			6
2024.12.10	00:47:42.265	0.82759	0.82784			6
2024.12.10	00:47:43.491	0.82760	0.82782			6
2024.12.10	00:47:44.236		0.82783			4
2024.12.10	00:47:47.110		0.82782			4
2024.12.10	00:47:48.115	0.82762	0.82781			6
2024.12.10	00:47:48.879		0.82782			4
2024.12.10	00:47:49.221	0.82761				2
2024.12.10	00:47:50.361	0.82762				2
2024.12.10	00:47:50.718	0.82761				2
2024.12.10	00:47:51.550	0.82760				2
2024.12.10	00:47:52.739	0.82758	0.82783			6
2024.12.10	00:47:58.523		0.82782			4
2024.12.10	00:47:58.937	0.82754	0.82783			6
2024.12.10	00:48:00.174	0.82754				2
2024.12.10	00:48:00.560	0.82756	0.82781			6
2024.12.10	00:48:05.119	0.82757				2
2024.12.10	00:48:06.803	0.82759	0.82783			6
2024.12.10	00:48:08.960	0.82760	0.82785			6
2024.12.10	00:48:09.330	0.82758	0.82787			6
2024.12.10	00:48:09.860		0.82786			4
2024.12.10	00:48:11.381	0.82757	0.82785			6
2024.12.10	00:48:11.717	0.82761				2
2024.12.10	00:48:14.837	0.82758	0.82784			6
2024.12.10	00:48:19.015	0.82759				2
2024.12.10	00:48:22.398		0.82786			4
2024.12.10	00:48:22.911	0.82761	0.82784			6
2024.12.10	00:48:26.269		0.82785			4
2024.12.10	00:48:27.250		0.82784			4
2024.12.10	00:48:29.114	0.82762				2
2024.12.10	00:48:33.919	0.82761				2
2024.12.10	00:48:35.317	0.82760				2
2024.12.10	00:48:38.716	0.82758	0.82787			6
2024.12.10	00:48:39.020	0.82760	0.82786			6
2024.12.10	00:48:39.903	0.82761				2
2024.12.10	00:48:40.221	0.82759	0.82787			6
2024.12.10	00:48:40.523	0.82758	0.82786			6
2024.12.10	00:48:40.833	0.82759				2
2024.12.10	00:48:41.142	0.82762				2
2024.12.10	00:48:41.459	0.82761				2
2024.12.10	00:48:41.763	0.82760				2
2024.12.10	00:48:42.126		0.82787			4
2024.12.10	00:48:42.432	0.82768	0.82788			6
2024.12.10	00:48:42.743	0.82769	0.82789			6
2024.12.10	00:48:43.047	0.82762	0.82786			6
2024.12.10	00:48:43.351	0.82760	0.82785			6
2024.12.10	00:48:43.662	0.82764	0.82786			6
2024.12.10	00:48:43.999	0.82760	0.82787			6
2024.12.10	00:48:44.302	0.82763				2
2024.12.10	00:48:44.621	0.82762	0.82788			6
2024.12.10	00:48:44.932	0.82758	0.82787			6
2024.12.10	00:48:45.242	0.82768	0.82788			6
2024.12.10	00:48:45.562	0.82760	0.82786			6
2024.12.10	00:48:45.883	0.82761	0.82785			6
2024.12.10	00:48:46.184	0.82768	0.82788			6
2024.12.10	00:48:46.511	0.82764	0.82787			6
2024.12.10	00:48:46.822	0.82761				2
2024.12.10	00:48:47.136	0.82763				2
2024.12.10	00:48:47.442	0.82760	0.82786			6
2024.12.10	00:48:47.761	0.82761				2
2024.12.10	00:48:48.063	0.82768	0.82788			6
2024.12.10	00:48:48.370	0.82765	0.82787			6
2024.12.10	00:48:48.682	0.82763	0.82786			6
2024.12.10	00:48:49.002	0.82766				2
2024.12.10	00:48:49.308	0.82767	0.82787			6
2024.12.10	00:48:49.623	0.82761	0.82786			6
2024.12.10	00:48:49.942	0.82767	0.82787			6
2024.12.10	00:48:50.252	0.82763	0.82786			6
2024.12.10	00:48:50.562	0.82760	0.82787			6
2024.12.10	00:48:50.862	0.82768	0.82788			6
2024.12.10	00:48:51.166	0.82763	0.82789			6
2024.12.10	00:48:51.467	0.82759	0.82787			6
2024.12.10	00:48:51.783	0.82768	0.82788			6
2024.12.10	00:48:52.102	0.82763	0.82789			6
2024.12.10	00:48:52.403	0.82760	0.82787			6
2024.12.10	00:48:52.705	0.82759				2
2024.12.10	00:48:53.007	0.82769	0.82789			6
2024.12.10	00:48:53.322	0.82768	0.82790			6
2024.12.10	00:48:53.622	0.82763	0.82787			6
2024.12.10	00:48:53.944	0.82765				2
2024.12.10	00:48:54.261	0.82760				2
2024.12.10	00:48:54.572	0.82762				2
2024.12.10	00:48:54.882	0.82763	0.82789			6
2024.12.10	00:48:55.202	0.82758	0.82787			6
2024.12.10	00:48:55.506	0.82761	0.82786			6
2024.12.10	00:48:55.822	0.82762	0.82789			6
2024.12.10	00:48:56.143	0.82765	0.82787			6
2024.12.10	00:48:56.462	0.82769	0.82789			6
2024.12.10	00:48:56.776	0.82765	0.82787			6
2024.12.10	00:48:57.081	0.82761				2
2024.12.10	00:48:57.392	0.82769	0.82789			6
2024.12.10	00:48:57.702	0.82765	0.82788			6
2024.12.10	00:48:58.002	0.82759	0.82787			6
2024.12.10	00:48:58.306	0.82763	0.82786			6
2024.12.10	00:48:58.621	0.82769	0.82789			6
2024.12.10	00:48:58.923	0.82761	0.82787			6
2024.12.10	00:48:59.242	0.82760	0.82786			6
2024.12.10	00:48:59.541	0.82766	0.82788			6
2024.12.10	00:48:59.846	0.82763	0.82789			6
2024.12.10	00:49:00.161	0.82765	0.82786			6
2024.12.10	00:49:00.465	0.82767	0.82789			6
2024.12.10	00:49:00.780	0.82763	0.82787			6
2024.12.10	00:49:01.387	0.82767	0.82789			6
2024.12.10	00:49:01.704	0.82762				2
2024.12.10	00:49:02.007	0.82759	0.82787			6
2024.12.10	00:49:02.322	0.82766	0.82789			6
2024.12.10	00:49:02.625	0.82760				2
2024.12.10	00:49:02.942	0.82761	0.82787			6
2024.12.10	00:49:03.244	0.82764	0.82788			6
2024.12.10	00:49:03.563	0.82762	0.82789			6
2024.12.10	00:49:03.874		0.82787			4
2024.12.10	00:49:04.181	0.82763	0.82788			6
2024.12.10	00:49:04.488	0.82761	0.82789			6
2024.12.10	00:49:04.801	0.82758	0.82787			6
2024.12.10	00:49:05.102	0.82766	0.82788			6
2024.12.10	00:49:05.415	0.82762				2
2024.12.10	00:49:05.722	0.82761	0.82787			6
2024.12.10	00:49:06.027	0.82760				2
2024.12.10	00:49:06.334	0.82763	0.82789			6
2024.12.10	00:49:06.643	0.82768	0.82790			6
2024.12.10	00:49:06.962	0.82763	0.82787			6
2024.12.10	00:49:07.282	0.82766	0.82789			6
2024.12.10	00:49:07.707	0.82765				2
2024.12.10	00:49:09.235	0.82764	0.82788			6
2024.12.10	00:49:10.367	0.82765				2
2024.12.10	00:49:14.805	0.82764	0.82789			6
2024.12.10	00:49:17.118	0.82766	0.82788			6
2024.12.10	00:49:22.831	0.82765				2
2024.12.10	00:49:27.640		0.82786			4
2024.12.10	00:49:28.076	0.82766	0.82787			6
2024.12.10	00:49:29.331	0.82765				2
2024.12.10	00:49:29.943	0.82766	0.82788			6
2024.12.10	00:49:30.245	0.82760	0.82791			6
2024.12.10	00:49:31.134	0.82759	0.82792			6
2024.12.10	00:49:32.277	0.82763	0.82790			6
2024.12.10	00:49:39.338	0.82761	0.82791			6
2024.12.10	00:49:39.802	0.82762				2
2024.12.10	00:49:40.201	0.82764	0.82789			6
2024.12.10	00:49:41.001		0.82788			4
2024.12.10	00:49:41.304		0.82789			4
2024.12.10	00:49:44.680	0.82762	0.82790			6
2024.12.10	00:49:45.033	0.82763	0.82789			6
2024.12.10	00:49:45.375	0.82762	0.82791			6
2024.12.10	00:49:49.049	0.82763				2
2024.12.10	00:49:49.379	0.82762				2
2024.12.10	00:49:50.488	0.82760				2
2024.12.10	00:49:50.842	0.82759	0.82790			6
2024.12.10	00:49:51.141	0.82762	0.82791			6
2024.12.10	00:49:51.462	0.82761	0.82790			6
2024.12.10	00:49:54.702		0.82792			4
2024.12.10	00:49:59.409	0.82763	0.82791			6
2024.12.10	00:49:59.743		0.82790			4
2024.12.10	00:50:00.564	0.82767				2
2024.12.10	00:50:00.916	0.82764				2
2024.12.10	00:50:04.182	0.82762				2
2024.12.10	00:50:04.536	0.82763				2
2024.12.10	00:50:06.668	0.82764				2
2024.12.10	00:50:07.897	0.82768	0.82789			6
2024.12.10	00:50:08.219	0.82767				2
2024.12.10	00:50:09.468	0.82766	0.82791			6
2024.12.10	00:50:12.007	0.82767				2
2024.12.10	00:50:18.927	0.82766	0.82792			6
2024.12.10	00:50:19.550		0.82789			4
2024.12.10	00:50:20.458	0.82769	0.82790			6
2024.12.10	00:50:20.764	0.82768				2
2024.12.10	00:50:22.351	0.82769				2
2024.12.10	00:50:22.762	0.82767	0.82791			6
2024.12.10	00:50:23.063	0.82768	0.82790			6
2024.12.10	00:50:24.061		0.82789			4
2024.12.10	00:50:26.333	0.82769	0.82790			6
2024.12.10	00:50:29.093	0.82768	0.82791			6
2024.12.10	00:50:30.658		0.82789			4
2024.12.10	00:50:32.680	0.82765	0.82791			6
2024.12.10	00:50:34.800		0.82792			4
2024.12.10	00:50:35.157	0.82767	0.82790			6
2024.12.10	00:50:39.369	0.82765	0.82791			6
2024.12.10	00:50:39.678	0.82766				2
2024.12.10	00:50:41.880	0.82768	0.82789			6
2024.12.10	00:50:42.294	0.82769	0.82790			6
2024.12.10	00:50:44.292	0.82766	0.82791			6
2024.12.10	00:50:44.630	0.82767				2
2024.12.10	00:50:46.677	0.82766				2
2024.12.10	00:50:47.366	0.82758	0.82784			6
2024.12.10	00:50:47.674	0.82753	0.82788			6
2024.12.10	00:50:48.018	0.82754	0.82787			6
2024.12.10	00:50:48.663	0.82758				2
2024.12.10	00:50:49.690	0.82755	0.82789			6
2024.12.10	00:50:50.112	0.82757	0.82788			6
2024.12.10	00:50:50.412	0.82759	0.82787			6
2024.12.10	00:50:50.730	0.82757	0.82788			6
2024.12.10	00:50:51.032	0.82758	0.82787			6
2024.12.10	00:50:52.208	0.82760	0.82785			6
2024.12.10	00:50:52.922	0.82759	0.82786			6
2024.12.10	00:50:54.616		0.82785			4
2024.12.10	00:50:57.354	0.82755	0.82789			6
2024.12.10	00:50:59.928	0.82759	0.82786			6
2024.12.10	00:51:00.324	0.82759				2
2024.12.10	00:51:04.699	0.82757	0.82788			6
2024.12.10	00:51:08.900	0.82759	0.82789			6
2024.12.10	00:51:09.213	0.82758				2
2024.12.10	00:51:13.783	0.82757				2
2024.12.10	00:51:23.060	0.82756				2
2024.12.10	00:51:31.814		0.82790			4
2024.12.10	00:51:32.797		0.82788			4
2024.12.10	00:51:33.980	0.82757	0.82787			6
2024.12.10	00:51:34.621	0.82755	0.82789			6
2024.12.10	00:51:42.693	0.82754	0.82791			6
2024.12.10	00:51:43.967		0.82790			4
2024.12.10	00:51:47.715	0.82755				2
2024.12.10	00:51:49.688	0.82757	0.82789			6
2024.12.10	00:51:50.038	0.82760	0.82787			6
2024.12.10	00:51:51.861		0.82788			4
2024.12.10	00:52:00.171	0.82760				2
2024.12.10	00:52:04.823	0.82761				2
2024.12.10	00:52:06.256	0.82762	0.82785			6
2024.12.10	00:52:08.115	0.82760	0.82786			6
2024.12.10	00:52:11.192	0.82759				2
2024.12.10	00:52:19.961	0.82760				2
2024.12.10	00:52:20.309	0.82759				2
2024.12.10	00:52:29.727	0.82760				2
2024.12.10	00:52:30.057		0.82785			4
2024.12.10	00:52:32.353	0.82757	0.82786			6
2024.12.10	00:52:33.333	0.82758				2
2024.12.10	00:52:34.772	0.82757				2
2024.12.10	00:52:35.737	0.82758				2
2024.12.10	00:52:36.646	0.82759				2
2024.12.10	00:52:37.888		0.82787			4
2024.12.10	00:52:40.089		0.82786			4
2024.12.10	00:52:47.021	0.82760				2
2024.12.10	00:52:47.361	0.82758				2
2024.12.10	00:52:47.668	0.82759	0.82785			6
2024.12.10	00:52:50.099	0.82758	0.82787			6
2024.12.10	00:52:54.316		0.82786			4
2024.12.10	00:53:00.145	0.82758				2
2024.12.10	00:53:06.388	0.82760	0.82784			6
2024.12.10	00:53:10.203	0.82762				2
2024.12.10	00:53:11.427	0.82761				2
2024.12.10	00:53:16.349	0.82762				2
2024.12.10	00:53:18.914	0.82761				2
2024.12.10	00:53:20.333	0.82762	0.82785			6
2024.12.10	00:53:20.714	0.82761	0.82784			6
2024.12.10	00:53:24.774		0.82785			4
2024.12.10	00:53:26.781	0.82763				2
2024.12.10	00:53:40.105	0.82762				2
2024.12.10	00:53:46.411	0.82761	0.82786			6
2024.12.10	00:53:48.878	0.82760	0.82785			6
2024.12.10	00:53:49.231	0.82761				2
2024.12.10	00:53:50.254	0.82762				2
2024.12.10	00:53:50.623	0.82761				2
2024.12.10	00:54:00.633	0.82760	0.82786			6
2024.12.10	00:54:01.204	0.82761				2
2024.12.10	00:54:05.086	0.82762	0.82785			6
2024.12.10	00:54:05.449	0.82761				2
2024.12.10	00:54:10.817	0.82762				2
2024.12.10	00:54:11.714	0.82759	0.82787			6
2024.12.10	00:54:12.262	0.82761	0.82786			6
2024.12.10	00:54:12.567	0.82755	0.82783			6
2024.12.10	00:54:12.868	0.82751	0.82785			6
2024.12.10	00:54:13.189	0.82758	0.82786			6
2024.12.10	00:54:13.864	0.82762				2
2024.12.10	00:54:14.214	0.82760	0.82788			6
2024.12.10	00:54:14.597	0.82756	0.82783			6
2024.12.10	00:54:14.914	0.82754	0.82785			6
2024.12.10	00:54:15.222	0.82763	0.82789			6
2024.12.10	00:54:15.529	0.82759	0.82793			6
2024.12.10	00:54:15.868	0.82762				2
2024.12.10	00:54:16.175	0.82761				2
2024.12.10	00:54:16.515		0.82792			4
2024.12.10	00:54:17.086	0.82763				2
2024.12.10	00:54:17.422	0.82759	0.82794			6
2024.12.10	00:54:18.004	0.82760	0.82793			6
2024.12.10	00:54:18.388	0.82759	0.82795			6
2024.12.10	00:54:20.434	0.82760	0.82792			6
2024.12.10	00:54:21.012	0.82763	0.82791			6
2024.12.10	00:54:21.855	0.82762	0.82792			6
2024.12.10	00:54:22.394	0.82760	0.82793			6
2024.12.10	00:54:23.869	0.82761	0.82792			6
2024.12.10	00:54:25.478	0.82760	0.82793			6
2024.12.10	00:54:26.100	0.82761	0.82794			6
2024.12.10	00:54:26.415	0.82762	0.82793			6
2024.12.10	00:54:30.951	0.82763	0.82794			6
2024.12.10	00:54:36.686	0.82762				2
2024.12.10	00:54:38.891	0.82761				2
2024.12.10	00:54:39.663	0.82762	0.82793			6
2024.12.10	00:54:40.818		0.82794			4
2024.12.10	00:54:41.864	0.82763				2
2024.12.10	00:54:42.288	0.82759				2
2024.12.10	00:54:42.688		0.82796			4
2024.12.10	00:54:43.286	0.82757	0.82797			6
2024.12.10	00:54:44.361	0.82753	0.82799			6
2024.12.10	00:54:44.713	0.82755				2
2024.12.10	00:54:46.362	0.82759	0.82798			6
2024.12.10	00:54:46.782	0.82763				2
2024.12.10	00:54:47.123		0.82797			4
2024.12.10	00:54:48.942	0.82765				2
2024.12.10	00:54:50.361	0.82767	0.82796			6
2024.12.10	00:54:50.668		0.82795			4
2024.12.10	00:54:51.608	0.82766	0.82796			6
2024.12.10	00:54:51.911	0.82767	0.82795			6
2024.12.10	00:54:55.242	0.82769	0.82793			6
2024.12.10	00:54:55.548	0.82767	0.82795			6
2024.12.10	00:54:55.861	0.82768	0.82794			6
2024.12.10	00:54:56.182	0.82767	0.82796			6
2024.12.10	00:54:56.496	0.82771				2
2024.12.10	00:54:56.801	0.82769	0.82797			6
2024.12.10	00:54:57.103	0.82771	0.82798			6
2024.12.10	00:54:57.441	0.82769				2
2024.12.10	00:54:57.751	0.82767	0.82799			6
2024.12.10	00:54:58.064	0.82769	0.82798			6
2024.12.10	00:54:58.983	0.82772	0.82793			6
2024.12.10	00:54:59.306	0.82769	0.82794			6
2024.12.10	00:54:59.637	0.82768	0.82795			6
2024.12.10	00:54:59.942	0.82766	0.82793			6
2024.12.10	00:55:00.282	0.82772				2
2024.12.10	00:55:00.588	0.82773				2
2024.12.10	00:55:00.897	0.82772	0.82794			6
2024.12.10	00:55:01.215	0.82770	0.82795			6
2024.12.10	00:55:01.528	0.82775				2
2024.12.10	00:55:01.835	0.82769	0.82797			6
2024.12.10	00:55:02.142		0.82796			4
2024.12.10	00:55:02.445	0.82767				2
2024.12.10	00:55:02.756	0.82770				2
2024.12.10	00:55:03.100	0.82773				2
2024.12.10	00:55:03.402	0.82774	0.82795			6
2024.12.10	00:55:03.703	0.82773	0.82796			6
2024.12.10	00:55:04.348		0.82797			4
2024.12.10	00:55:05.346	0.82775				2
2024.12.10	00:55:05.686	0.82776				2
2024.12.10	00:55:06.000	0.82771	0.82798			6
2024.12.10	00:55:06.310	0.82774				2
2024.12.10	00:55:06.615	0.82775	0.82797			6
2024.12.10	00:55:07.245	0.82778	0.82798			6
2024.12.10	00:55:07.873	0.82777	0.82797			6
2024.12.10	00:55:10.683	0.82776	0.82796			6
2024.12.10	00:55:13.050		0.82797			4
2024.12.10	00:55:14.376	0.82777				2
2024.12.10	00:55:16.591	0.82776	0.82796			6
2024.12.10	00:55:16.967	0.82777	0.82797			6
2024.12.10	00:55:18.983	0.82778	0.82798			6
2024.12.10	00:55:19.595	0.82777				2
2024.12.10	00:55:20.490	0.82780	0.82799			6
2024.12.10	00:55:20.827	0.82778	0.82798			6
2024.12.10	00:55:23.310	0.82779	0.82799			6
2024.12.10	00:55:24.130	0.82780				2
2024.12.10	00:55:24.469	0.82779				2
2024.12.10	00:55:27.827	0.82780				2
2024.12.10	00:55:28.214	0.82779				2
2024.12.10	00:55:30.786	0.82780				2
2024.12.10	00:55:32.876	0.82779				2
2024.12.10	00:55:33.313	0.82780				2
2024.12.10	00:55:34.776	0.82781				2
2024.12.10	00:55:35.715	0.82782				2
2024.12.10	00:55:38.187	0.82781				2
2024.12.10	00:55:40.083	0.82780				2
2024.12.10	00:55:40.396	0.82779	0.82798			6
2024.12.10	00:55:40.734		0.82799			4
2024.12.10	00:55:41.042	0.82781				2
2024.12.10	00:55:41.347	0.82779	0.82798			6
2024.12.10	00:55:41.662	0.82782	0.82799			6
2024.12.10	00:55:41.981	0.82780				2
2024.12.10	00:55:42.282	0.82781				2
2024.12.10	00:55:42.595	0.82779	0.82798			6
2024.12.10	00:55:42.897	0.82780	0.82799			6
2024.12.10	00:55:43.529	0.82779				2
2024.12.10	00:55:43.836	0.82780				2
2024.12.10	00:55:44.473	0.82782				2
2024.12.10	00:55:44.782	0.82780				2
2024.12.10	00:55:45.092	0.82782				2
2024.12.10	00:55:45.403	0.82778	0.82798			6
2024.12.10	00:55:45.717	0.82780	0.82799			6
2024.12.10	00:55:46.953	0.82781				2
2024.12.10	00:55:47.259	0.82780				2
2024.12.10	00:55:48.860	0.82779	0.82798			6
2024.12.10	00:55:49.163	0.82781	0.82799			6
2024.12.10	00:55:49.467	0.82779	0.82798			6
2024.12.10	00:55:49.781	0.82781	0.82799			6
2024.12.10	00:55:50.083	0.82779	0.82797			6
2024.12.10	00:55:50.394	0.82778				2
2024.12.10	00:55:50.697	0.82779	0.82798			6
2024.12.10	00:55:51.304	0.82781	0.82799			6
2024.12.10	00:55:51.613	0.82779	0.82798			6
2024.12.10	00:55:51.917	0.82780	0.82799			6
2024.12.10	00:55:52.223	0.82779	0.82798			6
2024.12.10	00:55:52.842		0.82797			4
2024.12.10	00:55:53.157		0.82798			4
2024.12.10	00:55:53.477	0.82778	0.82797			6
2024.12.10	00:55:53.791	0.82779				2
2024.12.10	00:55:54.103	0.82780	0.82799			6
2024.12.10	00:55:55.038	0.82778	0.82797			6
2024.12.10	00:55:55.344	0.82780	0.82799			6
2024.12.10	00:55:56.254	0.82779	0.82798			6
2024.12.10	00:55:56.556	0.82777	0.82796			6
2024.12.10	00:55:57.482	0.82779	0.82797			6
2024.12.10	00:55:57.788	0.82776	0.82796			6
2024.12.10	00:55:58.092	0.82778				2
2024.12.10	00:55:58.725	0.82779	0.82797			6
2024.12.10	00:55:59.056		0.82798			4
2024.12.10	00:56:00.289	0.82780	0.82799			6
2024.12.10	00:56:00.902	0.82779	0.82798			6
2024.12.10	00:56:01.219	0.82780				2
2024.12.10	00:56:01.533		0.82799			4
2024.12.10	00:56:01.843	0.82778	0.82798			6
2024.12.10	00:56:02.452	0.82777	0.82796			6
2024.12.10	00:56:02.754		0.82798			4
2024.12.10	00:56:03.063	0.82779	0.82797			6
2024.12.10	00:56:03.404	0.82780	0.82798			6
2024.12.10	00:56:03.722	0.82778	0.82797			6
2024.12.10	00:56:04.972	0.82777	0.82796			6
2024.12.10	00:56:05.292	0.82779	0.82797			6
2024.12.10	00:56:10.898	0.82780	0.82798			6
2024.12.10	00:56:18.875		0.82799			4
2024.12.10	00:56:19.514		0.82798			4
2024.12.10	00:56:20.192		0.82799			4
2024.12.10	00:56:24.902		0.82798			4
2024.12.10	00:56:30.783		0.82799			4
2024.12.10	00:56:31.102		0.82798			4
2024.12.10	00:56:31.403	0.82782				2
2024.12.10	00:56:32.413	0.82780				2
2024.12.10	00:56:33.618	0.82779	0.82797			6
2024.12.10	00:56:37.221	0.82780	0.82798			6
2024.12.10	00:56:40.853		0.82799			4
2024.12.10	00:56:41.471	0.82779				2
2024.12.10	00:56:42.362	0.82780				2
2024.12.10	00:56:43.346	0.82779				2
2024.12.10	00:56:45.989	0.82780				2
2024.12.10	00:56:47.682		0.82797			4
2024.12.10	00:56:48.673		0.82798			4
2024.12.10	00:56:49.906	0.82781				2
2024.12.10	00:56:51.079	0.82780				2
2024.12.10	00:56:51.875	0.82779	0.82799			6
2024.12.10	00:56:54.666	0.82780				2
2024.12.10	00:56:56.836		0.82798			4
2024.12.10	00:57:01.016	0.82780	0.82799			6
2024.12.10	00:57:01.362	0.82778	0.82796			6
2024.12.10	00:57:02.415	0.82779				2
2024.12.10	00:57:10.232	0.82780	0.82798			6
2024.12.10	00:57:12.440	0.82781	0.82800			6
2024.12.10	00:57:12.958	0.82782	0.82801			6
2024.12.10	00:57:18.272	0.82781				2
2024.12.10	00:57:19.605	0.82780				2
2024.12.10	00:57:20.482		0.82800			4
2024.12.10	00:57:21.270		0.82799			4
2024.12.10	00:57:26.713		0.82798			4
2024.12.10	00:57:29.717		0.82799			4
2024.12.10	00:57:31.307	0.82781				2
2024.12.10	00:57:38.784	0.82780	0.82798			6
2024.12.10	00:57:41.215		0.82801			4
2024.12.10	00:57:44.410	0.82781				2
2024.12.10	00:57:44.941	0.82780				2
2024.12.10	00:57:45.247		0.82799			4
2024.12.10	00:57:45.716	0.82779	0.82800			6
2024.12.10	00:57:46.151		0.82791			4
2024.12.10	00:57:46.459	0.82778	0.82796			6
2024.12.10	00:57:48.900	0.82779				2
2024.12.10	00:57:50.105	0.82778				2
2024.12.10	00:57:51.325	0.82779				2
2024.12.10	00:57:52.390		0.82791			4
2024.12.10	00:57:52.848	0.82778				2
2024.12.10	00:57:54.223	0.82777				2
2024.12.10	00:57:54.662		0.82798			4
2024.12.10	00:57:56.896		0.82797			4
2024.12.10	00:57:57.291	0.82778	0.82798			6
2024.12.10	00:57:58.385	0.82777	0.82796			6
2024.12.10	00:58:01.375	0.82776	0.82795			6
2024.12.10	00:58:01.789	0.82777	0.82797			6
2024.12.10	00:58:03.523		0.82796			4
2024.12.10	00:58:10.690	0.82776	0.82795			6
2024.12.10	00:58:11.461	0.82775	0.82794			6
2024.12.10	00:58:21.504	0.82774	0.82793			6
2024.12.10	00:58:23.947	0.82773	0.82792			6
2024.12.10	00:58:31.440	0.82772				2
2024.12.10	00:58:42.014	0.82773	0.82793			6
2024.12.10	00:58:44.681	0.82772	0.82792			6
2024.12.10	00:58:45.313	0.82773				2
2024.12.10	00:58:58.520	0.82772				2
2024.12.10	00:59:05.192	0.82772				2
2024.12.10	00:59:16.219	0.82770	0.82790			6
2024.12.10	00:59:16.549	0.82771	0.82791			6
2024.12.10	00:59:17.419	0.82772	0.82792			6
2024.12.10	00:59:22.873	0.82774	0.82794			6
2024.12.10	00:59:26.507		0.82795			4
2024.12.10	00:59:30.215	0.82776	0.82796			6
2024.12.10	00:59:31.833	0.82775	0.82797			6
2024.12.10	00:59:32.176	0.82776				2
2024.12.10	00:59:38.118		0.82796			4
2024.12.10	00:59:38.721		0.82797			4
2024.12.10	00:59:39.827	0.82777				2
2024.12.10	00:59:42.621	0.82778				2
2024.12.10	00:59:47.581		0.82796			4
2024.12.10	00:59:48.338		0.82797			4
2024.12.10	00:59:51.443		0.82798			4
2024.12.10	00:59:54.245	0.82779	0.82797			6
2024.12.10	00:59:58.018		0.82800			4
2024.12.10	01:00:00.305	0.82783	0.82797			6
2024.12.10	01:00:00.609	0.82785	0.82799			6
2024.12.10	01:00:00.936	0.82783	0.82797			6
2024.12.10	01:00:01.342	0.82778	0.82795			6
2024.12.10	01:00:01.645		0.82794			4
2024.12.10	01:00:02.015	0.82775	0.82793			6
2024.12.10	01:00:02.333		0.82791			4
2024.12.10	01:00:02.792	0.82776	0.82792			6
2024.12.10	01:00:03.320	0.82774	0.82784			6
2024.12.10	01:00:04.282	0.82775	0.82782			6
2024.12.10	01:00:05.193		0.82792			4
2024.12.10	01:00:05.661	0.82776				2
2024.12.10	01:00:08.328	0.82778	0.82791			6
2024.12.10	01:00:09.599	0.82777				2
2024.12.10	01:00:10.387	0.82776	0.82792			6
2024.12.10	01:00:16.184	0.82777				2
2024.12.10	01:00:16.720	0.82776	0.82794			6
2024.12.10	01:00:17.046		0.82792			4
2024.12.10	01:00:19.026	0.82775	0.82789			6
2024.12.10	01:00:19.346	0.82773	0.82791			6
2024.12.10	01:00:20.327	0.82774	0.82794			6
2024.12.10	01:00:20.684	0.82773				2
2024.12.10	01:00:21.357		0.82793			4
2024.12.10	01:00:21.662	0.82776				2
2024.12.10	01:00:22.764		0.82795			4
2024.12.10	01:00:23.250		0.82793			4
2024.12.10	01:00:24.392		0.82792			4
2024.12.10	01:00:25.601	0.82774	0.82788			6
2024.12.10	01:00:25.902	0.82773	0.82789			6
2024.12.10	01:00:26.267	0.82776	0.82793			6
2024.12.10	01:00:26.953	0.82777				2
2024.12.10	01:00:32.042	0.82778				2
2024.12.10	01:00:35.182	0.82776				2
2024.12.10	01:00:37.938	0.82777	0.82792			6
2024.12.10	01:00:42.725	0.82773	0.82788			6
2024.12.10	01:00:45.094		0.82789			4
2024.12.10	01:00:45.735		0.82788			4
2024.12.10	01:00:52.796		0.82787			4
2024.12.10	01:00:57.394		0.82788			4
2024.12.10	01:00:57.913	0.82774				2
2024.12.10	01:00:59.619	0.82775				2
2024.12.10	01:00:59.948	0.82773	0.82787			6
2024.12.10	01:01:00.317	0.82773				2
2024.12.10	01:01:00.630	0.82774				2
2024.12.10	01:01:04.213		0.82786			4
2024.12.10	01:01:04.600	0.82776	0.82789			6
2024.12.10	01:01:05.970	0.82775				2
2024.12.10	01:01:12.397		0.82788			4
2024.12.10	01:01:26.226	0.82776	0.82787			6
2024.12.10	01:01:26.705	0.82775				2
2024.12.10	01:01:28.887		0.82789			4
2024.12.10	01:01:30.357	0.82776				2
2024.12.10	01:01:33.327		0.82788			4
2024.12.10	01:01:38.519		0.82789			4
2024.12.10	01:01:43.957		0.82787			4
2024.12.10	01:01:49.316		0.82789			4
2024.12.10	01:01:54.006	0.82774	0.82785			6
2024.12.10	01:01:54.827		0.82786			4
2024.12.10	01:01:55.702		0.82784			4
2024.12.10	01:01:57.433		0.82787			4
2024.12.10	01:01:58.963	0.82773	0.82783			6
2024.12.10	01:01:59.656	0.82771				2
2024.12.10	01:02:00.444	0.82771				2
2024.12.10	01:02:02.352	0.82772				2
2024.12.10	01:02:04.202	0.82771				2
2024.12.10	01:02:06.914	0.82773	0.82787			6
2024.12.10	01:02:07.294	0.82774				2
2024.12.10	01:02:07.694	0.82775				2
2024.12.10	01:02:09.914	0.82776				2
2024.12.10	01:02:12.455	0.82777	0.82789			6
2024.12.10	01:02:12.853	0.82778				2
2024.12.10	01:02:17.720		0.82790			4
2024.12.10	01:02:23.982		0.82789			4
2024.12.10	01:02:34.254	0.82777				2
2024.12.10	01:02:39.970	0.82778				2
2024.12.10	01:02:40.441	0.82777				2
2024.12.10	01:02:42.534	0.82778	0.82790			6
2024.12.10	01:02:43.514	0.82779				2
2024.12.10	01:02:52.285	0.82780				2
2024.12.10	01:03:00.257	0.82780				2
2024.12.10	01:03:08.678	0.82779				2
2024.12.10	01:03:10.201	0.82778				2
2024.12.10	01:03:11.122	0.82780				2
2024.12.10	01:03:18.222		0.82789			4
2024.12.10	01:03:20.401		0.82790			4
2024.12.10	01:03:21.685		0.82789			4
2024.12.10	01:03:22.386	0.82779	0.82788			6
2024.12.10	01:04:00.396	0.82779				2
2024.12.10	01:04:01.815		0.82787			4
2024.12.10	01:04:02.505	0.82782	0.82784			6
2024.12.10	01:04:02.809	0.82781	0.82783			6
2024.12.10	01:04:03.110	0.82780	0.82782			6
2024.12.10	01:04:03.414	0.82781	0.82783			6
2024.12.10	01:04:04.325	0.82779	0.82788			6
2024.12.10	01:04:07.708		0.82787			4
2024.12.10	01:04:17.188	0.82780	0.82788			6
2024.12.10	01:04:25.088	0.82781	0.82787			6
2024.12.10	01:04:40.814	0.82782				2
2024.12.10	01:04:48.314	0.82781				2
2024.12.10	01:04:51.236	0.82782	0.82788			6
2024.12.10	01:04:57.237	0.82784	0.82789			6
2024.12.10	01:05:00.313	0.82784				2
2024.12.10	01:05:01.028	0.82786				2
2024.12.10	01:05:11.226	0.82785	0.82787			6
2024.12.10	01:05:13.045	0.82786	0.82789			6
2024.12.10	01:05:18.432	0.82787	0.82790			6
2024.12.10	01:05:18.764	0.82786	0.82789			6
2024.12.10	01:05:19.117	0.82787	0.82790			6
2024.12.10	01:05:20.422	0.82786	0.82789			6
2024.12.10	01:05:24.299	0.82787				2
2024.12.10	01:05:36.300	0.82786				2
2024.12.10	01:05:56.377	0.82785	0.82788			6
2024.12.10	01:06:02.715	0.82785				2
2024.12.10	01:06:30.333	0.82786	0.82789			6
2024.12.10	01:06:38.894		0.82788			4
2024.12.10	01:06:45.316		0.82789			4
2024.12.10	01:07:01.815	0.82786				2
2024.12.10	01:07:07.901		0.82788			4
2024.12.10	01:07:29.925		0.82789			4
2024.12.10	01:07:31.695	0.82784	0.82786			6
2024.12.10	01:07:32.603	0.82786	0.82789			6
2024.12.10	01:07:43.899		0.82788			4
2024.12.10	01:08:03.299	0.82786				2
2024.12.10	01:08:23.288		0.82789			4
2024.12.10	01:08:30.667		0.82791			4
2024.12.10	01:09:00.863	0.82786				2
2024.12.10	01:09:19.899	0.82787	0.82790			6
2024.12.10	01:09:23.381	0.82789	0.82792			6
2024.12.10	01:09:25.394		0.82791			4
2024.12.10	01:09:25.836		0.82794			4
2024.12.10	01:09:26.815		0.82791			4
2024.12.10	01:09:27.213		0.82792			4
2024.12.10	01:09:29.171	0.82791				2
2024.12.10	01:09:29.487		0.82793			4
2024.12.10	01:09:33.072	0.82792	0.82794			6
2024.12.10	01:09:40.774		0.82795			4
2024.12.10	01:09:42.070	0.82793	0.82796			6
2024.12.10	01:09:52.506	0.82792	0.82794			6
2024.12.10	01:09:56.142	0.82793	0.82796			6
2024.12.10	01:10:00.366	0.82792	0.82794			6
2024.12.10	01:10:01.584	0.82791				2
2024.12.10	01:10:21.540	0.82790	0.82793			6
2024.12.10	01:10:22.157	0.82791	0.82794			6
2024.12.10	01:10:29.208	0.82790	0.82793			6
2024.12.10	01:10:30.928	0.82791	0.82794			6
2024.12.10	01:10:34.605	0.82793	0.82796			6
2024.12.10	01:10:42.643	0.82791	0.82794			6
2024.12.10	01:10:54.186	0.82793	0.82796			6
2024.12.10	01:10:59.758	0.82794				2
2024.12.10	01:11:00.472	0.82793				2
2024.12.10	01:11:15.061	0.82792	0.82795			6
2024.12.10	01:11:25.704	0.82793	0.82796			6
2024.12.10	01:11:34.814	0.82790				2
2024.12.10	01:11:35.602	0.82793				2
2024.12.10	01:11:36.331	0.82790	0.82793			6
2024.12.10	01:11:38.349	0.82788	0.82791			6
2024.12.10	01:12:00.784	0.82788				2
2024.12.10	01:12:07.149	0.82789	0.82792			6
2024.12.10	01:13:01.010	0.82789				2
2024.12.10	01:13:07.725		0.82792			4
2024.12.10	01:13:10.066	0.82788	0.82791			6
2024.12.10	01:13:44.117	0.82789	0.82792			6
2024.12.10	01:13:55.503	0.82788	0.82791			6
2024.12.10	01:14:01.514	0.82789	0.82792			6
2024.12.10	01:14:46.062	0.82791	0.82794			6
2024.12.10	01:15:00.384	0.82791				2
2024.12.10	01:15:03.061	0.82793	0.82796			6
2024.12.10	01:15:04.754	0.82794	0.82797			6
2024.12.10	01:15:57.455	0.82796	0.82799			6
2024.12.10	01:16:00.353	0.82793	0.82796			6
2024.12.10	01:16:10.320	0.82794	0.82797			6
2024.12.10	01:16:17.818	0.82793	0.82796			6
2024.12.10	01:16:24.498	0.82794	0.82797			6
2024.12.10	01:16:25.415	0.82793	0.82796			6
2024.12.10	01:17:01.513	0.82793				2
2024.12.10	01:17:14.468	0.82789	0.82797			6
2024.12.10	01:17:15.017	0.82793	0.82796			6
2024.12.10	01:17:17.984	0.82792	0.82795			6
2024.12.10	01:17:24.212	0.82793	0.82796			6
2024.12.10	01:17:31.068	0.82792	0.82795			6
2024.12.10	01:17:31.405	0.82793	0.82796			6
2024.12.10	01:17:33.698	0.82792	0.82795			6
2024.12.10	01:17:34.161	0.82793	0.82796			6
2024.12.10	01:18:00.316	0.82793				2
2024.12.10	01:18:34.518		0.82796			4
2024.12.10	01:19:00.840	0.82793				2
2024.12.10	01:19:34.736		0.82796			4
2024.12.10	01:19:35.100	0.82791				2
2024.12.10	01:19:37.278	0.82792	0.82797			6
2024.12.10	01:19:52.880	0.82793	0.82796			6
2024.12.10	01:19:53.446	0.82792	0.82795			6
2024.12.10	01:19:57.147	0.82793	0.82796			6
2024.12.10	01:20:00.381	0.82793				2
2024.12.10	01:20:03.298	0.82792	0.82797			6
2024.12.10	01:20:04.249	0.82793	0.82796			6
2024.12.10	01:20:59.481	0.82790	0.82792			6
2024.12.10	01:21:00.354	0.82791	0.82794			6
2024.12.10	01:21:00.724	0.82792	0.82795			6
2024.12.10	01:21:11.772		0.82794			4
2024.12.10	01:21:23.496		0.82795			4
2024.12.10	01:21:23.953		0.82794			4
2024.12.10	01:21:24.337		0.82795			4
2024.12.10	01:21:26.038		0.82794			4
2024.12.10	01:21:26.478		0.82795			4
2024.12.10	01:21:35.142	0.82793				2
2024.12.10	01:21:35.448	0.82794	0.82796			6
2024.12.10	01:22:00.785	0.82794				2
2024.12.10	01:22:06.642		0.82795			4
2024.12.10	01:22:20.537		0.82796			4
2024.12.10	01:22:35.482	0.82795				2
2024.12.10	01:22:36.347		0.82797			4
2024.12.10	01:22:46.793	0.82794	0.82796			6
2024.12.10	01:22:47.684		0.82797			4
2024.12.10	01:22:58.338		0.82796			4
2024.12.10	01:23:00.340	0.82794	0.82797			6
2024.12.10	01:23:03.373	0.82795	0.82798			6
2024.12.10	01:23:04.258	0.82796				2
2024.12.10	01:23:04.907		0.82799			4
2024.12.10	01:23:06.150	0.82793	0.82795			6
2024.12.10	01:23:15.474	0.82792				2
2024.12.10	01:23:23.997		0.82794			4
2024.12.10	01:23:38.192		0.82795			4
2024.12.10	01:23:39.235		0.82794			4
2024.12.10	01:23:41.451		0.82795			4
2024.12.10	01:24:01.475	0.82792				2
2024.12.10	01:24:10.477		0.82794			4
2024.12.10	01:24:17.353		0.82795			4
2024.12.10	01:24:18.868		0.82794			4
2024.12.10	01:24:21.288		0.82795			4
2024.12.10	01:24:21.817		0.82794			4
2024.12.10	01:24:25.062		0.82795			4
2024.12.10	01:24:25.390		0.82794			4
2024.12.10	01:24:36.008	0.82789	0.82792			6
2024.12.10	01:24:40.632		0.82791			4
2024.12.10	01:24:41.693		0.82792			4
2024.12.10	01:24:47.591		0.82791			4
2024.12.10	01:24:49.457		0.82792			4
2024.12.10	01:24:50.360		0.82791			4
2024.12.10	01:24:51.190		0.82792			4
2024.12.10	01:24:52.086		0.82791			4
2024.12.10	01:24:52.975		0.82792			4
2024.12.10	01:24:59.545		0.82791			4
2024.12.10	01:25:02.076	0.82792	0.82795			6
2024.12.10	01:25:02.443	0.82793	0.82796			6
2024.12.10	01:25:05.033	0.82792	0.82795			6
2024.12.10	01:25:07.472	0.82793				2
2024.12.10	01:25:16.521		0.82796			4
2024.12.10	01:26:00.395	0.82793				2
2024.12.10	01:26:02.413	0.82794				2
2024.12.10	01:26:18.319		0.82796			4
2024.12.10	01:26:30.720		0.82795			4
2024.12.10	01:26:31.059	0.82793				2
2024.12.10	01:26:35.150		0.82796			4
2024.12.10	01:26:41.059		0.82800			4
2024.12.10	01:26:41.810		0.82796			4
2024.12.10	01:26:43.592	0.82792	0.82795			6
2024.12.10	01:26:46.977	0.82793	0.82796			6
2024.12.10	01:26:47.950	0.82792	0.82795			6
2024.12.10	01:27:00.805	0.82792				2
2024.12.10	01:27:03.415	0.82793	0.82796			6
2024.12.10	01:27:18.066	0.82794				2
2024.12.10	01:27:18.598	0.82792	0.82795			6
2024.12.10	01:27:23.307	0.82793				2
2024.12.10	01:27:30.683	0.82792				2
2024.12.10	01:27:31.813	0.82793				2
2024.12.10	01:27:32.313		0.82796			4
2024.12.10	01:27:33.167	0.82792	0.82795			6
2024.12.10	01:27:34.252	0.82793	0.82796			6
2024.12.10	01:27:35.155	0.82792	0.82795			6
2024.12.10	01:27:38.874	0.82793				2
2024.12.10	01:27:43.088		0.82796			4
2024.12.10	01:27:48.164	0.82792	0.82795			6
2024.12.10	01:27:48.816	0.82793	0.82796			6
2024.12.10	01:27:49.124	0.82792	0.82795			6
2024.12.10	01:27:55.321	0.82791	0.82794			6
2024.12.10	01:28:01.815	0.82791				2
2024.12.10	01:28:04.513	0.82792				2
2024.12.10	01:28:15.639	0.82793	0.82796			6
2024.12.10	01:28:34.162	0.82794	0.82797			6
2024.12.10	01:28:37.094	0.82793	0.82796			6
2024.12.10	01:28:38.201	0.82794	0.82797			6
2024.12.10	01:28:38.514	0.82793	0.82796			6
2024.12.10	01:28:39.170	0.82794	0.82797			6
2024.12.10	01:28:54.776	0.82793	0.82796			6
2024.12.10	01:29:00.444	0.82793				2
2024.12.10	01:29:03.978	0.82794	0.82797			6
2024.12.10	01:29:05.411	0.82793	0.82796			6
2024.12.10	01:29:16.583		0.82795			4
2024.12.10	01:29:19.215	0.82792				2
2024.12.10	01:29:50.437	0.82793	0.82796			6
2024.12.10	01:29:54.727		0.82799			4
2024.12.10	01:29:58.222		0.82796			4
2024.12.10	01:30:01.099	0.82793				2
2024.12.10	01:30:20.992	0.82792	0.82795			6
2024.12.10	01:30:22.846	0.82793	0.82796			6
2024.12.10	01:30:44.097		0.82799			4
2024.12.10	01:30:44.846		0.82796			4
2024.12.10	01:30:48.947	0.82794	0.82797			6
2024.12.10	01:31:00.508	0.82794				2
2024.12.10	01:31:03.393	0.82795	0.82798			6
2024.12.10	01:31:03.920	0.82794	0.82797			6
2024.12.10	01:31:08.858	0.82795	0.82798			6
2024.12.10	01:31:09.770	0.82793	0.82796			6
2024.12.10	01:31:10.262	0.82794	0.82797			6
2024.12.10	01:31:39.921		0.82796			4
2024.12.10	01:31:40.233	0.82793				2
2024.12.10	01:32:01.466	0.82793				2
2024.12.10	01:32:18.307	0.82795	0.82798			6
2024.12.10	01:32:28.723	0.82796				2
2024.12.10	01:32:29.234		0.82797			4
2024.12.10	01:32:37.017		0.82798			4
2024.12.10	01:32:39.444	0.82795				2
2024.12.10	01:32:42.528		0.82797			4
2024.12.10	01:33:02.352	0.82795				2
2024.12.10	01:33:03.536		0.82798			4
2024.12.10	01:33:04.678		0.82797			4
2024.12.10	01:33:12.314		0.82798			4
2024.12.10	01:33:12.868	0.82797				2
2024.12.10	01:33:14.464	0.82796	0.82797			6
2024.12.10	01:33:29.361		0.82798			4
2024.12.10	01:33:30.806	0.82798	0.82800			6
2024.12.10	01:33:32.356	0.82797				2
2024.12.10	01:34:00.784	0.82797				2
2024.12.10	01:34:02.486	0.82796	0.82799			6
2024.12.10	01:34:12.212	0.82797	0.82800			6
2024.12.10	01:34:23.416	0.82796	0.82799			6
2024.12.10	01:34:51.644	0.82797	0.82800			6
2024.12.10	01:35:00.886	0.82796	0.82799			6
2024.12.10	01:35:03.916	0.82797				2
2024.12.10	01:35:11.716	0.82796				2
2024.12.10	01:35:52.806	0.82795	0.82798			6
2024.12.10	01:35:53.434	0.82796	0.82799			6
2024.12.10	01:35:55.003	0.82797	0.82800			6
2024.12.10	01:35:58.443	0.82796	0.82799			6
2024.12.10	01:36:00.312	0.82796				2
2024.12.10	01:36:27.350	0.82797	0.82800			6
2024.12.10	01:36:29.476		0.82801			4
2024.12.10	01:36:32.113	0.82796				2
2024.12.10	01:36:41.527		0.82800			4
2024.12.10	01:36:49.385		0.82801			4
2024.12.10	01:36:50.682	0.82797				2
2024.12.10	01:36:59.692	0.82796	0.82800			6
2024.12.10	01:37:00.358	0.82796				2
2024.12.10	01:37:23.979		0.82799			4
2024.12.10	01:37:31.796	0.82795				2
2024.12.10	01:37:51.348	0.82794				2
2024.12.10	01:37:57.227	0.82792	0.82797			6
2024.12.10	01:37:57.914		0.82796			4
2024.12.10	01:38:00.745	0.82792				2
2024.12.10	01:38:12.731		0.82797			4
2024.12.10	01:38:13.048	0.82791	0.82796			6
2024.12.10	01:38:18.013	0.82792				2
2024.12.10	01:38:26.803	0.82791				2
2024.12.10	01:38:45.183	0.82792				2
2024.12.10	01:39:00.619	0.82792				2
2024.12.10	01:39:01.361	0.82791				2
2024.12.10	01:39:02.410	0.82792				2
2024.12.10	01:39:08.200		0.82797			4
2024.12.10	01:39:26.662		0.82796			4
2024.12.10	01:39:28.591		0.82797			4
2024.12.10	01:40:00.079	0.82792				2
2024.12.10	01:40:03.516	0.82793				2
2024.12.10	01:40:08.714	0.82792				2
2024.12.10	01:40:20.414	0.82793				2
2024.12.10	01:40:30.320	0.82792	0.82797			6
2024.12.10	01:40:49.715		0.82796			4
2024.12.10	01:41:00.372	0.82792	0.82797			6
2024.12.10	01:41:19.968		0.82796			4
2024.12.10	01:41:26.210		0.82797			4
2024.12.10	01:41:29.309	0.82796	0.82800			6
2024.12.10	01:41:29.624		0.82801			4
2024.12.10	01:41:29.927		0.82800			4
2024.12.10	01:41:36.228		0.82801			4
2024.12.10	01:41:49.218		0.82800			4
2024.12.10	01:42:00.181	0.82796				2
2024.12.10	01:42:06.316		0.82801			4
2024.12.10	01:42:07.051	0.82799	0.82802			6
2024.12.10	01:42:07.365	0.82798				2
2024.12.10	01:42:07.672	0.82797	0.82801			6
2024.12.10	01:42:09.048		0.82800			4
2024.12.10	01:42:10.825		0.82801			4
2024.12.10	01:42:12.749	0.82794	0.82798			6
2024.12.10	01:42:13.069		0.82797			4
2024.12.10	01:42:17.833		0.82799			4
2024.12.10	01:42:20.482	0.82791	0.82794			6
2024.12.10	01:42:35.181	0.82792	0.82795			6
2024.12.10	01:42:35.764		0.82796			4
2024.12.10	01:42:36.069	0.82793	0.82797			6
2024.12.10	01:42:36.372	0.82798	0.82802			6
2024.12.10	01:42:36.684	0.82797	0.82800			6
2024.12.10	01:42:36.994		0.82801			4
2024.12.10	01:42:37.313	0.82798				2
2024.12.10	01:42:37.825	0.82791	0.82795			6
2024.12.10	01:42:38.762		0.82797			4
2024.12.10	01:42:39.266	0.82790				2
2024.12.10	01:42:45.313		0.82796			4
2024.12.10	01:42:46.256	0.82791				2
2024.12.10	01:42:47.722	0.82792				2
2024.12.10	01:42:56.206	0.82791				2
2024.12.10	01:42:57.115	0.82790	0.82794			6
2024.12.10	01:42:59.366	0.82791				2
2024.12.10	01:43:00.359	0.82791				2
2024.12.10	01:43:01.437		0.82795			4
2024.12.10	01:43:04.497	0.82792				2
2024.12.10	01:43:10.352		0.82797			4
2024.12.10	01:43:10.661	0.82793	0.82796			6
2024.12.10	01:43:34.502		0.82797			4
2024.12.10	01:43:44.142	0.82792	0.82795			6
2024.12.10	01:43:48.617	0.82791				2
2024.12.10	01:43:50.263	0.82790				2
2024.12.10	01:43:52.774		0.82794			4
2024.12.10	01:43:54.018	0.82791				2
2024.12.10	01:43:59.821		0.82795			4
2024.12.10	01:44:02.345	0.82792				2
2024.12.10	01:44:06.644		0.82796			4
2024.12.10	01:44:10.414	0.82790				2
2024.12.10	01:44:21.376		0.82794			4
2024.12.10	01:44:29.200		0.82795			4
2024.12.10	01:44:31.103		0.82796			4
2024.12.10	01:44:37.882	0.82792	0.82795			6
2024.12.10	01:45:00.457	0.82791	0.82794			6
2024.12.10	01:45:00.785	0.82792	0.82795			6
2024.12.10	01:45:12.561	0.82791	0.82794			6
2024.12.10	01:45:18.501	0.82793	0.82795			6
2024.12.10	01:45:18.803		0.82796			4
2024.12.10	01:45:27.480	0.82795	0.82798			6
2024.12.10	01:45:29.055	0.82794	0.82797			6
2024.12.10	01:45:29.365		0.82796			4
2024.12.10	01:45:30.387	0.82793				2
2024.12.10	01:45:30.922		0.82795			4
2024.12.10	01:45:32.708		0.82796			4
2024.12.10	01:45:34.470	0.82794				2
2024.12.10	01:45:38.047	0.82793	0.82795			6
2024.12.10	01:45:38.581	0.82792				2
2024.12.10	01:45:41.425		0.82794			4
2024.12.10	01:45:45.363		0.82795			4
2024.12.10	01:45:52.403		0.82794			4
2024.12.10	01:46:01.615	0.82792				2
2024.12.10	01:46:07.766	0.82791				2
2024.12.10	01:46:34.151		0.82796			4
2024.12.10	01:46:34.900	0.82792				2
2024.12.10	01:46:38.814	0.82791	0.82795			6
2024.12.10	01:46:45.419	0.82792	0.82796			6
2024.12.10	01:46:46.291	0.82791	0.82794			6
2024.12.10	01:46:46.606		0.82795			4
2024.12.10	01:46:49.822		0.82794			4
2024.12.10	01:46:51.808		0.82795			4
2024.12.10	01:46:57.683	0.82792	0.82796			6
2024.12.10	01:46:58.282	0.82789	0.82793			6
2024.12.10	01:46:58.584		0.82792			4
2024.12.10	01:47:00.148	0.82789				2
2024.12.10	01:47:01.594		0.82793			4
2024.12.10	01:47:02.271		0.82792			4
2024.12.10	01:47:03.458		0.82793			4
2024.12.10	01:47:04.213		0.82792			4
2024.12.10	01:47:31.069	0.82787	0.82791			6
2024.12.10	01:47:31.378	0.82788	0.82792			6
2024.12.10	01:47:47.849	0.82787	0.82791			6
2024.12.10	01:47:52.798	0.82788	0.82792			6
2024.12.10	01:48:00.187	0.82788				2
2024.12.10	01:48:02.956	0.82787	0.82791			6
2024.12.10	01:48:04.384		0.82790			4
2024.12.10	01:48:06.694		0.82791			4
2024.12.10	01:48:11.183		0.82790			4
2024.12.10	01:48:12.164		0.82791			4
2024.12.10	01:48:20.340	0.82786	0.82790			6
2024.12.10	01:48:22.712	0.82787	0.82791			6
2024.12.10	01:48:38.001	0.82786	0.82790			6
2024.12.10	01:48:39.411	0.82787	0.82791			6
2024.12.10	01:48:39.948	0.82786	0.82790			6
2024.12.10	01:48:46.553	0.82787	0.82791			6
2024.12.10	01:48:46.878	0.82786	0.82790			6
2024.12.10	01:49:02.372	0.82786				2
2024.12.10	01:49:11.303	0.82787				2
2024.12.10	01:49:14.503		0.82791			4
2024.12.10	01:49:17.310	0.82788				2
2024.12.10	01:49:19.524		0.82792			4
2024.12.10	01:49:27.482	0.82789	0.82793			6
2024.12.10	01:49:39.620	0.82788	0.82792			6
2024.12.10	01:49:45.820	0.82790	0.82793			6
2024.12.10	01:49:46.168	0.82789				2
2024.12.10	01:49:48.233	0.82790				2
2024.12.10	01:49:52.756		0.82794			4
2024.12.10	01:49:57.202	0.82789	0.82793			6
2024.12.10	01:50:00.456	0.82789				2
2024.12.10	01:50:01.469	0.82790	0.82794			6
2024.12.10	01:50:01.773	0.82789	0.82793			6
2024.12.10	01:50:02.082	0.82788	0.82792			6
2024.12.10	01:50:02.457	0.82789	0.82793			6
2024.12.10	01:50:06.706	0.82791	0.82795			6
2024.12.10	01:50:07.459	0.82790	0.82793			6
2024.12.10	01:50:16.695	0.82789				2
2024.12.10	01:50:18.956		0.82792			4
2024.12.10	01:50:23.211		0.82793			4
2024.12.10	01:50:24.731		0.82792			4
2024.12.10	01:50:25.782		0.82793			4
2024.12.10	01:50:29.375		0.82792			4
2024.12.10	01:50:35.203		0.82793			4
2024.12.10	01:50:43.552	0.82790				2
2024.12.10	01:51:00.529	0.82790				2
2024.12.10	01:51:11.193		0.82794			4
2024.12.10	01:51:12.392		0.82793			4
2024.12.10	01:51:13.212		0.82794			4
2024.12.10	01:51:18.371	0.82791	0.82795			6
2024.12.10	01:51:28.391		0.82794			4
2024.12.10	01:51:34.050		0.82795			4
2024.12.10	01:51:35.813		0.82794			4
2024.12.10	01:51:36.124	0.82788	0.82792			6
2024.12.10	01:51:37.839	0.82789				2
2024.12.10	01:51:38.809		0.82793			4
2024.12.10	01:52:00.792	0.82789				2
2024.12.10	01:52:04.438	0.82791	0.82795			6
2024.12.10	01:52:12.239	0.82792				2
2024.12.10	01:53:00.369	0.82792				2
2024.12.10	01:53:07.168		0.82795			4
2024.12.10	01:53:07.980	0.82791	0.82794			6
2024.12.10	01:53:08.280	0.82792	0.82795			6
2024.12.10	01:53:27.854	0.82793	0.82796			6
2024.12.10	01:53:29.683	0.82792	0.82795			6
2024.12.10	01:53:32.606	0.82793	0.82796			6
2024.12.10	01:53:33.368	0.82792	0.82795			6
2024.12.10	01:53:37.542	0.82793	0.82796			6
2024.12.10	01:53:41.303	0.82792	0.82795			6
2024.12.10	01:53:42.225	0.82793				2
2024.12.10	01:53:43.940	0.82792				2
2024.12.10	01:53:44.624	0.82793				2
2024.12.10	01:53:46.042	0.82792				2
2024.12.10	01:53:46.376	0.82793				2
2024.12.10	01:53:50.567	0.82792				2
2024.12.10	01:53:52.375		0.82793			4
2024.12.10	01:53:52.685	0.82791				2
2024.12.10	01:53:59.395	0.82792				2
2024.12.10	01:54:00.478	0.82792				2
2024.12.10	01:54:01.333	0.82791				2
2024.12.10	01:54:08.031		0.82792			4
2024.12.10	01:54:09.416		0.82793			4
2024.12.10	01:54:11.504		0.82792			4
2024.12.10	01:54:13.224	0.82790				2
2024.12.10	01:54:14.718	0.82789				2
2024.12.10	01:54:15.363	0.82790				2
2024.12.10	01:54:20.971	0.82789				2
2024.12.10	01:54:21.381		0.82791			4
2024.12.10	01:54:29.197	0.82790	0.82793			6
2024.12.10	01:54:36.246	0.82792	0.82794			6
2024.12.10	01:54:40.412	0.82793				2
2024.12.10	01:54:49.832	0.82792	0.82795			6
2024.12.10	01:54:50.724		0.82794			4
2024.12.10	01:54:53.530		0.82795			4
2024.12.10	01:54:54.472	0.82793	0.82796			6
2024.12.10	01:54:57.210	0.82792	0.82795			6
2024.12.10	01:55:01.213	0.82792				2
2024.12.10	01:55:31.694		0.82794			4
2024.12.10	01:55:32.501		0.82795			4
2024.12.10	01:55:38.388	0.82793	0.82796			6
2024.12.10	01:55:40.934	0.82792	0.82795			6
2024.12.10	01:55:44.893	0.82793	0.82796			6
2024.12.10	01:55:50.556	0.82792	0.82795			6
2024.12.10	01:55:53.405	0.82793	0.82796			6
2024.12.10	01:55:59.282	0.82792	0.82795			6
2024.12.10	01:56:01.310	0.82792				2
2024.12.10	01:56:01.648		0.82794			4
2024.12.10	01:56:05.351		0.82793			4
2024.12.10	01:56:06.136	0.82791				2
2024.12.10	01:56:08.172	0.82792	0.82794			6
2024.12.10	01:56:15.453	0.82791				2
2024.12.10	01:56:16.176	0.82792				2
2024.12.10	01:56:16.984	0.82791	0.82792			6
2024.12.10	01:56:18.389	0.82792	0.82794			6
2024.12.10	01:56:27.487	0.82791	0.82792			6
2024.12.10	01:56:31.126		0.82793			4
2024.12.10	01:56:31.679	0.82790				2
2024.12.10	01:56:32.200	0.82791				2
2024.12.10	01:56:53.803	0.82792	0.82794			6
2024.12.10	01:56:56.456	0.82791	0.82793			6
2024.12.10	01:56:57.973	0.82792	0.82794			6
2024.12.10	01:57:00.641	0.82791				2
2024.12.10	01:57:01.347	0.82792				2
2024.12.10	01:57:03.163	0.82791				2
2024.12.10	01:57:05.896	0.82792				2
2024.12.10	01:57:06.216	0.82791				2
2024.12.10	01:57:06.784	0.82792				2
2024.12.10	01:57:07.115	0.82793	0.82796			6
2024.12.10	01:57:22.582	0.82792	0.82795			6
2024.12.10	01:57:27.249	0.82791	0.82792			6
2024.12.10	01:57:27.576	0.82790				2
2024.12.10	01:57:28.886	0.82792	0.82793			6
2024.12.10	01:57:29.941		0.82794			4
2024.12.10	01:57:30.273	0.82790	0.82793			6
2024.12.10	01:57:31.358	0.82791				2
2024.12.10	01:57:38.148	0.82790				2
2024.12.10	01:57:38.614	0.82791	0.82794			6
2024.12.10	01:57:40.538	0.82790	0.82793			6
2024.12.10	01:57:41.254	0.82789	0.82791			6
2024.12.10	01:57:41.684		0.82790			4
2024.12.10	01:57:42.077		0.82791			4
2024.12.10	01:57:46.474	0.82788				2
2024.12.10	01:57:51.132		0.82790			4
2024.12.10	01:58:00.013	0.82788				2
2024.12.10	01:58:04.883	0.82791	0.82793			6
2024.12.10	01:58:06.058	0.82790				2
2024.12.10	01:58:07.447	0.82791				2
2024.12.10	01:58:12.145	0.82790				2
2024.12.10	01:58:17.861	0.82791				2
2024.12.10	01:58:22.351	0.82790				2
2024.12.10	01:58:25.636		0.82794			4
2024.12.10	01:58:41.510	0.82789	0.82791			6
2024.12.10	01:58:41.828	0.82788				2
2024.12.10	01:58:42.860		0.82792			4
2024.12.10	01:58:44.817	0.82787	0.82791			6
2024.12.10	01:58:51.490	0.82786	0.82790			6
2024.12.10	01:58:55.344	0.82787	0.82791			6
2024.12.10	01:58:56.384	0.82786	0.82789			6
2024.12.10	01:58:56.691	0.82787	0.82790			6
2024.12.10	01:58:57.021	0.82786				2
2024.12.10	01:59:00.177	0.82786				2
2024.12.10	01:59:00.877	0.82787				2
2024.12.10	01:59:04.447	0.82788	0.82792			6
2024.12.10	01:59:05.376	0.82786	0.82790			6
2024.12.10	01:59:08.293	0.82787				2
2024.12.10	01:59:08.873	0.82786				2
2024.12.10	01:59:11.477	0.82785	0.82789			6
2024.12.10	01:59:12.104	0.82786				2
2024.12.10	01:59:12.687		0.82788			4
2024.12.10	01:59:13.006	0.82785				2
2024.12.10	01:59:18.420	0.82784	0.82787			6
2024.12.10	01:59:25.843	0.82783				2
2024.12.10	01:59:28.989		0.82786			4
2024.12.10	01:59:43.172		0.82787			4
2024.12.10	01:59:56.991	0.82784	0.82788			6
2024.12.10	01:59:57.306	0.82786	0.82790			6
2024.12.10	02:00:00.332	0.82786				2
2024.12.10	02:00:01.331	0.82785	0.82788			6
2024.12.10	02:00:01.682		0.82789			4
2024.12.10	02:00:02.107	0.82783	0.82787			6
2024.12.10	02:00:02.442		0.82785			4
2024.12.10	02:00:05.340	0.82782				2
2024.12.10	02:00:08.988	0.82781				2
2024.12.10	02:00:09.304	0.82783	0.82787			6
2024.12.10	02:00:09.613	0.82784				2
2024.12.10	02:00:10.340		0.82788			4
2024.12.10	02:00:10.901		0.82787			4
2024.12.10	02:00:11.379		0.82788			4
2024.12.10	02:00:11.801		0.82787			4
2024.12.10	02:00:13.701		0.82788			4
2024.12.10	02:00:14.374		0.82787			4
2024.12.10	02:00:15.243		0.82788			4
2024.12.10	02:00:15.661		0.82787			4
2024.12.10	02:00:17.493		0.82788			4
2024.12.10	02:00:19.144		0.82787			4
2024.12.10	02:00:22.350	0.82783				2
2024.12.10	02:00:30.653		0.82786			4
2024.12.10	02:00:30.965		0.82787			4
2024.12.10	02:00:32.959	0.82786	0.82788			6
2024.12.10	02:00:33.591	0.82781	0.82785			6
2024.12.10	02:00:33.902	0.82778	0.82781			6
2024.12.10	02:00:34.219	0.82777	0.82780			6
2024.12.10	02:00:34.916		0.82779			4
2024.12.10	02:00:35.224		0.82780			4
2024.12.10	02:00:35.551	0.82776	0.82777			6
2024.12.10	02:00:36.654	0.82775				2
2024.12.10	02:00:38.523	0.82773	0.82776			6
2024.12.10	02:00:39.077	0.82775	0.82778			6
2024.12.10	02:00:39.383	0.82776	0.82779			6
2024.12.10	02:00:39.767		0.82778			4
2024.12.10	02:00:40.146		0.82779			4
2024.12.10	02:00:40.462	0.82775	0.82778			6
2024.12.10	02:00:41.303	0.82776	0.82779			6
2024.12.10	02:00:42.203		0.82778			4
2024.12.10	02:00:43.376		0.82779			4
2024.12.10	02:00:44.344	0.82777				2
2024.12.10	02:00:44.905	0.82776	0.82778			6
2024.12.10	02:00:46.412	0.82775				2
2024.12.10	02:00:47.525	0.82776				2
2024.12.10	02:00:47.890		0.82779			4
2024.12.10	02:00:48.711		0.82778			4
2024.12.10	02:00:49.872		0.82779			4
2024.12.10	02:00:51.241		0.82778			4
2024.12.10	02:00:51.935		0.82779			4
2024.12.10	02:00:59.537	0.82774	0.82776			6
2024.12.10	02:01:00.198	0.82775	0.82777			6
2024.12.10	02:01:04.566	0.82776	0.82778			6
2024.12.10	02:01:08.028		0.82779			4
2024.12.10	02:01:08.364		0.82778			4
2024.12.10	02:01:09.602	0.82775				2
2024.12.10	02:01:10.742		0.82777			4
2024.12.10	02:01:31.770		0.82778			4
2024.12.10	02:01:32.430	0.82776				2
2024.12.10	02:01:32.926	0.82777				2
2024.12.10	02:01:40.319	0.82778	0.82781			6
2024.12.10	02:01:41.294		0.82780			4
2024.12.10	02:01:42.729	0.82776	0.82778			6
2024.12.10	02:01:43.568		0.82779			4
2024.12.10	02:01:44.689	0.82777				2
2024.12.10	02:01:45.809	0.82776	0.82778			6
2024.12.10	02:01:50.197		0.82777			4
2024.12.10	02:02:00.951	0.82776				2
2024.12.10	02:02:05.047	0.82775				2
2024.12.10	02:02:09.411	0.82776				2
2024.12.10	02:02:10.565	0.82775				2
2024.12.10	02:02:10.882	0.82776				2
2024.12.10	02:02:11.207		0.82778			4
2024.12.10	02:02:12.496		0.82777			4
2024.12.10	02:02:12.801	0.82775				2
2024.12.10	02:02:20.180	0.82774	0.82775			6
2024.12.10	02:02:20.521	0.82773	0.82774			6
2024.12.10	02:02:21.794	0.82774	0.82776			6
2024.12.10	02:02:22.552	0.82775				2
2024.12.10	02:02:26.552	0.82776	0.82778			6
2024.12.10	02:02:27.716		0.82779			4
2024.12.10	02:02:31.231	0.82777	0.82780			6
2024.12.10	02:02:33.926	0.82778	0.82781			6
2024.12.10	02:02:38.790		0.82780			4
2024.12.10	02:02:40.448	0.82779	0.82781			6
2024.12.10	02:02:46.886		0.82782			4
2024.12.10	02:02:47.193	0.82781	0.82783			6
2024.12.10	02:02:50.317	0.82780				2
2024.12.10	02:02:50.753	0.82781				2
2024.12.10	02:02:51.763	0.82780	0.82782			6
2024.12.10	02:02:53.396		0.82781			4
2024.12.10	02:02:55.386		0.82782			4
2024.12.10	02:02:55.735	0.82779	0.82781			6
2024.12.10	02:02:56.349	0.82780				2
2024.12.10	02:02:58.208		0.82782			4
2024.12.10	02:03:00.114	0.82780				2
2024.12.10	02:03:00.820	0.82779				2
2024.12.10	02:03:01.858	0.82780				2
2024.12.10	02:03:02.356	0.82779				2
2024.12.10	02:03:03.290	0.82780				2
2024.12.10	02:03:03.995	0.82781				2
2024.12.10	02:03:05.409	0.82780				2
2024.12.10	02:03:10.566	0.82779				2
2024.12.10	02:03:11.713	0.82780	0.82783			6
2024.12.10	02:03:12.333		0.82782			4
2024.12.10	02:03:13.200	0.82781	0.82783			6
2024.12.10	02:03:20.725		0.82784			4
2024.12.10	02:03:21.415		0.82783			4
2024.12.10	02:03:22.311		0.82784			4
2024.12.10	02:03:22.661	0.82782				2
2024.12.10	02:03:41.581	0.82783	0.82785			6
2024.12.10	02:03:45.278	0.82782	0.82784			6
2024.12.10	02:03:50.070	0.82783				2
2024.12.10	02:03:50.392		0.82785			4
2024.12.10	02:03:54.832	0.82782	0.82784			6
2024.12.10	02:03:55.192		0.82785			4
2024.12.10	02:03:58.060		0.82784			4
2024.12.10	02:04:00.085	0.82782				2
2024.12.10	02:04:01.082	0.82783	0.82785			6
2024.12.10	02:04:07.480	0.82782				2
2024.12.10	02:04:09.386	0.82783				2
2024.12.10	02:04:11.563	0.82782				2
2024.12.10	02:04:12.523		0.82783			4
2024.12.10	02:04:17.485	0.82780	0.82782			6
2024.12.10	02:04:20.420	0.82779				2
2024.12.10	02:04:21.816		0.82781			4
2024.12.10	02:04:22.370	0.82783	0.82784			6
2024.12.10	02:04:22.690	0.82781	0.82783			6
2024.12.10	02:04:23.082	0.82780				2
2024.12.10	02:04:23.402	0.82781	0.82784			6
2024.12.10	02:04:23.767	0.82782				2
2024.12.10	02:04:24.348	0.82780	0.82783			6
2024.12.10	02:04:24.694	0.82776	0.82782			6
2024.12.10	02:04:25.013	0.82777	0.82783			6
2024.12.10	02:04:25.316	0.82776	0.82782			6
2024.12.10	02:04:26.223	0.82777	0.82783			6
2024.12.10	02:04:26.828	0.82782	0.82784			6
2024.12.10	02:04:27.167	0.82780	0.82783			6
2024.12.10	02:04:28.968	0.82781	0.82784			6
2024.12.10	02:04:31.155	0.82782				2
2024.12.10	02:04:39.393		0.82783			4
2024.12.10	02:04:40.381		0.82784			4
2024.12.10	02:04:46.102		0.82785			4
2024.12.10	02:04:47.357		0.82784			4
2024.12.10	02:04:48.734		0.82785			4
2024.12.10	02:04:49.682		0.82784			4
2024.12.10	02:04:50.301		0.82785			4
2024.12.10	02:04:50.870	0.82783				2
2024.12.10	02:04:51.262	0.82782	0.82784			6
2024.12.10	02:04:54.370	0.82783				2
2024.12.10	02:04:54.742		0.82785			4
2024.12.10	02:04:55.220		0.82784			4
2024.12.10	02:04:56.023		0.82785			4
2024.12.10	02:05:00.522	0.82782				2
2024.12.10	02:05:00.889		0.82784			4
2024.12.10	02:05:01.548	0.82783				2
2024.12.10	02:05:02.690	0.82782				2
2024.12.10	02:05:03.001	0.82781				2
2024.12.10	02:05:03.669	0.82782				2
2024.12.10	02:05:05.732	0.82779	0.82780			6
2024.12.10	02:05:07.370	0.82780	0.82782			6
2024.12.10	02:05:07.761	0.82782	0.82784			6
2024.12.10	02:05:08.169	0.82781				2
2024.12.10	02:05:08.575		0.82782			4
2024.12.10	02:05:11.641	0.82780				2
2024.12.10	02:05:12.116	0.82781				2
2024.12.10	02:05:13.452	0.82780				2
2024.12.10	02:05:13.796	0.82781				2
2024.12.10	02:05:14.221	0.82780				2
2024.12.10	02:05:14.521	0.82781				2
2024.12.10	02:05:14.888	0.82780				2
2024.12.10	02:05:15.278	0.82781				2
2024.12.10	02:05:15.626	0.82780				2
2024.12.10	02:05:16.314		0.82781			4
2024.12.10	02:05:18.252	0.82778	0.82779			6
2024.12.10	02:05:18.715	0.82777	0.82778			6
2024.12.10	02:05:19.027	0.82776	0.82777			6
2024.12.10	02:05:19.343	0.82777	0.82778			6
2024.12.10	02:05:21.116	0.82776	0.82777			6
2024.12.10	02:05:21.423	0.82777	0.82778			6
2024.12.10	02:05:21.792	0.82776	0.82777			6
2024.12.10	02:05:22.997	0.82777	0.82778			6
2024.12.10	02:05:23.894	0.82776	0.82777			6
2024.12.10	02:05:25.387	0.82777	0.82778			6
2024.12.10	02:05:25.721	0.82776	0.82777			6
2024.12.10	02:05:26.417	0.82777	0.82778			6
2024.12.10	02:05:27.098	0.82776	0.82777			6
2024.12.10	02:05:27.417	0.82777	0.82778			6
2024.12.10	02:05:33.961	0.82776	0.82777			6
2024.12.10	02:05:37.568	0.82775				2
2024.12.10	02:05:37.925	0.82776				2
2024.12.10	02:05:38.247	0.82775				2
2024.12.10	02:05:38.611	0.82776				2
2024.12.10	02:05:39.647	0.82775				2
2024.12.10	02:05:40.658	0.82776				2
2024.12.10	02:05:47.378	0.82774	0.82775			6
2024.12.10	02:05:48.398	0.82773	0.82774			6
2024.12.10	02:05:51.247		0.82775			4
2024.12.10	02:05:51.819	0.82772				2
2024.12.10	02:05:52.672		0.82773			4
2024.12.10	02:05:57.690	0.82773	0.82776			6
2024.12.10	02:05:58.236	0.82774				2
2024.12.10	02:06:01.218	0.82773				2
2024.12.10	02:06:01.688	0.82774				2
2024.12.10	02:06:04.790	0.82773	0.82774			6
2024.12.10	02:06:05.426	0.82772				2
2024.12.10	02:06:06.208	0.82771				2
2024.12.10	02:06:06.530	0.82772				2
2024.12.10	02:06:07.845	0.82771				2
2024.12.10	02:06:08.187	0.82772				2
2024.12.10	02:06:08.917	0.82771	0.82773			6
2024.12.10	02:06:14.791	0.82774	0.82775			6
2024.12.10	02:06:15.114		0.82776			4
2024.12.10	02:06:20.651	0.82773	0.82775			6
2024.12.10	02:06:27.861	0.82774				2
2024.12.10	02:06:31.197	0.82773				2
2024.12.10	02:06:32.480		0.82774			4
2024.12.10	02:06:36.320	0.82772				2
2024.12.10	02:06:46.682	0.82771	0.82773			6
2024.12.10	02:06:52.066		0.82774			4
2024.12.10	02:06:55.896	0.82772				2
2024.12.10	02:06:56.622	0.82773	0.82775			6
2024.12.10	02:06:59.733	0.82774	0.82776			6
2024.12.10	02:07:00.352	0.82774				2
2024.12.10	02:07:00.985	0.82773	0.82775			6
2024.12.10	02:07:19.080	0.82774	0.82776			6
2024.12.10	02:07:24.241	0.82773	0.82775			6
2024.12.10	02:07:28.100	0.82774	0.82776			6
2024.12.10	02:07:28.996	0.82773	0.82775			6
2024.12.10	02:07:36.224	0.82774	0.82776			6
2024.12.10	02:07:42.364	0.82773	0.82775			6
2024.12.10	02:07:43.213		0.82776			4
2024.12.10	02:07:48.446	0.82774				2
2024.12.10	02:07:55.391		0.82777			4
2024.12.10	02:07:59.487		0.82776			4
2024.12.10	02:08:00.358	0.82774				2
2024.12.10	02:08:01.050	0.82773	0.82775			6
2024.12.10	02:08:02.351		0.82776			4
2024.12.10	02:08:02.777	0.82774				2
2024.12.10	02:08:04.963		0.82775			4
2024.12.10	02:08:05.265	0.82773	0.82774			6
2024.12.10	02:08:05.631	0.82771	0.82773			6
2024.12.10	02:08:05.964	0.82772				2
2024.12.10	02:08:10.917	0.82771	0.82774			6
2024.12.10	02:08:12.128	0.82772				2
2024.12.10	02:08:14.128		0.82775			4
2024.12.10	02:08:14.920		0.82774			4
2024.12.10	02:08:16.120	0.82771				2
2024.12.10	02:08:29.026	0.82772				2
2024.12.10	02:08:30.907	0.82771	0.82773			6
2024.12.10	02:08:34.782	0.82770	0.82771			6
2024.12.10	02:08:35.090	0.82771	0.82773			6
2024.12.10	02:08:35.547	0.82770	0.82772			6
2024.12.10	02:08:36.685		0.82773			4
2024.12.10	02:08:37.500		0.82771			4
2024.12.10	02:08:38.592	0.82769				2
2024.12.10	02:08:38.902	0.82771	0.82773			6
2024.12.10	02:08:40.233	0.82770	0.82772			6
2024.12.10	02:08:40.556	0.82771	0.82773			6
2024.12.10	02:08:41.097	0.82772	0.82774			6
2024.12.10	02:08:41.406	0.82771				2
2024.12.10	02:08:42.220	0.82769	0.82772			6
2024.12.10	02:08:44.156	0.82771				2
2024.12.10	02:08:44.465	0.82770				2
2024.12.10	02:08:57.232		0.82771			4
2024.12.10	02:08:57.818		0.82772			4
2024.12.10	02:08:58.615		0.82771			4
2024.12.10	02:08:59.310		0.82772			4
2024.12.10	02:09:00.784	0.82770				2
2024.12.10	02:09:02.553	0.82769				2
2024.12.10	02:09:03.099	0.82771	0.82773			6
2024.12.10	02:09:04.122	0.82770				2
2024.12.10	02:09:04.809	0.82771				2
2024.12.10	02:09:06.752	0.82770				2
2024.12.10	02:09:07.930	0.82771	0.82772			6
2024.12.10	02:09:09.518	0.82772	0.82774			6
2024.12.10	02:09:09.824	0.82773				2
2024.12.10	02:09:10.864	0.82772				2
2024.12.10	02:09:11.258	0.82773				2
2024.12.10	02:09:11.703	0.82775	0.82776			6
2024.12.10	02:09:12.403	0.82774	0.82777			6
2024.12.10	02:09:12.763	0.82775	0.82776			6
2024.12.10	02:09:13.468	0.82774	0.82777			6
2024.12.10	02:09:14.608	0.82775	0.82776			6
2024.12.10	02:09:15.313	0.82774	0.82777			6
2024.12.10	02:09:17.232	0.82773	0.82775			6
2024.12.10	02:09:21.784	0.82772				2
2024.12.10	02:09:24.777	0.82773				2
2024.12.10	02:09:25.109	0.82772	0.82774			6
2024.12.10	02:09:26.071	0.82773				2
2024.12.10	02:09:28.521	0.82772	0.82775			6
2024.12.10	02:09:29.592		0.82773			4
2024.12.10	02:09:31.589		0.82775			4
2024.12.10	02:09:32.342		0.82774			4
2024.12.10	02:09:32.655		0.82775			4
2024.12.10	02:09:32.991	0.82773				2
2024.12.10	02:09:34.108	0.82772	0.82774			6
2024.12.10	02:09:34.620	0.82773	0.82775			6
2024.12.10	02:09:35.226	0.82772	0.82773			6
2024.12.10	02:09:35.533	0.82773	0.82775			6
2024.12.10	02:09:40.032		0.82774			4
2024.12.10	02:09:40.617	0.82772	0.82773			6
2024.12.10	02:09:40.926	0.82773	0.82774			6
2024.12.10	02:09:48.046	0.82774	0.82775			6
2024.12.10	02:09:50.450	0.82773	0.82774			6
2024.12.10	02:09:57.844	0.82770	0.82771			6
2024.12.10	02:10:00.205	0.82770				2
2024.12.10	02:10:10.361	0.82767	0.82770			6
2024.12.10	02:10:11.181	0.82770	0.82771			6
2024.12.10	02:10:12.904	0.82768	0.82770			6
2024.12.10	02:10:16.368	0.82770	0.82771			6
2024.12.10	02:10:22.015	0.82767	0.82770			6
2024.12.10	02:10:24.176	0.82770	0.82771			6
2024.12.10	02:10:26.813	0.82767	0.82770			6
2024.12.10	02:10:28.412	0.82770	0.82771			6
2024.12.10	02:10:31.253	0.82769				2
2024.12.10	02:10:32.716	0.82767	0.82770			6
2024.12.10	02:10:33.671	0.82769	0.82771			6
2024.12.10	02:10:34.374	0.82767	0.82770			6
2024.12.10	02:10:38.565	0.82766	0.82769			6
2024.12.10	02:10:38.869	0.82767	0.82770			6
2024.12.10	02:10:42.787	0.82766	0.82769			6
2024.12.10	02:10:46.176	0.82767	0.82770			6
2024.12.10	02:10:55.373	0.82768				2
2024.12.10	02:10:55.797	0.82770	0.82771			6
2024.12.10	02:10:56.346	0.82768	0.82770			6
2024.12.10	02:11:03.895	0.82768				2
2024.12.10	02:11:25.234	0.82767				2
2024.12.10	02:11:34.395	0.82766	0.82769			6
2024.12.10	02:11:36.832	0.82767	0.82770			6
2024.12.10	02:11:39.319	0.82768				2
2024.12.10	02:11:48.097	0.82767				2
2024.12.10	02:11:50.015	0.82768				2
2024.12.10	02:11:58.374	0.82770	0.82771			6
2024.12.10	02:12:01.137	0.82769	0.82770			6
2024.12.10	02:12:01.450	0.82768				2
2024.12.10	02:12:03.132		0.82771			4
2024.12.10	02:12:03.708		0.82770			4
2024.12.10	02:12:04.410	0.82772	0.82773			6
2024.12.10	02:12:13.099	0.82771	0.82774			6
2024.12.10	02:12:14.671	0.82773				2
2024.12.10	02:12:14.981		0.82775			4
2024.12.10	02:12:16.352	0.82774	0.82776			6
2024.12.10	02:12:18.408	0.82773				2
2024.12.10	02:12:20.315	0.82774				2
2024.12.10	02:12:22.362	0.82773	0.82774			6
2024.12.10	02:12:22.977		0.82775			4
2024.12.10	02:12:23.335	0.82774				2
2024.12.10	02:12:25.042	0.82772	0.82773			6
2024.12.10	02:12:25.794		0.82774			4
2024.12.10	02:12:33.318	0.82773				2
2024.12.10	02:12:35.248		0.82775			4
2024.12.10	02:12:37.665		0.82774			4
2024.12.10	02:12:39.882	0.82772				2
2024.12.10	02:12:42.255	0.82773	0.82775			6
2024.12.10	02:12:42.606	0.82775	0.82776			6
2024.12.10	02:13:00.023	0.82775				2
2024.12.10	02:13:07.765	0.82776	0.82777			6
2024.12.10	02:13:08.124	0.82777	0.82779			6
2024.12.10	02:13:08.629	0.82778				2
2024.12.10	02:13:09.766	0.82777	0.82780			6
2024.12.10	02:13:10.083	0.82776	0.82779			6
2024.12.10	02:13:10.453	0.82777	0.82780			6
2024.12.10	02:13:10.763	0.82778				2
2024.12.10	02:13:19.217		0.82779			4
2024.12.10	02:13:25.311		0.82780			4
2024.12.10	02:13:41.969	0.82779	0.82781			6
2024.12.10	02:13:52.382		0.82780			4
2024.12.10	02:13:54.779		0.82781			4
2024.12.10	02:13:56.446	0.82780				2
2024.12.10	02:14:00.396	0.82780				2
2024.12.10	02:14:08.255	0.82778	0.82780			6
2024.12.10	02:14:18.235		0.82779			4
2024.12.10	02:14:25.385		0.82780			4
2024.12.10	02:14:25.722	0.82779				2
2024.12.10	02:14:28.727	0.82778	0.82779			6
2024.12.10	02:14:31.121		0.82780			4
2024.12.10	02:14:31.431	0.82779				2
2024.12.10	02:14:31.783	0.82778	0.82779			6
2024.12.10	02:14:45.698		0.82780			4
2024.12.10	02:14:46.242		0.82779			4
2024.12.10	02:14:46.581		0.82780			4
2024.12.10	02:14:47.928	0.82779				2
2024.12.10	02:15:00.784	0.82779				2
2024.12.10	02:15:01.156	0.82780	0.82782			6
2024.12.10	02:15:02.146	0.82777	0.82780			6
2024.12.10	02:15:02.461		0.82779			4
2024.12.10	02:15:08.519		0.82780			4
2024.12.10	02:15:09.376		0.82779			4
2024.12.10	02:15:10.149	0.82776				2
2024.12.10	02:15:13.093		0.82778			4
2024.12.10	02:15:13.421		0.82779			4
2024.12.10	02:15:16.707	0.82777	0.82780			6
2024.12.10	02:15:17.127	0.82778				2
2024.12.10	02:15:23.801	0.82777	0.82779			6
2024.12.10	02:15:27.609		0.82778			4
2024.12.10	02:15:36.443	0.82776	0.82777			6
2024.12.10	02:15:36.851	0.82775				2
2024.12.10	02:15:37.270	0.82777	0.82778			6
2024.12.10	02:15:37.580	0.82776	0.82777			6
2024.12.10	02:15:37.884		0.82778			4
2024.12.10	02:15:42.685	0.82777				2
2024.12.10	02:15:43.080	0.82776				2
2024.12.10	02:15:45.560	0.82777	0.82779			6
2024.12.10	02:15:46.780	0.82778	0.82780			6
2024.12.10	02:15:48.498	0.82777	0.82779			6
2024.12.10	02:15:49.123	0.82776				2
2024.12.10	02:15:51.185	0.82777				2
2024.12.10	02:16:00.189	0.82777				2
2024.12.10	02:16:06.371	0.82778				2
2024.12.10	02:16:20.542		0.82780			4
2024.12.10	02:16:20.854		0.82779			4
2024.12.10	02:16:21.402		0.82780			4
2024.12.10	02:16:27.862	0.82776	0.82781			6
2024.12.10	02:16:29.649	0.82778				2
2024.12.10	02:16:34.952		0.82780			4
2024.12.10	02:16:51.031		0.82779			4
2024.12.10	02:16:55.699	0.82777	0.82778			6
2024.12.10	02:16:58.384		0.82779			4
2024.12.10	02:17:00.117	0.82777	0.82778			6
2024.12.10	02:17:03.970		0.82779			4
2024.12.10	02:17:06.386		0.82778			4
2024.12.10	02:17:07.783	0.82776	0.82777			6
2024.12.10	02:17:08.128	0.82774	0.82776			6
2024.12.10	02:17:10.945	0.82775	0.82777			6
2024.12.10	02:17:19.480		0.82776			4
2024.12.10	02:17:23.367	0.82777	0.82778			6
2024.12.10	02:17:25.034	0.82776	0.82777			6
2024.12.10	02:17:43.799		0.82778			4
2024.12.10	02:18:00.363	0.82777	0.82779			6
2024.12.10	02:18:00.664		0.82778			4
2024.12.10	02:18:01.967		0.82779			4
2024.12.10	02:18:07.716		0.82778			4
2024.12.10	02:18:11.306	0.82778	0.82779			6
2024.12.10	02:18:22.022	0.82776	0.82777			6
2024.12.10	02:18:24.461	0.82775	0.82776			6
2024.12.10	02:19:00.291	0.82777	0.82778			6
2024.12.10	02:19:15.697	0.82776	0.82777			6
2024.12.10	02:19:17.495	0.82777	0.82778			6
2024.12.10	02:19:42.178	0.82778	0.82779			6
2024.12.10	02:20:00.575	0.82778				2
2024.12.10	02:20:09.045	0.82776	0.82777			6
2024.12.10	02:20:14.677	0.82777	0.82778			6
2024.12.10	02:20:31.179	0.82778	0.82779			6
2024.12.10	02:20:33.975	0.82777	0.82778			6
2024.12.10	02:20:44.988		0.82779			4
2024.12.10	02:20:45.301		0.82778			4
2024.12.10	02:20:58.135	0.82778	0.82779			6
2024.12.10	02:20:58.445	0.82777	0.82778			6
2024.12.10	02:21:00.002	0.82777				2
2024.12.10	02:21:21.651	0.82778	0.82779			6
2024.12.10	02:21:34.848	0.82777	0.82778			6
2024.12.10	02:21:35.181	0.82778	0.82779			6
2024.12.10	02:21:36.657	0.82777	0.82778			6
2024.12.10	02:21:40.166	0.82778	0.82779			6
2024.12.10	02:21:40.496	0.82777	0.82778			6
2024.12.10	02:21:43.149	0.82778	0.82779			6
2024.12.10	02:21:52.104	0.82777	0.82778			6
2024.12.10	02:21:52.466	0.82778	0.82779			6
2024.12.10	02:21:52.867	0.82777	0.82778			6
2024.12.10	02:21:53.791	0.82778	0.82779			6
2024.12.10	02:21:58.787	0.82775	0.82776			6
2024.12.10	02:21:59.677	0.82774				2
2024.12.10	02:22:00.015	0.82775				2
2024.12.10	02:22:00.366	0.82776	0.82777			6
2024.12.10	02:22:00.898	0.82777	0.82778			6
2024.12.10	02:22:32.788	0.82776	0.82777			6
2024.12.10	02:22:33.557	0.82777	0.82778			6
2024.12.10	02:22:39.707	0.82776	0.82777			6
2024.12.10	02:22:41.461	0.82777	0.82778			6
2024.12.10	02:23:00.308	0.82777				2
2024.12.10	02:23:37.395	0.82776	0.82777			6
2024.12.10	02:23:37.911	0.82775	0.82776			6
2024.12.10	02:23:39.763	0.82776	0.82777			6
2024.12.10	02:23:55.595	0.82775	0.82776			6
2024.12.10	02:24:00.445	0.82775				2
2024.12.10	02:24:22.374	0.82774	0.82775			6
2024.12.10	02:24:51.339	0.82775	0.82776			6
2024.12.10	02:24:53.309	0.82776	0.82777			6
2024.12.10	02:25:02.342	0.82776				2
2024.12.10	02:25:07.395	0.82775	0.82776			6
2024.12.10	02:25:22.082	0.82776	0.82777			6
2024.12.10	02:25:25.263	0.82772	0.82773			6
2024.12.10	02:25:30.546		0.82774			4
2024.12.10	02:25:33.291		0.82773			4
2024.12.10	02:25:43.855		0.82774			4
2024.12.10	02:25:48.827	0.82773	0.82775			6
2024.12.10	02:25:53.557	0.82774				2
2024.12.10	02:25:56.260	0.82773				2
2024.12.10	02:25:57.165	0.82772	0.82774			6
2024.12.10	02:26:00.466	0.82773	0.82775			6
2024.12.10	02:26:05.710		0.82774			4
2024.12.10	02:26:07.336		0.82775			4
2024.12.10	02:26:14.263	0.82772				2
2024.12.10	02:26:20.354		0.82774			4
2024.12.10	02:26:27.938		0.82773			4
2024.12.10	02:26:29.612	0.82771				2
2024.12.10	02:26:41.164		0.82772			4
2024.12.10	02:26:50.881		0.82773			4
2024.12.10	02:26:55.782	0.82772				2
2024.12.10	02:27:00.115	0.82772				2
2024.12.10	02:27:00.424	0.82770	0.82771			6
2024.12.10	02:27:19.927		0.82772			4
2024.12.10	02:27:22.171	0.82772	0.82773			6
2024.12.10	02:27:42.316		0.82774			4
2024.12.10	02:27:47.215	0.82773	0.82775			6
2024.12.10	02:27:49.736	0.82772				2
2024.12.10	02:27:50.403		0.82774			4
2024.12.10	02:28:02.922	0.82772				2
2024.12.10	02:28:14.889		0.82773			4
2024.12.10	02:28:15.994	0.82773	0.82774			6
2024.12.10	02:28:16.736	0.82772	0.82773			6
2024.12.10	02:28:23.003	0.82771	0.82772			6
2024.12.10	02:28:29.847		0.82773			4
2024.12.10	02:28:34.257		0.82772			4
2024.12.10	02:28:35.205		0.82773			4
2024.12.10	02:28:35.626		0.82772			4
2024.12.10	02:28:36.785		0.82773			4
2024.12.10	02:28:37.763		0.82772			4
2024.12.10	02:28:54.646	0.82772	0.82773			6
2024.12.10	02:28:54.947	0.82771	0.82772			6
2024.12.10	02:28:55.269	0.82772	0.82773			6
2024.12.10	02:28:58.945	0.82771	0.82772			6
2024.12.10	02:29:00.359	0.82771				2
2024.12.10	02:29:04.557	0.82772	0.82773			6
2024.12.10	02:29:09.430	0.82771	0.82772			6
2024.12.10	02:29:16.716	0.82770	0.82771			6
2024.12.10	02:29:33.550	0.82771	0.82772			6
2024.12.10	02:29:40.140	0.82772	0.82773			6
2024.12.10	02:29:59.698	0.82771	0.82772			6
2024.12.10	02:30:00.016	0.82771				2
2024.12.10	02:30:00.318	0.82772	0.82773			6
2024.12.10	02:30:02.157	0.82771	0.82772			6
2024.12.10	02:30:03.504	0.82772	0.82773			6
2024.12.10	02:30:04.376	0.82771	0.82772			6
2024.12.10	02:30:05.546	0.82769	0.82770			6
2024.12.10	02:30:07.281	0.82770	0.82771			6
2024.12.10	02:30:10.973	0.82769	0.82770			6
2024.12.10	02:30:18.320	0.82768	0.82769			6
2024.12.10	02:30:23.534	0.82769	0.82770			6
2024.12.10	02:30:45.065	0.82770	0.82771			6
2024.12.10	02:30:45.433	0.82769	0.82770			6
2024.12.10	02:31:01.159	0.82770	0.82771			6
2024.12.10	02:31:01.812	0.82771	0.82772			6
2024.12.10	02:31:02.214	0.82772	0.82773			6
2024.12.10	02:31:10.393	0.82770	0.82771			6
2024.12.10	02:31:10.711	0.82771	0.82772			6
2024.12.10	02:31:11.251	0.82770	0.82771			6
2024.12.10	02:31:14.062	0.82771	0.82772			6
2024.12.10	02:31:14.845	0.82772	0.82773			6
2024.12.10	02:31:15.574	0.82771	0.82772			6
2024.12.10	02:31:18.049	0.82772	0.82773			6
2024.12.10	02:31:19.776	0.82771	0.82772			6
2024.12.10	02:31:30.687	0.82769	0.82770			6
2024.12.10	02:31:31.261	0.82768	0.82769			6
2024.12.10	02:31:35.721		0.82770			4
2024.12.10	02:31:36.502	0.82769				2
2024.12.10	02:32:02.671	0.82769				2
2024.12.10	02:32:03.151	0.82768				2
2024.12.10	02:32:06.374		0.82769			4
2024.12.10	02:32:06.904		0.82770			4
2024.12.10	02:32:07.270		0.82769			4
2024.12.10	02:32:07.637	0.82769	0.82770			6
2024.12.10	02:32:31.118		0.82771			4
2024.12.10	02:32:31.484		0.82770			4
2024.12.10	02:32:32.077		0.82771			4
2024.12.10	02:32:32.417		0.82770			4
2024.12.10	02:32:42.807		0.82772			4
2024.12.10	02:32:45.923	0.82770	0.82771			6
2024.12.10	02:32:46.683		0.82772			4
2024.12.10	02:32:49.785		0.82771			4
2024.12.10	02:32:50.551	0.82771	0.82772			6
2024.12.10	02:33:00.066	0.82771				2
2024.12.10	02:33:03.765	0.82770	0.82771			6
2024.12.10	02:33:04.495	0.82769	0.82770			6
2024.12.10	02:33:07.528	0.82770	0.82772			6
2024.12.10	02:33:08.180		0.82771			4
2024.12.10	02:33:17.078	0.82769	0.82770			6
2024.12.10	02:33:21.236		0.82771			4
2024.12.10	02:33:24.329	0.82770	0.82772			6
2024.12.10	02:33:26.540		0.82771			4
2024.12.10	02:33:29.932		0.82772			4
2024.12.10	02:33:33.317		0.82771			4
2024.12.10	02:33:37.071		0.82772			4
2024.12.10	02:33:38.295		0.82771			4
2024.12.10	02:33:40.056		0.82772			4
2024.12.10	02:33:40.471		0.82771			4
2024.12.10	02:33:43.543	0.82769				2
2024.12.10	02:33:44.583		0.82770			4
2024.12.10	02:33:44.964		0.82771			4
2024.12.10	02:33:46.187	0.82770				2
2024.12.10	02:33:50.173		0.82772			4
2024.12.10	02:33:54.587	0.82771	0.82773			6
2024.12.10	02:33:56.576	0.82770	0.82772			6
2024.12.10	02:33:57.231		0.82771			4
2024.12.10	02:34:00.451	0.82770				2
2024.12.10	02:34:06.005	0.82769	0.82770			6
2024.12.10	02:34:07.558	0.82768	0.82769			6
2024.12.10	02:34:13.002		0.82770			4
2024.12.10	02:34:16.859	0.82769				2
2024.12.10	02:34:56.348		0.82771			4
2024.12.10	02:34:57.226	0.82770				2
2024.12.10	02:34:57.865		0.82772			4
2024.12.10	02:34:58.985	0.82771				2
2024.12.10	02:35:00.320	0.82771				2
2024.12.10	02:35:13.301		0.82773			4
2024.12.10	02:35:18.060	0.82772				2
2024.12.10	02:35:19.401	0.82771				2
2024.12.10	02:35:20.327	0.82772	0.82774			6
2024.12.10	02:35:23.673		0.82773			4
2024.12.10	02:35:36.118	0.82773	0.82774			6
2024.12.10	02:35:37.751	0.82772	0.82773			6
2024.12.10	02:35:38.341		0.82774			4
2024.12.10	02:35:39.896	0.82773				2
2024.12.10	02:35:42.175		0.82775			4
2024.12.10	02:35:45.078	0.82774				2
2024.12.10	02:35:49.564	0.82773	0.82774			6
2024.12.10	02:35:50.177	0.82774	0.82775			6
2024.12.10	02:35:55.823	0.82773	0.82774			6
2024.12.10	02:36:00.076	0.82773				2
2024.12.10	02:36:25.567	0.82774	0.82775			6
2024.12.10	02:36:33.442	0.82773	0.82774			6
2024.12.10	02:36:49.764		0.82775			4
2024.12.10	02:36:50.975		0.82774			4
2024.12.10	02:36:54.791		0.82775			4
