<DATE>	<TIME>	<BID>	<ASK>	<LAST>	<VOLUME>	<FLAGS>
2024.11.08	00:00:00.350	0.83160	0.83253			6
2024.11.08	00:00:00.751		0.83245			4
2024.11.08	00:00:01.352		0.83243			4
2024.11.08	00:00:31.181	0.83159	0.83252			6
2024.11.08	00:00:39.965		0.83241			4
2024.11.08	00:00:49.785	0.83169	0.83215			6
2024.11.08	00:00:55.029	0.83159	0.83241			6
2024.11.08	00:01:08.962	0.83159				2
2024.11.08	00:02:00.445	0.83161	0.83241			6
2024.11.08	00:02:45.097		0.83239			4
2024.11.08	00:03:20.251	0.83161				2
2024.11.08	00:04:10.820	0.83161	0.83239			6
2024.11.08	00:05:00.455	0.83173	0.83226			6
2024.11.08	00:05:01.258	0.83172	0.83225			6
2024.11.08	00:05:05.946		0.83220			4
2024.11.08	00:05:10.808		0.83218			4
2024.11.08	00:05:12.355		0.83212			4
2024.11.08	00:05:20.961		0.83213			4
2024.11.08	00:05:25.069		0.83214			4
2024.11.08	00:05:30.365		0.83213			4
2024.11.08	00:05:35.557		0.83211			4
2024.11.08	00:05:41.947		0.83210			4
2024.11.08	00:05:45.780		0.83209			4
2024.11.08	00:05:49.873		0.83210			4
2024.11.08	00:06:00.100	0.83172				2
2024.11.08	00:06:27.303		0.83211			4
2024.11.08	00:07:01.370	0.83172				2
2024.11.08	00:07:04.751	0.83177				2
2024.11.08	00:07:07.288	0.83172				2
2024.11.08	00:07:14.868		0.83212			4
2024.11.08	00:07:19.897		0.83210			4
2024.11.08	00:07:29.925		0.83211			4
2024.11.08	00:07:40.025		0.83210			4
2024.11.08	00:07:45.162		0.83211			4
2024.11.08	00:07:56.028		0.83210			4
2024.11.08	00:08:00.732	0.83172	0.83212			6
2024.11.08	00:08:05.705		0.83211			4
2024.11.08	00:08:22.282		0.83210			4
2024.11.08	00:08:27.538		0.83212			4
2024.11.08	00:08:42.862		0.83211			4
2024.11.08	00:08:52.537		0.83210			4
2024.11.08	00:08:58.001		0.83212			4
2024.11.08	00:09:03.323	0.83172	0.83211			6
2024.11.08	00:09:44.676	0.83171	0.83207			6
2024.11.08	00:10:00.350	0.83171	0.83211			6
2024.11.08	00:10:01.512	0.83170	0.83196			6
2024.11.08	00:10:02.410		0.83191			4
2024.11.08	00:10:02.967		0.83194			4
2024.11.08	00:11:01.294	0.83171				2
2024.11.08	00:11:09.549		0.83194			4
2024.11.08	00:11:54.319		0.83202			4
2024.11.08	00:12:00.384	0.83171	0.83211			6
2024.11.08	00:12:44.604		0.83212			4
2024.11.08	00:12:49.318		0.83211			4
2024.11.08	00:12:50.632		0.83212			4
2024.11.08	00:12:55.126		0.83211			4
2024.11.08	00:12:56.307		0.83209			4
2024.11.08	00:13:00.379	0.83171				2
2024.11.08	00:14:43.069	0.83174	0.83207			6
2024.11.08	00:14:47.484		0.83209			4
2024.11.08	00:14:52.241		0.83207			4
2024.11.08	00:14:56.842	0.83171				2
2024.11.08	00:14:57.415		0.83209			4
2024.11.08	00:14:58.347		0.83211			4
2024.11.08	00:15:00.575	0.83171				2
2024.11.08	00:15:07.458		0.83209			4
2024.11.08	00:15:08.367		0.83207			4
2024.11.08	00:15:10.858		0.83208			4
2024.11.08	00:15:12.062		0.83210			4
2024.11.08	00:15:17.565		0.83209			4
2024.11.08	00:15:49.035		0.83211			4
2024.11.08	00:16:01.367	0.83171				2
2024.11.08	00:16:09.219		0.83202			4
2024.11.08	00:16:09.560		0.83209			4
2024.11.08	00:16:10.237		0.83208			4
2024.11.08	00:16:20.885		0.83209			4
2024.11.08	00:17:00.853	0.83171				2
2024.11.08	00:17:25.452		0.83209			4
2024.11.08	00:17:27.884		0.83208			4
2024.11.08	00:17:32.535		0.83207			4
2024.11.08	00:17:37.665		0.83210			4
2024.11.08	00:17:42.362		0.83208			4
2024.11.08	00:17:47.614		0.83210			4
2024.11.08	00:17:52.684		0.83208			4
2024.11.08	00:17:57.881		0.83207			4
2024.11.08	00:18:02.868	0.83171	0.83209			6
2024.11.08	00:18:07.662		0.83210			4
2024.11.08	00:18:12.766		0.83209			4
2024.11.08	00:18:19.043		0.83211			4
2024.11.08	00:18:49.758		0.83212			4
2024.11.08	00:18:54.376		0.83211			4
2024.11.08	00:19:00.813	0.83171				2
2024.11.08	00:19:09.642		0.83212			4
2024.11.08	00:19:19.711		0.83211			4
2024.11.08	00:19:24.628		0.83212			4
2024.11.08	00:19:29.256		0.83210			4
2024.11.08	00:19:34.655		0.83212			4
2024.11.08	00:19:39.352		0.83211			4
2024.11.08	00:19:48.459		0.83208			4
2024.11.08	00:20:00.271	0.83171				2
2024.11.08	00:20:10.178		0.83203			4
2024.11.08	00:20:16.799		0.83204			4
2024.11.08	00:20:21.269	0.83170	0.83193			6
2024.11.08	00:20:30.271		0.83194			4
2024.11.08	00:20:42.369		0.83208			4
2024.11.08	00:21:00.555	0.83170				2
2024.11.08	00:21:10.595		0.83207			4
2024.11.08	00:21:15.137		0.83209			4
2024.11.08	00:21:25.622		0.83208			4
2024.11.08	00:21:30.549		0.83209			4
2024.11.08	00:21:35.870		0.83207			4
2024.11.08	00:21:43.502	0.83169				2
2024.11.08	00:21:45.735		0.83210			4
2024.11.08	00:22:00.597	0.83169	0.83209			6
2024.11.08	00:22:20.807		0.83212			4
2024.11.08	00:23:00.584	0.83169				2
2024.11.08	00:23:11.962	0.83163	0.83189			6
2024.11.08	00:23:14.487	0.83161	0.83188			6
2024.11.08	00:23:17.399		0.83189			4
2024.11.08	00:23:22.933		0.83187			4
2024.11.08	00:23:32.694		0.83186			4
2024.11.08	00:23:38.949		0.83185			4
2024.11.08	00:23:55.275		0.83186			4
2024.11.08	00:24:00.307	0.83161				2
2024.11.08	00:24:15.485		0.83185			4
2024.11.08	00:24:23.080	0.83162				2
2024.11.08	00:24:36.257		0.83186			4
2024.11.08	00:24:42.488		0.83185			4
2024.11.08	00:25:00.311	0.83162				2
2024.11.08	00:25:06.589		0.83184			4
2024.11.08	00:25:14.935		0.83183			4
2024.11.08	00:25:21.259		0.83184			4
2024.11.08	00:25:50.984	0.83164	0.83206			6
2024.11.08	00:25:51.340	0.83167				2
2024.11.08	00:26:00.321	0.83167				2
2024.11.08	00:26:30.861	0.83166				2
2024.11.08	00:26:31.942	0.83167				2
2024.11.08	00:26:50.922	0.83166				2
2024.11.08	00:26:52.032	0.83167	0.83206			6
2024.11.08	00:27:01.363	0.83167				2
2024.11.08	00:27:02.595	0.83168				2
2024.11.08	00:27:08.537	0.83169				2
2024.11.08	00:27:41.424	0.83167				2
2024.11.08	00:27:48.298	0.83169				2
2024.11.08	00:27:48.859	0.83168				2
2024.11.08	00:27:52.348		0.83206			4
2024.11.08	00:27:56.306	0.83169				2
2024.11.08	00:28:00.381	0.83169				2
2024.11.08	00:28:40.370		0.83212			4
2024.11.08	00:28:41.447	0.83168				2
2024.11.08	00:28:47.062	0.83157	0.83189			6
2024.11.08	00:28:48.267	0.83168	0.83212			6
2024.11.08	00:28:48.828	0.83157	0.83189			6
2024.11.08	00:28:50.961	0.83168	0.83212			6
2024.11.08	00:28:53.669	0.83157	0.83189			6
2024.11.08	00:29:01.485	0.83157				2
2024.11.08	00:29:12.648	0.83168	0.83212			6
2024.11.08	00:30:00.387	0.83170				2
2024.11.08	00:30:04.335	0.83171				2
2024.11.08	00:30:13.404		0.83212			4
2024.11.08	00:30:15.276	0.83172				2
2024.11.08	00:30:22.202		0.83225			4
2024.11.08	00:30:40.439	0.83171				2
2024.11.08	00:30:41.142	0.83172	0.83222			6
2024.11.08	00:30:43.741	0.83173				2
2024.11.08	00:30:44.051		0.83223			4
2024.11.08	00:30:51.419		0.83222			4
2024.11.08	00:30:56.157		0.83223			4
2024.11.08	00:31:00.805	0.83173				2
2024.11.08	00:31:04.384		0.83219			4
2024.11.08	00:31:05.659	0.83172				2
2024.11.08	00:31:19.464	0.83173				2
2024.11.08	00:31:43.742		0.83213			4
2024.11.08	00:31:58.032	0.83176				2
2024.11.08	00:32:00.450	0.83176				2
2024.11.08	00:32:03.100	0.83177				2
2024.11.08	00:32:08.201		0.83218			4
2024.11.08	00:32:15.665	0.83178				2
2024.11.08	00:32:24.311	0.83173	0.83202			6
2024.11.08	00:32:25.547	0.83175				2
2024.11.08	00:32:26.225	0.83178	0.83218			6
2024.11.08	00:32:41.291	0.83174	0.83213			6
2024.11.08	00:32:56.021	0.83175				2
2024.11.08	00:33:00.356	0.83175				2
2024.11.08	00:33:36.491		0.83216			4
2024.11.08	00:33:41.437	0.83174				2
2024.11.08	00:34:04.157	0.83174				2
2024.11.08	00:34:31.239		0.83215			4
2024.11.08	00:35:07.739	0.83174				2
2024.11.08	00:35:26.449		0.83213			4
2024.11.08	00:36:00.298	0.83174				2
2024.11.08	00:36:21.447		0.83217			4
2024.11.08	00:36:29.675		0.83218			4
2024.11.08	00:36:31.465	0.83175				2
2024.11.08	00:36:40.646		0.83212			4
2024.11.08	00:36:43.763		0.83211			4
2024.11.08	00:36:46.474	0.83174				2
2024.11.08	00:36:47.761		0.83212			4
2024.11.08	00:36:51.736		0.83213			4
2024.11.08	00:36:52.441		0.83211			4
2024.11.08	00:36:54.668		0.83210			4
2024.11.08	00:37:04.184	0.83174				2
2024.11.08	00:37:12.307		0.83211			4
2024.11.08	00:37:14.056		0.83218			4
2024.11.08	00:37:16.475		0.83215			4
2024.11.08	00:37:31.535		0.83212			4
2024.11.08	00:37:32.109		0.83210			4
2024.11.08	00:37:32.933		0.83211			4
2024.11.08	00:37:33.237		0.83212			4
2024.11.08	00:37:37.253		0.83213			4
2024.11.08	00:37:38.505		0.83212			4
2024.11.08	00:37:41.975		0.83213			4
2024.11.08	00:37:52.645		0.83211			4
2024.11.08	00:37:53.092	0.83175				2
2024.11.08	00:37:53.603		0.83213			4
2024.11.08	00:37:53.999		0.83212			4
2024.11.08	00:37:56.627		0.83213			4
2024.11.08	00:37:57.199		0.83212			4
2024.11.08	00:38:01.297	0.83175	0.83211			6
2024.11.08	00:38:05.074	0.83174	0.83213			6
2024.11.08	00:38:05.479		0.83211			4
2024.11.08	00:38:05.863		0.83212			4
2024.11.08	00:38:06.635		0.83211			4
2024.11.08	00:38:07.067		0.83213			4
2024.11.08	00:38:17.754		0.83212			4
2024.11.08	00:38:19.615		0.83211			4
2024.11.08	00:38:21.869		0.83212			4
2024.11.08	00:38:26.872		0.83210			4
2024.11.08	00:38:27.693		0.83211			4
2024.11.08	00:38:29.084		0.83215			4
2024.11.08	00:38:30.690		0.83211			4
2024.11.08	00:38:31.235	0.83175	0.83215			6
2024.11.08	00:38:41.925		0.83211			4
2024.11.08	00:38:42.575		0.83215			4
2024.11.08	00:38:50.867		0.83212			4
2024.11.08	00:38:52.231		0.83215			4
2024.11.08	00:38:58.256		0.83212			4
2024.11.08	00:39:00.833	0.83175				2
2024.11.08	00:39:05.290		0.83215			4
2024.11.08	00:39:27.063		0.83212			4
2024.11.08	00:39:31.421		0.83211			4
2024.11.08	00:39:32.209		0.83215			4
2024.11.08	00:39:32.681		0.83211			4
2024.11.08	00:39:33.253		0.83210			4
2024.11.08	00:39:45.306	0.83179	0.83226			6
2024.11.08	00:40:00.304	0.83180				2
2024.11.08	00:40:06.743		0.83225			4
2024.11.08	00:40:07.386		0.83226			4
2024.11.08	00:40:09.923	0.83181				2
2024.11.08	00:40:14.024		0.83222			4
2024.11.08	00:40:14.374		0.83226			4
2024.11.08	00:40:15.347		0.83225			4
2024.11.08	00:40:21.793		0.83226			4
2024.11.08	00:40:23.933	0.83182				2
2024.11.08	00:40:26.288	0.83181				2
2024.11.08	00:40:30.727		0.83224			4
2024.11.08	00:40:38.982		0.83226			4
2024.11.08	00:40:43.988	0.83180	0.83230			6
2024.11.08	00:40:49.445	0.83181				2
2024.11.08	00:40:50.667		0.83220			4
2024.11.08	00:40:54.179		0.83228			4
2024.11.08	00:40:54.534		0.83221			4
2024.11.08	00:40:56.543		0.83220			4
2024.11.08	00:40:56.902		0.83221			4
2024.11.08	00:40:59.923		0.83224			4
2024.11.08	00:41:00.323	0.83181	0.83226			6
2024.11.08	00:41:02.361		0.83229			4
2024.11.08	00:41:03.386	0.83180	0.83230			6
2024.11.08	00:41:04.876		0.83225			4
2024.11.08	00:41:06.032	0.83181	0.83228			6
2024.11.08	00:41:06.527	0.83180				2
2024.11.08	00:41:08.706		0.83230			4
2024.11.08	00:41:10.314		0.83229			4
2024.11.08	00:41:20.715		0.83230			4
2024.11.08	00:41:25.019		0.83193			4
2024.11.08	00:41:25.945		0.83226			4
2024.11.08	00:41:26.416		0.83193			4
2024.11.08	00:41:27.109		0.83226			4
2024.11.08	00:41:27.751	0.83181				2
2024.11.08	00:41:30.697	0.83180				2
2024.11.08	00:41:33.971	0.83181				2
2024.11.08	00:41:43.166	0.83180				2
2024.11.08	00:42:00.167	0.83180				2
2024.11.08	00:42:06.708		0.83225			4
2024.11.08	00:42:07.078		0.83226			4
2024.11.08	00:42:29.722	0.83181				2
2024.11.08	00:42:42.714	0.83180				2
2024.11.08	00:42:52.475	0.83181	0.83225			6
2024.11.08	00:42:55.224		0.83221			4
2024.11.08	00:42:56.887		0.83222			4
2024.11.08	00:42:57.321		0.83220			4
2024.11.08	00:42:57.822		0.83222			4
2024.11.08	00:42:58.353		0.83221			4
2024.11.08	00:43:01.942	0.83181				2
2024.11.08	00:43:02.243		0.83220			4
2024.11.08	00:43:02.780		0.83219			4
2024.11.08	00:43:04.250		0.83220			4
2024.11.08	00:43:06.191		0.83219			4
2024.11.08	00:43:07.834		0.83220			4
2024.11.08	00:43:10.758		0.83222			4
2024.11.08	00:43:11.690		0.83221			4
2024.11.08	00:43:15.380		0.83222			4
2024.11.08	00:43:15.778		0.83221			4
2024.11.08	00:43:18.809		0.83226			4
2024.11.08	00:43:20.053		0.83221			4
2024.11.08	00:43:21.370		0.83222			4
2024.11.08	00:43:21.922		0.83226			4
2024.11.08	00:43:30.451		0.83221			4
2024.11.08	00:43:30.937		0.83220			4
2024.11.08	00:43:34.204		0.83226			4
2024.11.08	00:43:51.151		0.83219			4
2024.11.08	00:43:54.064		0.83226			4
2024.11.08	00:43:54.391		0.83220			4
2024.11.08	00:43:54.699		0.83226			4
2024.11.08	00:44:00.252	0.83181				2
2024.11.08	00:44:18.334		0.83224			4
2024.11.08	00:44:24.666		0.83223			4
2024.11.08	00:44:28.444	0.83180	0.83225			6
2024.11.08	00:44:28.810		0.83224			4
2024.11.08	00:44:30.296	0.83181				2
2024.11.08	00:44:30.700		0.83220			4
2024.11.08	00:44:32.825		0.83223			4
2024.11.08	00:44:33.573		0.83224			4
2024.11.08	00:44:37.420		0.83223			4
2024.11.08	00:44:37.723	0.83180	0.83221			6
2024.11.08	00:44:38.040		0.83223			4
2024.11.08	00:44:38.402		0.83221			4
2024.11.08	00:44:38.738		0.83226			4
2024.11.08	00:44:42.932		0.83224			4
2024.11.08	00:44:43.457	0.83181				2
2024.11.08	00:44:44.987		0.83226			4
2024.11.08	00:44:48.741		0.83219			4
2024.11.08	00:44:52.971		0.83223			4
2024.11.08	00:44:53.763		0.83222			4
2024.11.08	00:44:54.833		0.83223			4
2024.11.08	00:44:55.288		0.83219			4
2024.11.08	00:44:56.814		0.83222			4
2024.11.08	00:44:58.074		0.83219			4
2024.11.08	00:44:58.824	0.83180	0.83222			6
2024.11.08	00:45:00.690	0.83180				2
2024.11.08	00:45:01.075	0.83181				2
2024.11.08	00:45:02.052	0.83180	0.83204			6
2024.11.08	00:45:04.184	0.83181	0.83224			6
2024.11.08	00:45:11.256	0.83180				2
2024.11.08	00:45:16.771		0.83222			4
2024.11.08	00:45:19.746		0.83223			4
2024.11.08	00:45:25.182		0.83226			4
2024.11.08	00:45:25.724		0.83222			4
2024.11.08	00:45:27.902		0.83226			4
2024.11.08	00:45:29.743		0.83221			4
2024.11.08	00:45:31.360		0.83220			4
2024.11.08	00:45:34.132		0.83217			4
2024.11.08	00:45:36.735		0.83218			4
2024.11.08	00:45:37.387		0.83219			4
2024.11.08	00:45:39.665		0.83223			4
2024.11.08	00:45:41.312		0.83222			4
2024.11.08	00:45:44.683		0.83225			4
2024.11.08	00:45:45.741		0.83223			4
2024.11.08	00:45:46.084		0.83219			4
2024.11.08	00:45:46.675		0.83218			4
2024.11.08	00:45:48.571		0.83222			4
2024.11.08	00:45:50.166		0.83219			4
2024.11.08	00:45:50.812	0.83181	0.83223			6
2024.11.08	00:45:52.697		0.83224			4
2024.11.08	00:45:54.291	0.83180	0.83223			6
2024.11.08	00:46:00.260	0.83180	0.83224			6
2024.11.08	00:46:04.830		0.83225			4
2024.11.08	00:46:10.055		0.83220			4
2024.11.08	00:46:15.557		0.83222			4
2024.11.08	00:46:21.838	0.83179	0.83216			6
2024.11.08	00:46:22.248	0.83180	0.83215			6
2024.11.08	00:46:24.096	0.83179				2
2024.11.08	00:46:27.118		0.83216			4
2024.11.08	00:46:28.145		0.83215			4
2024.11.08	00:46:28.748		0.83216			4
2024.11.08	00:46:29.487	0.83180	0.83215			6
2024.11.08	00:46:29.800	0.83181	0.83214			6
2024.11.08	00:46:30.229		0.83213			4
2024.11.08	00:46:33.117		0.83214			4
2024.11.08	00:46:34.535	0.83182	0.83213			6
2024.11.08	00:46:38.612	0.83181				2
2024.11.08	00:46:39.316	0.83180	0.83203			6
2024.11.08	00:46:41.084	0.83175	0.83200			6
2024.11.08	00:46:41.388	0.83179	0.83202			6
2024.11.08	00:47:00.235	0.83179				2
2024.11.08	00:47:02.152	0.83176	0.83204			6
2024.11.08	00:47:03.647		0.83203			4
2024.11.08	00:47:04.175	0.83179	0.83202			6
2024.11.08	00:47:13.247	0.83178	0.83200			6
2024.11.08	00:47:24.819	0.83177				2
2024.11.08	00:47:49.125		0.83196			4
2024.11.08	00:47:51.616		0.83200			4
2024.11.08	00:48:00.049	0.83177				2
2024.11.08	00:48:21.496		0.83201			4
2024.11.08	00:48:29.857		0.83200			4
2024.11.08	00:48:40.028	0.83178				2
2024.11.08	00:49:00.692	0.83178				2
2024.11.08	00:49:16.451	0.83177				2
2024.11.08	00:49:30.804		0.83200			4
2024.11.08	00:50:08.048	0.83177				2
2024.11.08	00:50:36.459		0.83200			4
2024.11.08	00:50:53.425		0.83205			4
2024.11.08	00:51:00.001	0.83178	0.83204			6
2024.11.08	00:51:49.163	0.83177	0.83210			6
2024.11.08	00:51:49.842	0.83179	0.83208			6
2024.11.08	00:51:54.019	0.83178	0.83200			6
2024.11.08	00:51:54.327		0.83201			4
2024.11.08	00:52:07.045	0.83178				2
2024.11.08	00:52:20.127		0.83200			4
2024.11.08	00:52:25.498		0.83201			4
2024.11.08	00:52:42.690	0.83175	0.83197			6
2024.11.08	00:52:43.438	0.83176	0.83198			6
2024.11.08	00:52:59.899	0.83177	0.83200			6
2024.11.08	00:53:01.084	0.83177				2
2024.11.08	00:53:24.603	0.83174	0.83201			6
2024.11.08	00:53:26.632	0.83177	0.83200			6
2024.11.08	00:54:00.768	0.83177				2
2024.11.08	00:54:11.700	0.83178	0.83199			6
2024.11.08	00:54:31.277	0.83177	0.83200			6
2024.11.08	00:55:00.004	0.83177				2
2024.11.08	00:55:04.531	0.83178	0.83199			6
2024.11.08	00:55:28.450		0.83200			4
2024.11.08	00:55:29.904	0.83177				2
2024.11.08	00:55:34.780	0.83175	0.83202			6
2024.11.08	00:55:40.346	0.83177	0.83200			6
2024.11.08	00:55:41.279	0.83176	0.83201			6
2024.11.08	00:55:47.059	0.83172	0.83194			6
2024.11.08	00:55:57.562		0.83195			4
2024.11.08	00:56:03.016	0.83172				2
2024.11.08	00:56:09.722	0.83171				2
2024.11.08	00:56:10.575	0.83172				2
2024.11.08	00:56:13.531	0.83171	0.83194			6
2024.11.08	00:56:19.580	0.83170	0.83195			6
2024.11.08	00:56:19.950	0.83171				2
2024.11.08	00:56:20.588		0.83196			4
2024.11.08	00:56:20.923	0.83170	0.83197			6
2024.11.08	00:56:21.306	0.83171				2
2024.11.08	00:56:21.854	0.83173				2
2024.11.08	00:56:29.468	0.83172	0.83195			6
2024.11.08	00:56:34.451	0.83171	0.83194			6
2024.11.08	00:56:36.423		0.83195			4
2024.11.08	00:56:37.457	0.83170	0.83194			6
2024.11.08	00:56:38.953		0.83193			4
2024.11.08	00:56:41.680	0.83169	0.83192			6
2024.11.08	00:56:44.364	0.83168	0.83191			6
2024.11.08	00:56:45.739	0.83169	0.83192			6
2024.11.08	00:56:46.401	0.83170	0.83193			6
2024.11.08	00:56:50.587		0.83194			4
2024.11.08	00:56:54.258	0.83167	0.83191			6
2024.11.08	00:56:55.741		0.83190			4
2024.11.08	00:57:00.820	0.83167				2
2024.11.08	00:57:08.334	0.83165	0.83189			6
2024.11.08	00:57:28.590	0.83164	0.83190			6
2024.11.08	00:57:29.981	0.83165	0.83191			6
2024.11.08	00:57:34.807	0.83166	0.83190			6
2024.11.08	00:57:45.853	0.83165	0.83189			6
2024.11.08	00:57:50.614	0.83166				2
2024.11.08	00:57:51.459	0.83165	0.83190			6
2024.11.08	00:57:52.101	0.83166	0.83189			6
2024.11.08	00:57:56.803	0.83164	0.83191			6
2024.11.08	00:57:57.166	0.83161	0.83193			6
2024.11.08	00:57:58.278	0.83162	0.83194			6
2024.11.08	00:57:58.713	0.83163				2
2024.11.08	00:58:00.005	0.83164				2
2024.11.08	00:58:01.715		0.83195			4
2024.11.08	00:58:03.756	0.83163				2
2024.11.08	00:58:04.777	0.83164				2
2024.11.08	00:58:05.101	0.83165	0.83194			6
2024.11.08	00:58:07.116	0.83164	0.83195			6
2024.11.08	00:58:10.719	0.83167	0.83192			6
2024.11.08	00:58:13.291		0.83190			4
2024.11.08	00:58:23.655	0.83168	0.83191			6
2024.11.08	00:58:28.592	0.83167				2
2024.11.08	00:58:34.458		0.83190			4
2024.11.08	00:58:54.488	0.83163	0.83195			6
2024.11.08	00:59:00.808	0.83163				2
2024.11.08	00:59:06.455	0.83162				2
2024.11.08	00:59:14.963	0.83163				2
2024.11.08	00:59:16.145	0.83165				2
2024.11.08	00:59:24.786	0.83164				2
2024.11.08	00:59:28.303	0.83166				2
2024.11.08	00:59:33.108	0.83167				2
2024.11.08	00:59:33.942	0.83169	0.83194			6
2024.11.08	00:59:38.301	0.83171				2
2024.11.08	00:59:43.313	0.83172				2
2024.11.08	00:59:50.748	0.83171	0.83196			6
2024.11.08	00:59:51.093	0.83176	0.83197			6
2024.11.08	00:59:51.402	0.83175	0.83198			6
2024.11.08	00:59:51.730	0.83176				2
2024.11.08	00:59:52.118	0.83175	0.83197			6
2024.11.08	00:59:53.226	0.83171	0.83199			6
2024.11.08	00:59:55.291	0.83175	0.83200			6
2024.11.08	00:59:58.533	0.83176	0.83199			6
2024.11.08	01:00:00.311	0.83170	0.83206			6
2024.11.08	01:00:00.628	0.83171	0.83193			6
2024.11.08	01:00:01.850	0.83172	0.83194			6
2024.11.08	01:00:02.509	0.83178	0.83192			6
2024.11.08	01:00:03.077	0.83179				2
2024.11.08	01:00:03.772	0.83180				2
2024.11.08	01:00:04.372	0.83175	0.83198			6
2024.11.08	01:00:05.485		0.83197			4
2024.11.08	01:00:07.363	0.83174	0.83198			6
2024.11.08	01:00:08.889	0.83175	0.83197			6
2024.11.08	01:00:09.601	0.83174	0.83198			6
2024.11.08	01:00:10.382	0.83182				2
2024.11.08	01:00:12.298	0.83181	0.83197			6
2024.11.08	01:00:12.657	0.83180	0.83196			6
2024.11.08	01:00:14.163	0.83179	0.83195			6
2024.11.08	01:00:14.524	0.83186	0.83196			6
2024.11.08	01:00:14.843	0.83187				2
2024.11.08	01:00:16.319		0.83198			4
2024.11.08	01:00:16.769	0.83193				2
2024.11.08	01:00:17.071	0.83192	0.83195			6
2024.11.08	01:00:17.505		0.83196			4
2024.11.08	01:00:17.824	0.83189	0.83195			6
2024.11.08	01:00:18.126	0.83185	0.83194			6
2024.11.08	01:00:18.450		0.83192			4
2024.11.08	01:00:18.762		0.83191			4
2024.11.08	01:00:19.156	0.83178	0.83190			6
2024.11.08	01:00:20.691		0.83194			4
2024.11.08	01:00:21.636		0.83190			4
2024.11.08	01:00:25.410	0.83177	0.83191			6
2024.11.08	01:00:26.393	0.83176	0.83190			6
2024.11.08	01:00:26.704		0.83188			4
2024.11.08	01:00:27.050		0.83189			4
2024.11.08	01:00:29.249		0.83190			4
2024.11.08	01:00:29.566		0.83191			4
2024.11.08	01:00:29.925		0.83190			4
2024.11.08	01:00:30.734	0.83175	0.83191			6
2024.11.08	01:00:31.039	0.83178	0.83192			6
2024.11.08	01:00:33.562		0.83191			4
2024.11.08	01:00:45.192	0.83175				2
2024.11.08	01:00:46.337	0.83174				2
2024.11.08	01:00:47.770	0.83175	0.83190			6
2024.11.08	01:00:57.400	0.83178	0.83192			6
2024.11.08	01:01:00.324	0.83181				2
2024.11.08	01:01:01.074	0.83180				2
2024.11.08	01:01:01.513	0.83179				2
2024.11.08	01:01:02.132	0.83178				2
2024.11.08	01:01:02.810	0.83180				2
2024.11.08	01:01:03.771	0.83178				2
2024.11.08	01:01:04.143	0.83179				2
2024.11.08	01:01:04.478	0.83178				2
2024.11.08	01:01:07.571	0.83179				2
2024.11.08	01:01:07.955	0.83180				2
2024.11.08	01:01:12.719	0.83179				2
2024.11.08	01:01:14.392	0.83180				2
2024.11.08	01:01:15.782	0.83178				2
2024.11.08	01:01:17.361	0.83177	0.83191			6
2024.11.08	01:01:18.165	0.83176	0.83186			6
2024.11.08	01:01:18.484	0.83172				2
2024.11.08	01:01:20.458		0.83185			4
2024.11.08	01:01:28.124	0.83171	0.83184			6
2024.11.08	01:01:28.471		0.83183			4
2024.11.08	01:01:29.967		0.83184			4
2024.11.08	01:01:31.817	0.83173	0.83185			6
2024.11.08	01:01:37.505	0.83174				2
2024.11.08	01:01:38.468	0.83173				2
2024.11.08	01:01:39.130	0.83174				2
2024.11.08	01:01:39.726	0.83175				2
2024.11.08	01:01:40.227	0.83174				2
2024.11.08	01:01:40.776	0.83175				2
2024.11.08	01:01:42.087	0.83173				2
2024.11.08	01:01:42.573	0.83174				2
2024.11.08	01:01:44.383	0.83175				2
2024.11.08	01:01:44.802	0.83174	0.83186			6
2024.11.08	01:01:45.185	0.83173	0.83185			6
2024.11.08	01:01:45.519	0.83174	0.83186			6
2024.11.08	01:01:46.347	0.83175				2
2024.11.08	01:01:46.724	0.83172	0.83185			6
2024.11.08	01:01:47.289	0.83173				2
2024.11.08	01:01:47.978		0.83186			4
2024.11.08	01:01:48.719	0.83174				2
2024.11.08	01:01:49.623		0.83185			4
2024.11.08	01:01:54.026	0.83173	0.83184			6
2024.11.08	01:01:54.590		0.83183			4
2024.11.08	01:01:59.674	0.83174	0.83181			6
2024.11.08	01:02:00.031	0.83174				2
2024.11.08	01:02:05.898		0.83180			4
2024.11.08	01:02:14.783	0.83173				2
2024.11.08	01:02:15.855	0.83172				2
2024.11.08	01:02:19.159	0.83173				2
2024.11.08	01:02:20.473		0.83179			4
2024.11.08	01:02:21.856	0.83172				2
2024.11.08	01:02:22.607	0.83174	0.83178			6
2024.11.08	01:02:22.948	0.83173	0.83179			6
2024.11.08	01:03:00.418	0.83173				2
2024.11.08	01:03:08.958	0.83174				2
2024.11.08	01:03:16.154	0.83173				2
2024.11.08	01:03:18.074	0.83174				2
2024.11.08	01:03:18.962	0.83175	0.83181			6
2024.11.08	01:03:19.268	0.83177	0.83182			6
2024.11.08	01:03:20.065	0.83178	0.83183			6
2024.11.08	01:03:41.808	0.83177	0.83182			6
2024.11.08	01:03:54.278	0.83174	0.83179			6
2024.11.08	01:03:59.020	0.83175	0.83181			6
2024.11.08	01:04:00.394	0.83175				2
2024.11.08	01:04:01.588	0.83177	0.83182			6
2024.11.08	01:04:03.379	0.83178	0.83183			6
2024.11.08	01:04:15.776	0.83177				2
2024.11.08	01:04:20.707	0.83180	0.83187			6
2024.11.08	01:04:22.804	0.83177	0.83183			6
2024.11.08	01:04:38.575	0.83178	0.83184			6
2024.11.08	01:04:52.454	0.83177	0.83180			6
2024.11.08	01:04:52.766	0.83176	0.83179			6
2024.11.08	01:04:53.254		0.83181			4
2024.11.08	01:04:53.659	0.83177				2
2024.11.08	01:04:56.297	0.83176				2
2024.11.08	01:04:56.601	0.83177	0.83183			6
2024.11.08	01:04:56.908	0.83180	0.83185			6
2024.11.08	01:05:00.954	0.83180	0.83183			6
2024.11.08	01:05:08.356	0.83174	0.83178			6
2024.11.08	01:05:09.527	0.83179	0.83182			6
2024.11.08	01:05:18.550	0.83178	0.83180			6
2024.11.08	01:05:19.173	0.83177				2
2024.11.08	01:05:22.193	0.83176				2
2024.11.08	01:05:28.174	0.83174	0.83177			6
2024.11.08	01:05:29.020	0.83175	0.83179			6
2024.11.08	01:05:32.678		0.83180			4
2024.11.08	01:05:34.770		0.83179			4
2024.11.08	01:05:40.905	0.83171	0.83173			6
2024.11.08	01:05:45.652		0.83175			4
2024.11.08	01:06:01.355	0.83169	0.83173			6
2024.11.08	01:06:12.692		0.83172			4
2024.11.08	01:06:14.457	0.83172	0.83174			6
2024.11.08	01:06:49.566	0.83173	0.83175			6
2024.11.08	01:06:50.350	0.83174	0.83176			6
2024.11.08	01:06:50.675	0.83173	0.83175			6
2024.11.08	01:06:51.085	0.83174	0.83176			6
2024.11.08	01:06:56.662		0.83175			4
2024.11.08	01:06:59.254	0.83173				2
2024.11.08	01:07:02.059	0.83173				2
2024.11.08	01:07:04.220	0.83174				2
2024.11.08	01:07:12.823		0.83176			4
2024.11.08	01:07:20.030	0.83175				2
2024.11.08	01:07:24.235	0.83174				2
2024.11.08	01:07:29.556	0.83170	0.83173			6
2024.11.08	01:07:32.494		0.83174			4
2024.11.08	01:07:34.541	0.83172				2
2024.11.08	01:07:34.852		0.83173			4
2024.11.08	01:07:35.351	0.83170	0.83171			6
2024.11.08	01:07:36.490		0.83172			4
2024.11.08	01:07:44.325	0.83171	0.83173			6
2024.11.08	01:07:51.643	0.83172	0.83174			6
2024.11.08	01:07:53.860		0.83175			4
2024.11.08	01:07:54.303	0.83170	0.83174			6
2024.11.08	01:08:00.243	0.83170				2
2024.11.08	01:08:06.253	0.83173				2
2024.11.08	01:08:20.755	0.83172	0.83173			6
2024.11.08	01:08:21.250	0.83170	0.83171			6
2024.11.08	01:08:22.628	0.83166	0.83170			6
2024.11.08	01:08:30.853	0.83167				2
2024.11.08	01:08:31.165	0.83168				2
2024.11.08	01:08:31.884	0.83170	0.83171			6
2024.11.08	01:08:36.620	0.83171	0.83172			6
2024.11.08	01:08:40.556	0.83168	0.83171			6
2024.11.08	01:08:47.667	0.83172	0.83173			6
2024.11.08	01:08:47.988	0.83173	0.83174			6
2024.11.08	01:08:49.394	0.83172	0.83173			6
2024.11.08	01:08:49.716		0.83174			4
2024.11.08	01:08:52.071	0.83173				2
2024.11.08	01:08:53.291	0.83172				2
2024.11.08	01:08:55.002	0.83171	0.83173			6
2024.11.08	01:09:00.853	0.83171				2
2024.11.08	01:09:08.803		0.83172			4
2024.11.08	01:09:19.034		0.83173			4
2024.11.08	01:09:25.064	0.83169	0.83172			6
2024.11.08	01:09:26.925	0.83171				2
2024.11.08	01:09:28.754	0.83170				2
2024.11.08	01:09:38.561	0.83169	0.83173			6
2024.11.08	01:09:44.388	0.83171	0.83172			6
2024.11.08	01:09:47.085	0.83170				2
2024.11.08	01:09:51.326	0.83172	0.83174			6
2024.11.08	01:09:54.709	0.83171				2
2024.11.08	01:09:57.081		0.83175			4
2024.11.08	01:10:00.242	0.83173	0.83174			6
2024.11.08	01:10:01.096	0.83170	0.83172			6
2024.11.08	01:10:01.598	0.83172	0.83173			6
2024.11.08	01:10:04.158		0.83174			4
2024.11.08	01:10:04.494		0.83173			4
2024.11.08	01:10:05.612	0.83174	0.83175			6
2024.11.08	01:10:05.922	0.83173				2
2024.11.08	01:10:16.499	0.83175	0.83176			6
2024.11.08	01:10:16.808	0.83177	0.83179			6
2024.11.08	01:10:17.111	0.83179	0.83180			6
2024.11.08	01:10:21.510	0.83178				2
2024.11.08	01:10:24.216	0.83179				2
2024.11.08	01:10:29.580	0.83178				2
2024.11.08	01:10:29.916		0.83179			4
2024.11.08	01:10:32.582		0.83180			4
2024.11.08	01:10:36.515	0.83179				2
2024.11.08	01:10:41.255	0.83178	0.83179			6
2024.11.08	01:10:51.690	0.83179	0.83180			6
2024.11.08	01:11:00.352	0.83179				2
2024.11.08	01:11:04.447		0.83181			4
2024.11.08	01:11:06.466	0.83178	0.83180			6
2024.11.08	01:11:09.097	0.83179	0.83181			6
2024.11.08	01:11:14.626	0.83180	0.83182			6
2024.11.08	01:11:17.475	0.83182	0.83183			6
2024.11.08	01:11:18.953	0.83178	0.83179			6
2024.11.08	01:11:21.356	0.83174	0.83176			6
2024.11.08	01:11:22.675	0.83175				2
2024.11.08	01:11:24.121		0.83177			4
2024.11.08	01:11:26.697	0.83176	0.83180			6
2024.11.08	01:11:28.350	0.83178				2
2024.11.08	01:11:38.413	0.83179	0.83181			6
2024.11.08	01:11:40.489	0.83180				2
2024.11.08	01:11:42.776		0.83182			4
2024.11.08	01:11:44.650		0.83181			4
2024.11.08	01:11:48.591	0.83181	0.83182			6
2024.11.08	01:11:49.129		0.83183			4
2024.11.08	01:11:51.258	0.83180	0.83181			6
2024.11.08	01:11:57.575	0.83178	0.83179			6
2024.11.08	01:12:00.934	0.83179	0.83180			6
2024.11.08	01:12:01.263	0.83178	0.83179			6
2024.11.08	01:12:06.714		0.83182			4
2024.11.08	01:12:17.877		0.83181			4
2024.11.08	01:12:21.537		0.83182			4
2024.11.08	01:12:22.971		0.83181			4
2024.11.08	01:12:24.403		0.83182			4
2024.11.08	01:12:24.974		0.83181			4
2024.11.08	01:12:30.175		0.83182			4
2024.11.08	01:12:36.357		0.83181			4
2024.11.08	01:12:37.540		0.83182			4
2024.11.08	01:12:38.372	0.83179	0.83180			6
2024.11.08	01:12:46.277	0.83178				2
2024.11.08	01:12:46.584	0.83179				2
2024.11.08	01:12:48.454		0.83181			4
2024.11.08	01:13:00.360	0.83179				2
2024.11.08	01:13:01.596	0.83181	0.83184			6
2024.11.08	01:13:01.934	0.83182				2
2024.11.08	01:13:14.316		0.83185			4
2024.11.08	01:13:19.680		0.83184			4
2024.11.08	01:13:46.398	0.83183				2
2024.11.08	01:13:54.809	0.83182	0.83185			6
2024.11.08	01:13:55.295	0.83183				2
2024.11.08	01:13:56.283	0.83182				2
2024.11.08	01:14:01.057	0.83182				2
2024.11.08	01:14:01.413	0.83183				2
2024.11.08	01:14:23.597	0.83184				2
2024.11.08	01:14:23.940		0.83186			4
2024.11.08	01:14:24.248		0.83187			4
2024.11.08	01:14:24.559	0.83185				2
2024.11.08	01:14:32.062		0.83186			4
2024.11.08	01:14:35.541	0.83184	0.83185			6
2024.11.08	01:14:44.643	0.83185	0.83186			6
2024.11.08	01:14:52.611	0.83183				2
2024.11.08	01:14:52.926	0.83182	0.83184			6
2024.11.08	01:14:57.729		0.83185			4
2024.11.08	01:14:58.381	0.83183				2
2024.11.08	01:15:00.021	0.83183				2
2024.11.08	01:15:00.379		0.83184			4
2024.11.08	01:15:20.978		0.83185			4
2024.11.08	01:15:21.669		0.83186			4
2024.11.08	01:15:23.362		0.83185			4
2024.11.08	01:15:23.687	0.83184	0.83186			6
2024.11.08	01:15:24.501	0.83182	0.83184			6
2024.11.08	01:15:45.640	0.83183				2
2024.11.08	01:15:46.582		0.83185			4
2024.11.08	01:15:52.604	0.83182	0.83184			6
2024.11.08	01:15:53.592		0.83185			4
2024.11.08	01:15:56.353	0.83183				2
2024.11.08	01:15:59.095		0.83186			4
2024.11.08	01:16:01.400	0.83183				2
2024.11.08	01:16:03.312		0.83185			4
2024.11.08	01:16:04.625	0.83185	0.83186			6
2024.11.08	01:16:08.740	0.83187	0.83190			6
2024.11.08	01:16:26.833	0.83190	0.83191			6
2024.11.08	01:16:27.412		0.83192			4
2024.11.08	01:16:36.609	0.83189	0.83191			6
2024.11.08	01:16:51.352	0.83188				2
2024.11.08	01:16:52.502	0.83189				2
2024.11.08	01:17:00.347	0.83189	0.83192			6
2024.11.08	01:17:00.803		0.83191			4
2024.11.08	01:17:02.688		0.83192			4
2024.11.08	01:17:02.989		0.83191			4
2024.11.08	01:17:05.323	0.83190	0.83192			6
2024.11.08	01:17:09.348	0.83189	0.83193			6
2024.11.08	01:17:09.724		0.83192			4
2024.11.08	01:17:26.342	0.83190				2
2024.11.08	01:17:26.648	0.83192	0.83193			6
2024.11.08	01:17:27.053	0.83191				2
2024.11.08	01:17:46.346	0.83193	0.83194			6
2024.11.08	01:17:50.452		0.83195			4
2024.11.08	01:18:01.636	0.83193				2
2024.11.08	01:18:11.813	0.83194	0.83196			6
2024.11.08	01:18:15.973	0.83192	0.83195			6
2024.11.08	01:18:16.679	0.83193	0.83196			6
2024.11.08	01:18:20.493		0.83195			4
2024.11.08	01:18:22.145		0.83196			4
2024.11.08	01:18:31.341		0.83195			4
2024.11.08	01:18:32.694	0.83192				2
2024.11.08	01:18:35.303	0.83191	0.83193			6
2024.11.08	01:18:42.573	0.83189	0.83191			6
2024.11.08	01:18:44.593	0.83190	0.83192			6
2024.11.08	01:18:44.917	0.83191				2
2024.11.08	01:18:46.302	0.83190				2
2024.11.08	01:18:52.595		0.83193			4
2024.11.08	01:18:58.183		0.83192			4
2024.11.08	01:19:00.808	0.83190				2
2024.11.08	01:19:11.618	0.83191				2
2024.11.08	01:19:16.713	0.83190				2
2024.11.08	01:19:19.758	0.83189	0.83191			6
2024.11.08	01:19:35.196		0.83190			4
2024.11.08	01:19:37.447	0.83184	0.83189			6
2024.11.08	01:19:38.348		0.83188			4
2024.11.08	01:19:38.656	0.83183				2
2024.11.08	01:19:39.017	0.83184				2
2024.11.08	01:19:44.310	0.83185	0.83189			6
2024.11.08	01:19:44.622		0.83188			4
2024.11.08	01:19:45.141		0.83189			4
2024.11.08	01:19:49.618	0.83186	0.83188			6
2024.11.08	01:19:54.594	0.83189	0.83190			6
2024.11.08	01:19:57.675	0.83188				2
2024.11.08	01:20:00.318	0.83189				2
2024.11.08	01:20:03.568		0.83192			4
2024.11.08	01:20:10.597	0.83191				2
2024.11.08	01:20:13.303	0.83185	0.83190			6
2024.11.08	01:20:13.612	0.83187				2
2024.11.08	01:20:14.355		0.83189			4
2024.11.08	01:20:19.853	0.83189	0.83191			6
2024.11.08	01:20:23.059	0.83190				2
2024.11.08	01:20:24.742	0.83189				2
2024.11.08	01:20:33.376	0.83188				2
2024.11.08	01:20:35.035	0.83189	0.83192			6
2024.11.08	01:20:40.388	0.83191	0.83193			6
2024.11.08	01:20:56.607	0.83192	0.83196			6
2024.11.08	01:20:57.114	0.83193				2
2024.11.08	01:21:03.003	0.83193				2
2024.11.08	01:21:04.172	0.83191	0.83195			6
2024.11.08	01:21:04.482	0.83192				2
2024.11.08	01:21:07.460	0.83193	0.83196			6
2024.11.08	01:21:12.013	0.83191	0.83195			6
2024.11.08	01:21:12.348	0.83190	0.83194			6
2024.11.08	01:21:22.809	0.83191				2
2024.11.08	01:21:23.370		0.83193			4
2024.11.08	01:21:29.020	0.83190				2
2024.11.08	01:21:32.488	0.83189	0.83192			6
2024.11.08	01:21:33.891		0.83193			4
2024.11.08	01:21:36.321		0.83192			4
2024.11.08	01:21:37.588	0.83190	0.83193			6
2024.11.08	01:21:38.461	0.83189	0.83192			6
2024.11.08	01:21:49.817		0.83193			4
2024.11.08	01:21:55.314	0.83188	0.83192			6
2024.11.08	01:21:57.613	0.83186	0.83188			6
2024.11.08	01:22:00.001	0.83186				2
2024.11.08	01:22:19.557	0.83188	0.83190			6
2024.11.08	01:22:21.463	0.83186	0.83188			6
2024.11.08	01:22:22.052	0.83187				2
2024.11.08	01:22:25.482		0.83190			4
2024.11.08	01:22:26.285	0.83186	0.83191			6
2024.11.08	01:22:28.348	0.83185				2
2024.11.08	01:22:29.691	0.83186				2
2024.11.08	01:22:32.962		0.83192			4
2024.11.08	01:22:36.586		0.83191			4
2024.11.08	01:22:39.841	0.83187				2
2024.11.08	01:22:47.873		0.83192			4
2024.11.08	01:22:49.761	0.83188				2
2024.11.08	01:22:51.141		0.83193			4
2024.11.08	01:22:53.681		0.83192			4
2024.11.08	01:22:55.135		0.83191			4
2024.11.08	01:23:00.256	0.83188	0.83192			6
2024.11.08	01:23:05.771	0.83189				2
2024.11.08	01:23:20.206	0.83188				2
2024.11.08	01:23:30.880	0.83189				2
2024.11.08	01:23:40.367		0.83193			4
2024.11.08	01:23:43.001	0.83187	0.83191			6
2024.11.08	01:23:44.602	0.83188				2
2024.11.08	01:23:45.031	0.83187	0.83190			6
2024.11.08	01:23:45.373		0.83191			4
2024.11.08	01:23:54.366	0.83188				2
2024.11.08	01:23:58.454	0.83189				2
2024.11.08	01:24:00.483	0.83189	0.83192			6
2024.11.08	01:25:00.198	0.83189				2
2024.11.08	01:25:01.380		0.83192			4
2024.11.08	01:25:06.666	0.83190	0.83195			6
2024.11.08	01:25:10.455	0.83192				2
2024.11.08	01:25:10.761	0.83191				2
2024.11.08	01:25:11.127		0.83196			4
2024.11.08	01:25:12.695	0.83192				2
2024.11.08	01:25:15.152	0.83191				2
2024.11.08	01:25:16.142	0.83193				2
2024.11.08	01:25:53.613	0.83191				2
2024.11.08	01:26:00.230	0.83191				2
2024.11.08	01:26:02.798	0.83193	0.83197			6
2024.11.08	01:26:03.161	0.83192	0.83196			6
2024.11.08	01:26:14.601		0.83197			4
2024.11.08	01:26:15.219	0.83191	0.83196			6
2024.11.08	01:26:19.078		0.83194			4
2024.11.08	01:26:19.562		0.83193			4
2024.11.08	01:26:33.063	0.83192	0.83195			6
2024.11.08	01:26:46.753	0.83193	0.83196			6
2024.11.08	01:26:58.626		0.83197			4
2024.11.08	01:27:02.578	0.83193				2
2024.11.08	01:27:15.321	0.83194				2
2024.11.08	01:27:59.409		0.83197			4
2024.11.08	01:28:01.183	0.83194				2
2024.11.08	01:28:08.609	0.83195	0.83198			6
2024.11.08	01:28:13.052		0.83197			4
2024.11.08	01:28:14.353	0.83194	0.83198			6
2024.11.08	01:28:14.665		0.83197			4
2024.11.08	01:28:23.995	0.83195	0.83198			6
2024.11.08	01:28:30.547		0.83199			4
2024.11.08	01:28:32.857		0.83198			4
2024.11.08	01:28:50.529		0.83199			4
2024.11.08	01:28:52.591	0.83197	0.83200			6
2024.11.08	01:28:52.891	0.83198	0.83201			6
2024.11.08	01:29:00.964	0.83198				2
2024.11.08	01:29:03.580	0.83195	0.83199			6
2024.11.08	01:29:03.889	0.83196	0.83200			6
2024.11.08	01:29:19.833	0.83197				2
2024.11.08	01:29:23.596	0.83198	0.83201			6
2024.11.08	01:29:26.798	0.83196	0.83200			6
2024.11.08	01:29:27.262		0.83199			4
2024.11.08	01:29:31.986	0.83197	0.83200			6
2024.11.08	01:29:34.596	0.83198	0.83201			6
2024.11.08	01:29:37.669	0.83197				2
2024.11.08	01:29:44.337		0.83200			4
2024.11.08	01:29:50.352	0.83195	0.83198			6
2024.11.08	01:29:50.767	0.83196	0.83200			6
2024.11.08	01:29:54.589		0.83201			4
2024.11.08	01:29:55.965		0.83200			4
2024.11.08	01:30:00.314	0.83196	0.83199			6
2024.11.08	01:30:01.156	0.83192	0.83195			6
2024.11.08	01:30:01.920	0.83191	0.83196			6
2024.11.08	01:30:04.321	0.83192	0.83195			6
2024.11.08	01:30:05.243	0.83191	0.83194			6
2024.11.08	01:30:05.656		0.83195			4
2024.11.08	01:30:06.257	0.83192				2
2024.11.08	01:30:11.398	0.83191	0.83194			6
2024.11.08	01:30:22.579	0.83189	0.83192			6
2024.11.08	01:30:23.436	0.83188				2
2024.11.08	01:30:24.564		0.83190			4
2024.11.08	01:30:24.883		0.83191			4
2024.11.08	01:30:28.139	0.83189	0.83192			6
2024.11.08	01:30:41.011	0.83190	0.83193			6
2024.11.08	01:30:43.154		0.83192			4
2024.11.08	01:30:44.325		0.83193			4
2024.11.08	01:30:56.342	0.83189	0.83192			6
2024.11.08	01:30:56.912		0.83193			4
2024.11.08	01:31:03.469	0.83190				2
2024.11.08	01:31:06.850	0.83189	0.83192			6
2024.11.08	01:31:07.466	0.83188	0.83191			6
2024.11.08	01:31:08.216	0.83189	0.83192			6
2024.11.08	01:31:09.427	0.83190				2
2024.11.08	01:31:11.766	0.83189				2
2024.11.08	01:31:13.370	0.83188	0.83190			6
2024.11.08	01:31:28.178	0.83187	0.83192			6
2024.11.08	01:31:35.191	0.83188				2
2024.11.08	01:31:46.608		0.83191			4
2024.11.08	01:31:48.966		0.83190			4
2024.11.08	01:31:56.272		0.83189			4
2024.11.08	01:32:00.251	0.83188				2
2024.11.08	01:32:02.655	0.83187				2
2024.11.08	01:32:03.557	0.83189	0.83191			6
2024.11.08	01:32:03.865	0.83184	0.83187			6
2024.11.08	01:32:04.254	0.83187	0.83188			6
2024.11.08	01:32:04.575	0.83186				2
2024.11.08	01:32:14.608	0.83188	0.83190			6
2024.11.08	01:32:15.661		0.83191			4
2024.11.08	01:32:31.371		0.83190			4
2024.11.08	01:32:34.762		0.83191			4
2024.11.08	01:32:35.781		0.83190			4
2024.11.08	01:32:50.335		0.83191			4
2024.11.08	01:32:51.949		0.83192			4
2024.11.08	01:32:53.846	0.83189	0.83191			6
2024.11.08	01:32:54.222		0.83190			4
2024.11.08	01:32:57.034		0.83191			4
2024.11.08	01:33:02.304	0.83189				2
2024.11.08	01:33:03.380		0.83190			4
2024.11.08	01:33:56.468	0.83188	0.83192			6
2024.11.08	01:34:03.978	0.83188				2
2024.11.08	01:34:06.338	0.83189	0.83191			6
2024.11.08	01:34:14.473		0.83190			4
2024.11.08	01:34:16.335	0.83190	0.83191			6
2024.11.08	01:34:21.477	0.83191	0.83192			6
2024.11.08	01:34:36.074		0.83193			4
2024.11.08	01:34:55.147		0.83192			4
2024.11.08	01:34:55.469		0.83193			4
2024.11.08	01:34:57.374		0.83192			4
2024.11.08	01:34:57.686	0.83190	0.83193			6
2024.11.08	01:34:58.037	0.83189	0.83192			6
2024.11.08	01:34:58.606	0.83190				2
2024.11.08	01:35:03.126	0.83190				2
2024.11.08	01:35:03.876	0.83189				2
2024.11.08	01:35:07.080	0.83190				2
2024.11.08	01:35:13.809		0.83191			4
2024.11.08	01:35:26.340		0.83192			4
2024.11.08	01:35:26.651	0.83191				2
2024.11.08	01:35:36.811	0.83190	0.83191			6
2024.11.08	01:35:37.354		0.83192			4
2024.11.08	01:35:57.248	0.83191	0.83193			6
2024.11.08	01:35:59.465		0.83194			4
2024.11.08	01:36:01.282	0.83191	0.83193			6
2024.11.08	01:36:02.302	0.83190				2
2024.11.08	01:36:06.518		0.83194			4
2024.11.08	01:36:22.650		0.83193			4
2024.11.08	01:37:00.469	0.83190				2
2024.11.08	01:37:12.559		0.83194			4
2024.11.08	01:37:16.757	0.83188	0.83191			6
2024.11.08	01:37:17.526		0.83192			4
2024.11.08	01:37:29.924	0.83189				2
2024.11.08	01:37:30.660		0.83191			4
2024.11.08	01:37:37.832	0.83188				2
2024.11.08	01:37:47.513		0.83192			4
2024.11.08	01:37:50.767		0.83191			4
2024.11.08	01:37:57.500		0.83192			4
2024.11.08	01:37:57.918		0.83191			4
2024.11.08	01:38:02.568	0.83188				2
2024.11.08	01:38:07.470		0.83192			4
2024.11.08	01:38:08.699		0.83190			4
2024.11.08	01:38:09.049	0.83187				2
2024.11.08	01:38:09.410	0.83188	0.83191			6
2024.11.08	01:38:12.928	0.83189				2
2024.11.08	01:38:13.865	0.83183	0.83188			6
2024.11.08	01:38:24.627	0.83184	0.83187			6
2024.11.08	01:38:24.977	0.83183				2
2024.11.08	01:38:28.925		0.83188			4
2024.11.08	01:38:32.481	0.83185	0.83189			6
2024.11.08	01:38:32.788	0.83187	0.83190			6
2024.11.08	01:38:33.100	0.83188				2
2024.11.08	01:38:37.461		0.83191			4
2024.11.08	01:38:42.161	0.83189				2
2024.11.08	01:38:45.630	0.83190	0.83194			6
2024.11.08	01:38:46.203	0.83191				2
2024.11.08	01:38:58.214		0.83193			4
2024.11.08	01:39:00.837	0.83191	0.83194			6
2024.11.08	01:39:09.502	0.83190	0.83193			6
2024.11.08	01:39:10.371		0.83194			4
2024.11.08	01:39:20.460	0.83191				2
2024.11.08	01:39:24.198	0.83190				2
2024.11.08	01:39:37.427	0.83189	0.83193			6
2024.11.08	01:39:37.775		0.83192			4
2024.11.08	01:39:38.809	0.83190				2
2024.11.08	01:39:39.117		0.83193			4
2024.11.08	01:39:50.454	0.83189	0.83194			6
2024.11.08	01:39:52.866	0.83190				2
2024.11.08	01:40:00.318	0.83190				2
2024.11.08	01:40:14.664		0.83193			4
2024.11.08	01:40:16.980	0.83189				2
2024.11.08	01:40:20.831		0.83192			4
2024.11.08	01:40:25.661		0.83193			4
2024.11.08	01:40:26.711	0.83190				2
2024.11.08	01:40:47.739		0.83192			4
2024.11.08	01:40:48.093		0.83193			4
2024.11.08	01:40:49.534	0.83189	0.83192			6
2024.11.08	01:40:50.428	0.83190	0.83193			6
2024.11.08	01:41:00.404	0.83190				2
2024.11.08	01:41:03.477		0.83194			4
2024.11.08	01:41:13.552	0.83191				2
2024.11.08	01:41:30.711	0.83192				2
2024.11.08	01:41:35.301		0.83195			4
2024.11.08	01:41:40.959	0.83191	0.83194			6
2024.11.08	01:42:01.753	0.83191				2
2024.11.08	01:42:19.639	0.83190	0.83193			6
2024.11.08	01:42:47.171	0.83189	0.83192			6
2024.11.08	01:42:49.575	0.83190	0.83193			6
2024.11.08	01:42:50.383	0.83189	0.83192			6
2024.11.08	01:42:51.242		0.83193			4
2024.11.08	01:42:53.492		0.83192			4
2024.11.08	01:43:00.808	0.83189				2
2024.11.08	01:43:54.634		0.83192			4
2024.11.08	01:44:01.906	0.83189				2
2024.11.08	01:44:05.876	0.83190				2
2024.11.08	01:44:08.087	0.83189				2
2024.11.08	01:44:14.725		0.83191			4
2024.11.08	01:44:17.272		0.83192			4
2024.11.08	01:44:30.470	0.83190	0.83193			6
2024.11.08	01:45:01.970	0.83190				2
2024.11.08	01:45:21.675		0.83194			4
2024.11.08	01:45:23.935		0.83193			4
2024.11.08	01:45:33.709		0.83194			4
2024.11.08	01:45:46.153		0.83193			4
2024.11.08	01:46:00.940	0.83190				2
2024.11.08	01:46:02.245	0.83186	0.83189			6
2024.11.08	01:46:02.700	0.83187	0.83190			6
2024.11.08	01:46:15.067	0.83188				2
2024.11.08	01:46:17.607		0.83191			4
2024.11.08	01:46:18.540		0.83190			4
2024.11.08	01:46:19.193		0.83191			4
2024.11.08	01:46:22.170		0.83190			4
2024.11.08	01:46:26.132	0.83187				2
2024.11.08	01:46:57.454	0.83184	0.83187			6
2024.11.08	01:47:00.142	0.83184				2
2024.11.08	01:47:01.026		0.83186			4
2024.11.08	01:47:07.944		0.83187			4
2024.11.08	01:47:10.108	0.83185	0.83188			6
2024.11.08	01:47:10.428	0.83184	0.83187			6
2024.11.08	01:47:10.757	0.83185				2
2024.11.08	01:47:11.070		0.83186			4
2024.11.08	01:47:11.427	0.83184	0.83187			6
2024.11.08	01:47:13.583	0.83181	0.83185			6
2024.11.08	01:47:17.800	0.83182	0.83184			6
2024.11.08	01:47:21.144	0.83181				2
2024.11.08	01:47:26.935		0.83183			4
2024.11.08	01:47:28.765		0.83184			4
2024.11.08	01:47:29.804		0.83183			4
2024.11.08	01:47:33.629	0.83180	0.83184			6
2024.11.08	01:47:33.978	0.83181	0.83183			6
2024.11.08	01:47:55.828		0.83184			4
2024.11.08	01:47:59.977		0.83183			4
2024.11.08	01:48:00.424	0.83181	0.83184			6
2024.11.08	01:48:01.253		0.83183			4
2024.11.08	01:48:04.409		0.83184			4
2024.11.08	01:48:06.322	0.83182				2
2024.11.08	01:48:10.381	0.83183	0.83185			6
2024.11.08	01:48:14.421	0.83181	0.83184			6
2024.11.08	01:48:15.175		0.83183			4
2024.11.08	01:48:15.531		0.83184			4
2024.11.08	01:48:16.352		0.83183			4
2024.11.08	01:48:20.509		0.83184			4
2024.11.08	01:48:26.988	0.83182				2
2024.11.08	01:48:32.592		0.83185			4
2024.11.08	01:48:33.483	0.83183				2
2024.11.08	01:48:37.699		0.83184			4
2024.11.08	01:48:46.450	0.83181	0.83183			6
2024.11.08	01:49:02.124	0.83181				2
2024.11.08	01:49:18.034		0.83184			4
2024.11.08	01:49:27.135	0.83180	0.83183			6
2024.11.08	01:49:27.561		0.83184			4
2024.11.08	01:49:28.404		0.83183			4
2024.11.08	01:49:28.715		0.83184			4
2024.11.08	01:49:30.835	0.83179	0.83183			6
2024.11.08	01:49:32.608	0.83180	0.83184			6
2024.11.08	01:49:34.350		0.83183			4
2024.11.08	01:49:43.201	0.83181				2
2024.11.08	01:49:47.994	0.83180				2
2024.11.08	01:49:57.764	0.83179				2
2024.11.08	01:49:59.405	0.83180	0.83184			6
2024.11.08	01:50:00.310	0.83180	0.83183			6
2024.11.08	01:50:02.066	0.83178				2
2024.11.08	01:50:02.450		0.83182			4
2024.11.08	01:50:04.573		0.83180			4
2024.11.08	01:50:08.469		0.83182			4
2024.11.08	01:50:09.065	0.83177				2
2024.11.08	01:50:11.271		0.83181			4
2024.11.08	01:50:11.921	0.83178	0.83182			6
2024.11.08	01:50:18.940		0.83181			4
2024.11.08	01:50:24.262	0.83175	0.83178			6
2024.11.08	01:50:27.518	0.83176				2
2024.11.08	01:50:36.281	0.83173				2
2024.11.08	01:50:57.257		0.83177			4
2024.11.08	01:50:58.279		0.83178			4
2024.11.08	01:51:00.612	0.83173				2
2024.11.08	01:51:02.426		0.83177			4
2024.11.08	01:51:04.592		0.83178			4
2024.11.08	01:51:28.600		0.83177			4
2024.11.08	01:51:29.138		0.83178			4
2024.11.08	01:51:30.533	0.83174				2
2024.11.08	01:51:32.076	0.83173				2
2024.11.08	01:52:03.707	0.83174				2
2024.11.08	01:52:07.615		0.83179			4
2024.11.08	01:52:20.459		0.83178			4
2024.11.08	01:52:41.391		0.83179			4
2024.11.08	01:52:52.372	0.83175				2
2024.11.08	01:52:57.911	0.83174				2
2024.11.08	01:52:58.670		0.83178			4
2024.11.08	01:52:59.624	0.83178	0.83181			6
2024.11.08	01:53:00.166	0.83178				2
2024.11.08	01:53:02.380		0.83182			4
2024.11.08	01:53:19.734	0.83177	0.83180			6
2024.11.08	01:53:29.241		0.83181			4
2024.11.08	01:53:34.936	0.83174	0.83177			6
2024.11.08	01:53:35.362	0.83173				2
2024.11.08	01:53:38.593	0.83174	0.83178			6
2024.11.08	01:53:38.904		0.83179			4
2024.11.08	01:53:44.701		0.83177			4
2024.11.08	01:53:49.932		0.83179			4
2024.11.08	01:53:52.704	0.83175	0.83180			6
2024.11.08	01:54:00.710	0.83175				2
2024.11.08	01:54:01.213		0.83179			4
2024.11.08	01:54:02.687	0.83173	0.83177			6
2024.11.08	01:54:30.298		0.83176			4
2024.11.08	01:54:49.790		0.83177			4
2024.11.08	01:54:50.318		0.83176			4
2024.11.08	01:54:56.382	0.83172				2
2024.11.08	01:54:56.688		0.83177			4
2024.11.08	01:54:57.674		0.83176			4
2024.11.08	01:55:01.129	0.83171				2
2024.11.08	01:55:06.413		0.83175			4
2024.11.08	01:55:14.080		0.83173			4
2024.11.08	01:55:20.179	0.83170	0.83172			6
2024.11.08	01:55:25.657	0.83169	0.83173			6
2024.11.08	01:55:33.651		0.83172			4
2024.11.08	01:55:39.704		0.83171			4
2024.11.08	01:55:40.007	0.83170				2
2024.11.08	01:55:43.975		0.83172			4
2024.11.08	01:55:47.564	0.83169				2
2024.11.08	01:55:50.709	0.83167				2
2024.11.08	01:55:51.318	0.83168				2
2024.11.08	01:55:56.710	0.83170	0.83174			6
2024.11.08	01:55:58.133		0.83173			4
2024.11.08	01:56:00.027	0.83173	0.83176			6
2024.11.08	01:56:03.966		0.83175			4
2024.11.08	01:56:08.314	0.83171	0.83174			6
2024.11.08	01:56:09.695	0.83170	0.83173			6
2024.11.08	01:56:10.081		0.83174			4
2024.11.08	01:56:15.515	0.83169	0.83171			6
2024.11.08	01:56:15.825	0.83168	0.83170			6
2024.11.08	01:56:17.311	0.83167				2
2024.11.08	01:56:25.375	0.83163	0.83167			6
2024.11.08	01:56:30.305	0.83161	0.83162			6
2024.11.08	01:56:30.606	0.83162	0.83165			6
2024.11.08	01:56:32.349	0.83163	0.83166			6
2024.11.08	01:56:37.824		0.83165			4
2024.11.08	01:56:39.583	0.83164	0.83166			6
2024.11.08	01:56:40.266	0.83163				2
2024.11.08	01:56:42.688		0.83167			4
2024.11.08	01:56:46.332		0.83168			4
2024.11.08	01:56:47.386	0.83161	0.83164			6
2024.11.08	01:56:48.069		0.83165			4
2024.11.08	01:56:49.184	0.83160	0.83163			6
2024.11.08	01:56:51.436		0.83164			4
2024.11.08	01:56:57.035		0.83163			4
2024.11.08	01:56:59.530	0.83158	0.83161			6
2024.11.08	01:56:59.837	0.83157	0.83162			6
2024.11.08	01:57:00.142	0.83157				2
2024.11.08	01:57:00.773	0.83156	0.83161			6
2024.11.08	01:57:02.977	0.83157	0.83159			6
2024.11.08	01:57:03.277		0.83160			4
2024.11.08	01:57:04.352	0.83158	0.83161			6
2024.11.08	01:57:11.311	0.83156	0.83159			6
2024.11.08	01:57:13.701		0.83158			4
2024.11.08	01:57:14.660		0.83159			4
2024.11.08	01:57:18.528		0.83160			4
2024.11.08	01:57:22.035		0.83159			4
2024.11.08	01:57:23.324	0.83158	0.83160			6
2024.11.08	01:57:24.555	0.83159	0.83161			6
2024.11.08	01:57:28.441	0.83158	0.83162			6
2024.11.08	01:57:30.403		0.83160			4
2024.11.08	01:57:30.938	0.83157				2
2024.11.08	01:57:35.855	0.83156	0.83158			6
2024.11.08	01:57:38.962	0.83155				2
2024.11.08	01:57:46.417	0.83152	0.83157			6
2024.11.08	01:57:50.343	0.83151	0.83154			6
2024.11.08	01:57:56.756	0.83153	0.83158			6
2024.11.08	01:58:00.486	0.83154				2
2024.11.08	01:58:03.409	0.83155				2
2024.11.08	01:58:05.382	0.83156	0.83160			6
2024.11.08	01:58:07.191		0.83161			4
2024.11.08	01:58:08.191	0.83157				2
2024.11.08	01:58:12.381		0.83159			4
2024.11.08	01:58:14.080	0.83158	0.83160			6
2024.11.08	01:58:18.248		0.83159			4
2024.11.08	01:58:24.400	0.83159	0.83162			6
2024.11.08	01:58:24.703	0.83154	0.83157			6
2024.11.08	01:58:25.096	0.83155	0.83156			6
2024.11.08	01:58:25.406	0.83153	0.83155			6
2024.11.08	01:58:26.042		0.83156			4
2024.11.08	01:58:28.676		0.83158			4
2024.11.08	01:58:30.022	0.83154				2
2024.11.08	01:58:30.323	0.83155				2
2024.11.08	01:58:30.736	0.83156	0.83157			6
2024.11.08	01:58:39.305	0.83155	0.83156			6
2024.11.08	01:58:45.419	0.83154	0.83155			6
2024.11.08	01:58:45.920	0.83152	0.83153			6
2024.11.08	01:58:46.562	0.83153	0.83154			6
2024.11.08	01:58:52.238	0.83154	0.83155			6
2024.11.08	01:58:54.340	0.83155	0.83156			6
2024.11.08	01:59:00.371	0.83155				2
2024.11.08	01:59:07.371	0.83154				2
2024.11.08	01:59:07.926		0.83155			4
2024.11.08	01:59:10.354	0.83150	0.83151			6
2024.11.08	01:59:10.663	0.83148	0.83150			6
2024.11.08	01:59:10.967		0.83149			4
2024.11.08	01:59:12.765	0.83149	0.83152			6
2024.11.08	01:59:15.571	0.83150	0.83153			6
2024.11.08	01:59:20.199		0.83151			4
2024.11.08	01:59:22.200	0.83149	0.83150			6
2024.11.08	01:59:26.363		0.83151			4
2024.11.08	01:59:28.510		0.83150			4
2024.11.08	01:59:30.749		0.83151			4
2024.11.08	01:59:31.362	0.83148	0.83150			6
2024.11.08	01:59:35.129	0.83149				2
2024.11.08	01:59:36.546		0.83151			4
2024.11.08	01:59:37.543		0.83152			4
2024.11.08	01:59:38.290	0.83150				2
2024.11.08	01:59:42.704		0.83153			4
2024.11.08	01:59:45.228		0.83152			4
2024.11.08	01:59:46.152		0.83151			4
2024.11.08	01:59:49.339		0.83152			4
2024.11.08	01:59:50.173		0.83151			4
2024.11.08	01:59:51.841		0.83152			4
2024.11.08	01:59:53.683		0.83153			4
2024.11.08	02:00:00.320	0.83150	0.83152			6
2024.11.08	02:00:01.419		0.83151			4
2024.11.08	02:00:07.792		0.83152			4
2024.11.08	02:00:08.391		0.83151			4
2024.11.08	02:00:28.392	0.83151	0.83152			6
2024.11.08	02:00:33.468	0.83152	0.83153			6
2024.11.08	02:00:34.437	0.83155	0.83156			6
2024.11.08	02:00:35.076	0.83154	0.83155			6
2024.11.08	02:00:36.821	0.83155	0.83156			6
2024.11.08	02:00:37.621	0.83154	0.83155			6
2024.11.08	02:00:39.267	0.83153	0.83154			6
2024.11.08	02:00:41.507	0.83155	0.83156			6
2024.11.08	02:00:51.860	0.83156	0.83157			6
2024.11.08	02:00:52.544	0.83155	0.83156			6
2024.11.08	02:00:53.966	0.83154	0.83155			6
2024.11.08	02:00:55.434	0.83153				2
2024.11.08	02:00:56.380	0.83152	0.83153			6
2024.11.08	02:01:00.410	0.83148	0.83152			6
2024.11.08	02:01:02.761		0.83151			4
2024.11.08	02:01:03.185	0.83151	0.83152			6
2024.11.08	02:01:06.380	0.83148	0.83150			6
2024.11.08	02:01:08.404	0.83150	0.83152			6
2024.11.08	02:01:09.389	0.83152	0.83153			6
2024.11.08	02:01:09.691	0.83151				2
2024.11.08	02:01:10.353	0.83150	0.83151			6
2024.11.08	02:01:11.422		0.83152			4
2024.11.08	02:01:12.214	0.83148	0.83153			6
2024.11.08	02:01:12.543	0.83149	0.83152			6
2024.11.08	02:01:13.273		0.83153			4
2024.11.08	02:01:15.733	0.83150				2
2024.11.08	02:01:18.125		0.83152			4
2024.11.08	02:01:19.925		0.83151			4
2024.11.08	02:01:20.350	0.83146	0.83149			6
2024.11.08	02:01:20.665	0.83147	0.83148			6
2024.11.08	02:01:24.340	0.83146	0.83147			6
2024.11.08	02:01:25.383	0.83145	0.83146			6
2024.11.08	02:01:36.718		0.83147			4
2024.11.08	02:01:37.376	0.83146				2
2024.11.08	02:01:37.701	0.83144				2
2024.11.08	02:01:38.356		0.83146			4
2024.11.08	02:01:38.671		0.83145			4
2024.11.08	02:01:45.070	0.83142	0.83143			6
2024.11.08	02:01:47.247	0.83144	0.83145			6
2024.11.08	02:01:59.957	0.83139	0.83140			6
2024.11.08	02:02:00.283	0.83138	0.83139			6
2024.11.08	02:02:00.608	0.83137				2
2024.11.08	02:02:01.017	0.83138				2
2024.11.08	02:02:01.498	0.83137				2
2024.11.08	02:02:03.299	0.83135	0.83137			6
2024.11.08	02:02:03.712	0.83134	0.83136			6
2024.11.08	02:02:05.378	0.83132	0.83133			6
2024.11.08	02:02:08.666	0.83133	0.83134			6
2024.11.08	02:02:09.272	0.83132	0.83133			6
2024.11.08	02:02:12.282		0.83134			4
2024.11.08	02:02:14.365	0.83130	0.83132			6
2024.11.08	02:02:14.671	0.83128	0.83130			6
2024.11.08	02:02:15.271		0.83129			4
2024.11.08	02:02:16.634	0.83126	0.83127			6
2024.11.08	02:02:17.398	0.83125				2
2024.11.08	02:02:19.258	0.83122	0.83123			6
2024.11.08	02:02:19.886	0.83124	0.83125			6
2024.11.08	02:02:21.440	0.83125	0.83126			6
2024.11.08	02:02:25.461	0.83124	0.83125			6
2024.11.08	02:02:29.653	0.83125	0.83126			6
2024.11.08	02:02:30.692	0.83128	0.83129			6
2024.11.08	02:02:37.114	0.83127	0.83128			6
2024.11.08	02:02:39.644	0.83122	0.83123			6
2024.11.08	02:02:39.976	0.83123	0.83124			6
2024.11.08	02:02:48.826	0.83122	0.83123			6
2024.11.08	02:02:49.414	0.83124	0.83125			6
2024.11.08	02:02:50.088	0.83125	0.83126			6
2024.11.08	02:02:51.092	0.83124	0.83125			6
2024.11.08	02:02:51.741	0.83125	0.83126			6
2024.11.08	02:02:52.084	0.83124	0.83125			6
2024.11.08	02:02:52.385	0.83125	0.83126			6
2024.11.08	02:02:53.742	0.83124	0.83125			6
2024.11.08	02:02:55.682	0.83125	0.83126			6
2024.11.08	02:02:56.073	0.83124	0.83125			6
2024.11.08	02:02:58.381	0.83122	0.83123			6
2024.11.08	02:03:00.296	0.83127	0.83128			6
2024.11.08	02:03:04.487	0.83126	0.83127			6
2024.11.08	02:03:04.928	0.83129	0.83130			6
2024.11.08	02:03:05.770	0.83130	0.83131			6
2024.11.08	02:03:06.332	0.83131	0.83132			6
2024.11.08	02:03:08.732	0.83132	0.83133			6
2024.11.08	02:03:09.320	0.83133	0.83134			6
2024.11.08	02:03:13.253	0.83134	0.83135			6
2024.11.08	02:03:16.926	0.83133	0.83134			6
2024.11.08	02:03:17.350	0.83130	0.83131			6
2024.11.08	02:03:18.062	0.83132	0.83133			6
2024.11.08	02:03:20.657	0.83133	0.83134			6
2024.11.08	02:03:21.830	0.83134	0.83135			6
2024.11.08	02:03:22.250	0.83133	0.83134			6
2024.11.08	02:03:22.574	0.83134	0.83135			6
2024.11.08	02:03:25.477	0.83132	0.83133			6
2024.11.08	02:03:25.785	0.83133	0.83134			6
2024.11.08	02:03:26.410	0.83134	0.83135			6
2024.11.08	02:03:29.200	0.83133	0.83134			6
2024.11.08	02:03:29.504		0.83135			4
2024.11.08	02:03:29.812		0.83134			4
2024.11.08	02:03:30.681		0.83135			4
2024.11.08	02:03:31.160	0.83134				2
2024.11.08	02:03:34.924	0.83133				2
2024.11.08	02:03:35.622		0.83134			4
2024.11.08	02:03:41.183	0.83132	0.83133			6
2024.11.08	02:03:49.425	0.83129	0.83131			6
2024.11.08	02:03:49.971		0.83130			4
2024.11.08	02:03:51.163		0.83131			4
2024.11.08	02:03:55.034	0.83130				2
2024.11.08	02:03:55.863	0.83128	0.83130			6
2024.11.08	02:03:56.166		0.83129			4
2024.11.08	02:03:57.636		0.83130			4
2024.11.08	02:03:58.068		0.83129			4
2024.11.08	02:04:00.313	0.83128				2
2024.11.08	02:04:01.259	0.83129	0.83131			6
2024.11.08	02:04:01.598		0.83132			4
2024.11.08	02:04:02.012		0.83131			4
2024.11.08	02:04:02.712		0.83132			4
2024.11.08	02:04:03.128	0.83130				2
2024.11.08	02:04:03.489		0.83133			4
2024.11.08	02:04:04.737		0.83132			4
2024.11.08	02:04:05.042	0.83129				2
2024.11.08	02:04:05.741		0.83133			4
2024.11.08	02:04:06.166		0.83131			4
2024.11.08	02:04:06.482		0.83130			4
2024.11.08	02:04:07.649	0.83128	0.83129			6
2024.11.08	02:04:20.724	0.83129	0.83131			6
2024.11.08	02:04:29.026	0.83128	0.83134			6
2024.11.08	02:04:31.397	0.83129	0.83131			6
2024.11.08	02:04:35.449	0.83130				2
2024.11.08	02:04:37.219	0.83131	0.83132			6
2024.11.08	02:04:41.102	0.83130	0.83131			6
2024.11.08	02:04:42.873	0.83132	0.83134			6
2024.11.08	02:04:43.185	0.83133				2
2024.11.08	02:04:45.062	0.83134	0.83135			6
2024.11.08	02:04:47.812	0.83133	0.83134			6
2024.11.08	02:05:00.195	0.83133				2
2024.11.08	02:05:01.827	0.83130	0.83131			6
2024.11.08	02:05:02.190	0.83129				2
2024.11.08	02:05:02.676	0.83130	0.83132			6
2024.11.08	02:05:03.758	0.83132	0.83133			6
2024.11.08	02:05:05.702	0.83130	0.83131			6
2024.11.08	02:05:06.533	0.83129				2
2024.11.08	02:05:11.402	0.83132	0.83133			6
2024.11.08	02:05:12.088	0.83133	0.83134			6
2024.11.08	02:05:13.247	0.83134	0.83135			6
2024.11.08	02:05:16.107		0.83136			4
2024.11.08	02:05:21.159	0.83135				2
2024.11.08	02:05:26.354	0.83134				2
2024.11.08	02:05:27.051	0.83130	0.83133			6
2024.11.08	02:05:27.363	0.83131	0.83132			6
2024.11.08	02:05:46.072		0.83134			4
2024.11.08	02:05:46.797	0.83130				2
2024.11.08	02:05:49.173		0.83133			4
2024.11.08	02:05:51.311	0.83128	0.83130			6
2024.11.08	02:05:55.063	0.83129	0.83131			6
2024.11.08	02:05:56.289		0.83132			4
2024.11.08	02:05:56.832		0.83131			4
2024.11.08	02:05:58.699	0.83128				2
2024.11.08	02:06:00.364	0.83128				2
2024.11.08	02:06:00.745	0.83130	0.83132			6
2024.11.08	02:06:01.064	0.83129	0.83131			6
2024.11.08	02:06:04.046	0.83131	0.83132			6
2024.11.08	02:06:04.777	0.83130	0.83131			6
2024.11.08	02:06:06.577	0.83128	0.83130			6
2024.11.08	02:06:07.005		0.83129			4
2024.11.08	02:06:08.024	0.83129	0.83130			6
2024.11.08	02:06:11.682	0.83128	0.83129			6
2024.11.08	02:06:16.153	0.83127	0.83128			6
2024.11.08	02:06:16.463	0.83125				2
2024.11.08	02:06:16.765	0.83126	0.83129			6
2024.11.08	02:06:21.672	0.83128	0.83130			6
2024.11.08	02:06:30.330	0.83129				2
2024.11.08	02:06:33.648	0.83128				2
2024.11.08	02:06:40.189		0.83131			4
2024.11.08	02:06:42.401		0.83130			4
2024.11.08	02:06:43.155		0.83131			4
2024.11.08	02:06:43.473	0.83127				2
2024.11.08	02:06:45.069	0.83130	0.83133			6
2024.11.08	02:06:46.014	0.83129	0.83132			6
2024.11.08	02:06:49.697	0.83130				2
2024.11.08	02:06:51.134	0.83127	0.83131			6
2024.11.08	02:06:51.444	0.83128				2
2024.11.08	02:06:51.975		0.83132			4
2024.11.08	02:06:55.619		0.83131			4
2024.11.08	02:06:57.139	0.83126	0.83129			6
2024.11.08	02:06:58.103	0.83128	0.83130			6
2024.11.08	02:06:58.858		0.83129			4
2024.11.08	02:07:00.077	0.83128				2
2024.11.08	02:07:00.476	0.83129	0.83130			6
2024.11.08	02:07:03.991	0.83130	0.83131			6
2024.11.08	02:07:06.731	0.83129	0.83130			6
2024.11.08	02:07:08.537		0.83131			4
2024.11.08	02:07:08.991	0.83128	0.83132			6
2024.11.08	02:07:15.786	0.83130	0.83131			6
2024.11.08	02:07:28.730	0.83129				2
2024.11.08	02:07:33.174		0.83130			4
2024.11.08	02:07:33.488	0.83128				2
2024.11.08	02:07:37.430	0.83129				2
2024.11.08	02:07:39.256		0.83131			4
2024.11.08	02:07:44.141	0.83131	0.83133			6
2024.11.08	02:07:45.381	0.83132				2
2024.11.08	02:07:45.684	0.83133	0.83134			6
2024.11.08	02:07:46.112	0.83131	0.83135			6
2024.11.08	02:07:46.413	0.83132				2
2024.11.08	02:07:46.749	0.83131				2
2024.11.08	02:07:47.092	0.83132	0.83134			6
2024.11.08	02:07:52.707		0.83135			4
2024.11.08	02:08:00.134	0.83132				2
2024.11.08	02:08:27.786	0.83133				2
2024.11.08	02:08:28.092	0.83134	0.83136			6
2024.11.08	02:08:33.245		0.83137			4
2024.11.08	02:08:33.569		0.83135			4
2024.11.08	02:08:34.183	0.83131	0.83134			6
2024.11.08	02:08:36.942	0.83133				2
2024.11.08	02:08:39.948		0.83135			4
2024.11.08	02:08:45.343	0.83134				2
2024.11.08	02:08:47.898	0.83133				2
2024.11.08	02:08:50.984	0.83134				2
2024.11.08	02:08:56.595	0.83135	0.83136			6
2024.11.08	02:09:00.277	0.83133	0.83134			6
2024.11.08	02:09:00.596	0.83132				2
2024.11.08	02:09:01.066		0.83133			4
2024.11.08	02:09:01.418		0.83134			4
2024.11.08	02:09:04.931	0.83131				2
2024.11.08	02:09:06.212	0.83130	0.83132			6
2024.11.08	02:09:15.846	0.83131				2
2024.11.08	02:09:17.485	0.83130	0.83131			6
2024.11.08	02:09:18.825	0.83131	0.83132			6
2024.11.08	02:09:19.162	0.83130				2
2024.11.08	02:09:21.564		0.83133			4
2024.11.08	02:09:22.064		0.83131			4
2024.11.08	02:09:23.268		0.83132			4
2024.11.08	02:09:24.827	0.83129				2
2024.11.08	02:09:25.180	0.83131				2
2024.11.08	02:09:29.144	0.83130	0.83131			6
2024.11.08	02:09:31.763		0.83133			4
2024.11.08	02:09:32.316	0.83129				2
2024.11.08	02:09:34.022		0.83132			4
2024.11.08	02:09:34.397	0.83131				2
2024.11.08	02:09:40.249	0.83130	0.83131			6
2024.11.08	02:09:40.583	0.83131	0.83132			6
2024.11.08	02:09:42.034	0.83129	0.83133			6
2024.11.08	02:09:47.339	0.83133	0.83134			6
2024.11.08	02:09:47.642	0.83132	0.83135			6
2024.11.08	02:09:47.966	0.83133				2
2024.11.08	02:09:49.368		0.83136			4
2024.11.08	02:09:50.143		0.83137			4
2024.11.08	02:09:50.462	0.83136				2
2024.11.08	02:09:51.798	0.83134				2
2024.11.08	02:09:52.494		0.83138			4
2024.11.08	02:09:57.405	0.83135				2
2024.11.08	02:09:57.716	0.83134				2
2024.11.08	02:10:00.386	0.83136	0.83137			6
2024.11.08	02:10:02.545	0.83134				2
2024.11.08	02:10:15.104		0.83136			4
2024.11.08	02:10:18.117		0.83137			4
2024.11.08	02:10:43.455	0.83133				2
2024.11.08	02:10:52.370		0.83138			4
2024.11.08	02:10:56.269	0.83134	0.83137			6
2024.11.08	02:10:57.786		0.83136			4
2024.11.08	02:10:58.967	0.83135				2
2024.11.08	02:11:00.274	0.83135				2
2024.11.08	02:11:02.775		0.83138			4
2024.11.08	02:11:03.862		0.83139			4
2024.11.08	02:11:04.781	0.83136				2
2024.11.08	02:11:05.081	0.83135				2
2024.11.08	02:11:06.508	0.83136				2
2024.11.08	02:11:11.812	0.83135				2
2024.11.08	02:11:14.562	0.83134				2
2024.11.08	02:11:16.296	0.83135				2
2024.11.08	02:11:16.606	0.83136				2
2024.11.08	02:11:22.886	0.83137	0.83140			6
2024.11.08	02:11:23.191	0.83139	0.83142			6
2024.11.08	02:11:28.308		0.83141			4
2024.11.08	02:11:29.613	0.83138				2
2024.11.08	02:11:46.362	0.83137	0.83140			6
2024.11.08	02:11:46.858	0.83136	0.83139			6
2024.11.08	02:11:47.195	0.83135				2
2024.11.08	02:11:50.758	0.83137	0.83140			6
2024.11.08	02:11:51.146	0.83139	0.83141			6
2024.11.08	02:11:52.208	0.83138				2
2024.11.08	02:11:57.265		0.83140			4
2024.11.08	02:11:57.609	0.83137				2
2024.11.08	02:11:58.372	0.83139	0.83141			6
2024.11.08	02:11:59.573		0.83142			4
2024.11.08	02:12:00.010	0.83139				2
2024.11.08	02:12:00.442	0.83140				2
2024.11.08	02:12:01.178	0.83139				2
2024.11.08	02:12:01.486	0.83138				2
2024.11.08	02:12:02.669	0.83139				2
2024.11.08	02:12:03.362	0.83138	0.83143			6
2024.11.08	02:12:03.945	0.83137				2
2024.11.08	02:12:04.465	0.83138				2
2024.11.08	02:12:04.945	0.83139	0.83141			6
2024.11.08	02:12:05.259		0.83142			4
2024.11.08	02:12:06.087		0.83143			4
2024.11.08	02:12:06.865		0.83142			4
2024.11.08	02:12:07.415	0.83140				2
2024.11.08	02:12:11.062	0.83139				2
2024.11.08	02:12:14.339		0.83141			4
2024.11.08	02:12:18.537		0.83143			4
2024.11.08	02:12:18.843	0.83140				2
2024.11.08	02:12:20.244	0.83142	0.83145			6
2024.11.08	02:12:20.564	0.83144	0.83147			6
2024.11.08	02:12:21.237		0.83148			4
2024.11.08	02:12:29.517	0.83143	0.83147			6
2024.11.08	02:12:29.829		0.83146			4
2024.11.08	02:12:30.326	0.83142				2
2024.11.08	02:12:30.706	0.83143	0.83147			6
2024.11.08	02:12:31.735		0.83146			4
2024.11.08	02:12:37.991	0.83144				2
2024.11.08	02:12:39.441		0.83147			4
2024.11.08	02:12:45.653	0.83145				2
2024.11.08	02:13:00.366	0.83145				2
2024.11.08	02:13:07.957	0.83146	0.83148			6
2024.11.08	02:13:12.276	0.83145	0.83147			6
2024.11.08	02:13:14.248	0.83146				2
2024.11.08	02:13:15.441	0.83147	0.83148			6
2024.11.08	02:13:17.326	0.83145	0.83147			6
2024.11.08	02:13:20.634	0.83147	0.83148			6
2024.11.08	02:13:22.233	0.83148	0.83149			6
2024.11.08	02:13:25.255	0.83147	0.83148			6
2024.11.08	02:13:25.624	0.83146	0.83147			6
2024.11.08	02:13:26.396	0.83147	0.83148			6
2024.11.08	02:13:27.337	0.83146	0.83147			6
2024.11.08	02:13:28.433		0.83148			4
2024.11.08	02:13:36.148	0.83147	0.83149			6
2024.11.08	02:13:36.454	0.83148	0.83151			6
2024.11.08	02:13:48.005	0.83147				2
2024.11.08	02:13:52.458		0.83150			4
2024.11.08	02:13:58.632	0.83148				2
2024.11.08	02:14:00.385	0.83148				2
2024.11.08	02:14:14.088		0.83151			4
2024.11.08	02:14:16.157	0.83149	0.83152			6
2024.11.08	02:14:22.451	0.83150				2
2024.11.08	02:14:23.001	0.83151				2
2024.11.08	02:14:24.229	0.83150				2
2024.11.08	02:14:27.942	0.83151				2
2024.11.08	02:14:31.393	0.83150				2
2024.11.08	02:14:32.024	0.83151				2
2024.11.08	02:14:36.705	0.83150				2
2024.11.08	02:14:37.241	0.83151	0.83153			6
2024.11.08	02:14:37.545	0.83154	0.83156			6
2024.11.08	02:14:39.082	0.83152				2
2024.11.08	02:14:40.468	0.83153				2
2024.11.08	02:14:44.833	0.83154	0.83158			6
2024.11.08	02:14:45.197	0.83155				2
2024.11.08	02:14:48.213	0.83154				2
2024.11.08	02:14:48.579	0.83155				2
2024.11.08	02:14:51.937	0.83154				2
2024.11.08	02:14:53.164	0.83155				2
2024.11.08	02:14:57.693		0.83159			4
2024.11.08	02:14:58.250		0.83158			4
2024.11.08	02:15:00.485	0.83155				2
2024.11.08	02:15:01.458	0.83154				2
2024.11.08	02:15:01.808	0.83155				2
2024.11.08	02:15:02.906	0.83152	0.83157			6
2024.11.08	02:15:03.230	0.83154				2
2024.11.08	02:15:03.534	0.83153	0.83159			6
2024.11.08	02:15:03.981	0.83154				2
2024.11.08	02:15:04.352	0.83153				2
2024.11.08	02:15:05.628	0.83154				2
2024.11.08	02:15:05.957	0.83153				2
2024.11.08	02:15:06.282	0.83155	0.83158			6
2024.11.08	02:15:06.718	0.83154				2
2024.11.08	02:15:07.075		0.83159			4
2024.11.08	02:15:07.956		0.83158			4
2024.11.08	02:15:08.267	0.83155				2
2024.11.08	02:15:10.524	0.83154				2
2024.11.08	02:15:11.398	0.83155				2
2024.11.08	02:15:11.898	0.83154				2
2024.11.08	02:15:13.382		0.83159			4
2024.11.08	02:15:13.689	0.83155	0.83158			6
2024.11.08	02:15:14.881	0.83154				2
2024.11.08	02:15:15.387	0.83155				2
2024.11.08	02:15:22.045	0.83156				2
2024.11.08	02:15:27.495	0.83155				2
2024.11.08	02:15:32.195	0.83156	0.83160			6
2024.11.08	02:15:36.258		0.83159			4
2024.11.08	02:15:37.658	0.83155	0.83160			6
2024.11.08	02:15:37.968	0.83154	0.83159			6
2024.11.08	02:15:38.308	0.83153				2
2024.11.08	02:15:39.748	0.83152				2
2024.11.08	02:15:40.184	0.83153	0.83157			6
2024.11.08	02:15:41.360		0.83159			4
2024.11.08	02:15:46.342	0.83154				2
2024.11.08	02:15:47.480	0.83153	0.83157			6
2024.11.08	02:15:48.357	0.83154				2
2024.11.08	02:15:53.690	0.83153				2
2024.11.08	02:15:55.389	0.83154				2
2024.11.08	02:15:57.781	0.83155	0.83158			6
2024.11.08	02:16:00.255	0.83155				2
2024.11.08	02:16:01.835	0.83156				2
2024.11.08	02:16:02.583	0.83155				2
2024.11.08	02:16:03.027	0.83156				2
2024.11.08	02:16:03.549	0.83155				2
2024.11.08	02:16:05.650	0.83154	0.83156			6
2024.11.08	02:16:05.967	0.83155	0.83157			6
2024.11.08	02:16:07.163	0.83152				2
2024.11.08	02:16:08.659		0.83156			4
2024.11.08	02:16:14.277	0.83151				2
2024.11.08	02:16:17.385	0.83149	0.83155			6
2024.11.08	02:16:17.686	0.83150				2
2024.11.08	02:16:18.342	0.83149				2
2024.11.08	02:16:19.134		0.83154			4
2024.11.08	02:16:21.423	0.83152	0.83156			6
2024.11.08	02:16:21.740	0.83153	0.83157			6
2024.11.08	02:16:28.695		0.83156			4
2024.11.08	02:16:59.237	0.83151	0.83153			6
2024.11.08	02:17:01.937	0.83151				2
2024.11.08	02:17:19.335		0.83154			4
2024.11.08	02:17:26.982	0.83150				2
2024.11.08	02:17:29.070	0.83151				2
2024.11.08	02:17:29.829	0.83150				2
2024.11.08	02:17:32.469		0.83153			4
2024.11.08	02:17:33.581		0.83154			4
2024.11.08	02:17:36.902		0.83153			4
2024.11.08	02:17:37.215		0.83152			4
2024.11.08	02:17:46.110	0.83149				2
2024.11.08	02:17:50.607	0.83150				2
2024.11.08	02:17:59.627	0.83149	0.83151			6
2024.11.08	02:18:00.295	0.83149				2
2024.11.08	02:18:01.668		0.83152			4
2024.11.08	02:18:12.915		0.83151			4
2024.11.08	02:18:13.274	0.83150	0.83152			6
2024.11.08	02:18:13.589	0.83149	0.83151			6
2024.11.08	02:18:13.990	0.83148				2
2024.11.08	02:18:31.693	0.83145	0.83149			6
2024.11.08	02:18:32.022	0.83144				2
2024.11.08	02:18:32.367		0.83148			4
2024.11.08	02:18:34.161		0.83147			4
2024.11.08	02:18:34.815	0.83142	0.83145			6
2024.11.08	02:18:35.171	0.83143	0.83146			6
2024.11.08	02:18:38.619		0.83147			4
2024.11.08	02:18:43.339	0.83142	0.83146			6
2024.11.08	02:18:43.644	0.83144				2
2024.11.08	02:18:46.136		0.83145			4
2024.11.08	02:18:47.781		0.83146			4
2024.11.08	02:18:48.937		0.83145			4
2024.11.08	02:18:51.316		0.83146			4
2024.11.08	02:18:55.818		0.83145			4
2024.11.08	02:18:56.633		0.83146			4
2024.11.08	02:18:56.976		0.83145			4
2024.11.08	02:18:57.796		0.83146			4
2024.11.08	02:18:59.895		0.83145			4
2024.11.08	02:19:00.570	0.83144	0.83146			6
2024.11.08	02:19:01.094		0.83147			4
2024.11.08	02:19:01.403	0.83145				2
2024.11.08	02:19:10.551		0.83148			4
2024.11.08	02:19:10.864	0.83144	0.83149			6
2024.11.08	02:19:11.254	0.83145				2
2024.11.08	02:19:11.790	0.83146				2
2024.11.08	02:19:13.294	0.83145	0.83148			6
2024.11.08	02:19:14.093	0.83146	0.83149			6
2024.11.08	02:19:18.095	0.83147	0.83151			6
2024.11.08	02:19:19.931		0.83149			4
2024.11.08	02:19:23.046		0.83148			4
2024.11.08	02:19:23.817	0.83146				2
2024.11.08	02:19:27.510		0.83149			4
2024.11.08	02:19:30.427		0.83148			4
2024.11.08	02:19:37.337	0.83145	0.83149			6
2024.11.08	02:19:38.867		0.83148			4
2024.11.08	02:19:44.422	0.83144	0.83149			6
2024.11.08	02:19:45.275	0.83145				2
2024.11.08	02:19:50.424	0.83146				2
2024.11.08	02:19:50.735	0.83144	0.83148			6
2024.11.08	02:19:52.986	0.83145				2
2024.11.08	02:19:55.605	0.83146	0.83149			6
2024.11.08	02:20:00.224	0.83146				2
2024.11.08	02:20:03.697	0.83145	0.83148			6
2024.11.08	02:20:04.014	0.83144	0.83147			6
2024.11.08	02:20:05.001	0.83145				2
2024.11.08	02:20:07.796		0.83148			4
2024.11.08	02:20:08.595		0.83147			4
2024.11.08	02:20:09.091		0.83148			4
2024.11.08	02:20:09.846		0.83147			4
2024.11.08	02:20:11.951	0.83143				2
2024.11.08	02:20:13.970		0.83146			4
2024.11.08	02:20:15.996		0.83147			4
2024.11.08	02:20:19.755		0.83146			4
2024.11.08	02:20:21.673	0.83141	0.83144			6
2024.11.08	02:20:24.676		0.83145			4
2024.11.08	02:20:25.484	0.83142	0.83146			6
2024.11.08	02:20:26.789	0.83143	0.83147			6
2024.11.08	02:20:27.508	0.83141	0.83146			6
2024.11.08	02:20:28.187		0.83145			4
2024.11.08	02:20:33.179		0.83144			4
2024.11.08	02:20:34.886	0.83140	0.83145			6
2024.11.08	02:20:36.267	0.83143	0.83147			6
2024.11.08	02:20:36.584	0.83145	0.83149			6
2024.11.08	02:20:37.236	0.83144	0.83148			6
2024.11.08	02:20:39.352	0.83145				2
2024.11.08	02:20:39.664		0.83149			4
2024.11.08	02:20:45.730		0.83148			4
2024.11.08	02:20:46.359	0.83146				2
2024.11.08	02:20:53.516		0.83149			4
2024.11.08	02:20:54.760	0.83145	0.83148			6
2024.11.08	02:21:00.297	0.83145				2
2024.11.08	02:21:31.502	0.83147	0.83150			6
2024.11.08	02:21:31.805	0.83148	0.83152			6
2024.11.08	02:21:41.757		0.83151			4
2024.11.08	02:21:42.261	0.83146	0.83149			6
2024.11.08	02:21:42.915		0.83150			4
2024.11.08	02:21:43.298		0.83149			4
2024.11.08	02:21:44.060		0.83150			4
2024.11.08	02:21:44.617		0.83149			4
2024.11.08	02:21:45.370		0.83150			4
2024.11.08	02:21:45.745		0.83149			4
2024.11.08	02:21:46.327	0.83148	0.83151			6
2024.11.08	02:21:50.657	0.83146	0.83150			6
2024.11.08	02:21:50.966	0.83147	0.83151			6
2024.11.08	02:22:00.363	0.83147				2
2024.11.08	02:22:30.713		0.83152			4
2024.11.08	02:22:40.322		0.83151			4
2024.11.08	02:22:40.753		0.83152			4
2024.11.08	02:22:41.934		0.83151			4
2024.11.08	02:22:47.146	0.83148	0.83152			6
2024.11.08	02:22:53.499		0.83151			4
2024.11.08	02:22:57.237		0.83152			4
2024.11.08	02:22:59.370		0.83153			4
2024.11.08	02:23:00.195	0.83148	0.83152			6
2024.11.08	02:23:06.137		0.83153			4
2024.11.08	02:23:06.444		0.83151			4
2024.11.08	02:23:13.924	0.83149	0.83153			6
2024.11.08	02:23:17.866		0.83152			4
2024.11.08	02:23:27.737	0.83147	0.83151			6
2024.11.08	02:23:31.205	0.83148	0.83152			6
2024.11.08	02:23:31.514	0.83149				2
2024.11.08	02:23:36.038	0.83148				2
2024.11.08	02:23:37.918	0.83149				2
2024.11.08	02:23:42.585	0.83148				2
2024.11.08	02:23:46.939	0.83149				2
2024.11.08	02:23:48.061	0.83147				2
2024.11.08	02:23:48.469		0.83151			4
2024.11.08	02:23:50.683	0.83146				2
2024.11.08	02:23:53.017		0.83152			4
2024.11.08	02:23:54.935		0.83151			4
2024.11.08	02:24:00.080	0.83146	0.83152			6
2024.11.08	02:24:03.697		0.83151			4
2024.11.08	02:24:07.571	0.83147	0.83152			6
2024.11.08	02:24:07.928	0.83145	0.83150			6
2024.11.08	02:24:08.242	0.83147	0.83152			6
2024.11.08	02:24:10.331		0.83150			4
2024.11.08	02:24:17.915		0.83152			4
2024.11.08	02:24:19.260		0.83151			4
2024.11.08	02:24:22.039		0.83150			4
2024.11.08	02:24:23.471		0.83151			4
2024.11.08	02:24:25.806	0.83148				2
2024.11.08	02:24:26.142	0.83147	0.83149			6
2024.11.08	02:24:28.349		0.83151			4
2024.11.08	02:24:30.053		0.83152			4
2024.11.08	02:24:32.188		0.83151			4
2024.11.08	02:24:33.848		0.83152			4
2024.11.08	02:24:34.378		0.83148			4
2024.11.08	02:24:34.684	0.83146				2
2024.11.08	02:24:35.879		0.83149			4
2024.11.08	02:24:37.029	0.83147				2
2024.11.08	02:24:37.460	0.83146				2
2024.11.08	02:24:37.774	0.83147				2
2024.11.08	02:24:38.123	0.83146				2
2024.11.08	02:24:38.789	0.83147	0.83148			6
2024.11.08	02:24:39.403	0.83146				2
2024.11.08	02:24:42.779		0.83149			4
2024.11.08	02:24:51.344		0.83150			4
2024.11.08	02:24:53.188		0.83149			4
2024.11.08	02:24:58.401	0.83145				2
2024.11.08	02:24:58.814	0.83147	0.83150			6
2024.11.08	02:25:01.047	0.83148				2
2024.11.08	02:25:09.435		0.83151			4
2024.11.08	02:25:09.894		0.83152			4
2024.11.08	02:25:10.352	0.83147	0.83150			6
2024.11.08	02:25:10.870	0.83148	0.83151			6
2024.11.08	02:25:22.064	0.83147				2
2024.11.08	02:25:25.961		0.83152			4
2024.11.08	02:25:30.287		0.83150			4
2024.11.08	02:25:31.642	0.83146				2
2024.11.08	02:25:40.989		0.83151			4
2024.11.08	02:25:41.302	0.83147				2
2024.11.08	02:25:42.687	0.83145	0.83150			6
2024.11.08	02:25:46.838		0.83148			4
2024.11.08	02:25:49.256	0.83143	0.83147			6
2024.11.08	02:25:49.902	0.83142				2
2024.11.08	02:25:53.222	0.83143				2
2024.11.08	02:25:54.464		0.83146			4
2024.11.08	02:25:56.092	0.83142				2
2024.11.08	02:26:00.060	0.83142	0.83145			6
2024.11.08	02:26:07.110	0.83143	0.83147			6
2024.11.08	02:26:08.255	0.83144				2
2024.11.08	02:26:08.563	0.83143	0.83146			6
2024.11.08	02:26:22.497	0.83142	0.83144			6
2024.11.08	02:26:23.190	0.83140				2
2024.11.08	02:26:23.510		0.83145			4
2024.11.08	02:26:24.270		0.83144			4
2024.11.08	02:26:27.903		0.83143			4
2024.11.08	02:26:28.236	0.83139	0.83142			6
2024.11.08	02:26:28.542	0.83138				2
2024.11.08	02:26:28.901		0.83143			4
2024.11.08	02:26:29.371	0.83139				2
2024.11.08	02:26:30.768	0.83141				2
2024.11.08	02:26:33.439		0.83144			4
2024.11.08	02:26:43.450	0.83139	0.83143			6
2024.11.08	02:26:44.487	0.83140				2
2024.11.08	02:26:47.868	0.83141				2
2024.11.08	02:26:49.722	0.83142	0.83144			6
2024.11.08	02:26:53.271		0.83145			4
2024.11.08	02:27:01.465	0.83142				2
2024.11.08	02:27:05.256	0.83143				2
2024.11.08	02:27:09.008	0.83141	0.83146			6
2024.11.08	02:27:19.069		0.83145			4
2024.11.08	02:27:19.848		0.83146			4
2024.11.08	02:27:23.494	0.83142				2
2024.11.08	02:27:28.381		0.83145			4
2024.11.08	02:27:29.013		0.83146			4
2024.11.08	02:27:30.808		0.83145			4
2024.11.08	02:27:32.088		0.83144			4
2024.11.08	02:27:34.417	0.83143	0.83147			6
2024.11.08	02:27:36.014	0.83142	0.83145			6
2024.11.08	02:27:39.717	0.83141				2
2024.11.08	02:27:44.165		0.83146			4
2024.11.08	02:27:48.412		0.83145			4
2024.11.08	02:27:50.163		0.83146			4
2024.11.08	02:27:51.777	0.83142				2
2024.11.08	02:27:52.776	0.83143				2
2024.11.08	02:28:01.175	0.83143				2
2024.11.08	02:28:07.486		0.83147			4
2024.11.08	02:28:17.407	0.83145	0.83148			6
2024.11.08	02:28:22.157	0.83148	0.83151			6
2024.11.08	02:28:22.465		0.83152			4
2024.11.08	02:28:23.516	0.83149				2
2024.11.08	02:28:25.764	0.83148	0.83153			6
2024.11.08	02:28:31.856	0.83149				2
2024.11.08	02:28:32.204	0.83148				2
2024.11.08	02:28:33.393	0.83149				2
2024.11.08	02:28:35.020	0.83148				2
2024.11.08	02:28:40.483	0.83149				2
2024.11.08	02:28:46.790	0.83151	0.83156			6
2024.11.08	02:29:01.461	0.83151				2
2024.11.08	02:29:03.890		0.83155			4
2024.11.08	02:29:06.884	0.83150	0.83154			6
2024.11.08	02:29:08.446		0.83155			4
2024.11.08	02:29:15.272		0.83154			4
2024.11.08	02:29:16.056		0.83155			4
2024.11.08	02:29:18.226	0.83151	0.83156			6
2024.11.08	02:29:18.561	0.83152				2
2024.11.08	02:29:19.967		0.83157			4
2024.11.08	02:29:27.515	0.83153				2
2024.11.08	02:29:30.219	0.83152				2
2024.11.08	02:29:32.245	0.83153				2
2024.11.08	02:29:43.129	0.83154				2
2024.11.08	02:29:53.446		0.83158			4
2024.11.08	02:29:57.714	0.83153	0.83157			6
2024.11.08	02:29:58.387	0.83154				2
2024.11.08	02:30:00.560	0.83154				2
2024.11.08	02:30:01.053		0.83156			4
2024.11.08	02:30:01.354		0.83157			4
2024.11.08	02:30:05.750	0.83153				2
2024.11.08	02:30:08.351	0.83154				2
2024.11.08	02:30:08.677	0.83155	0.83158			6
2024.11.08	02:30:11.856	0.83154				2
2024.11.08	02:30:13.317	0.83155				2
2024.11.08	02:30:13.708		0.83159			4
2024.11.08	02:30:15.897	0.83157	0.83161			6
2024.11.08	02:30:19.514	0.83159	0.83163			6
2024.11.08	02:30:20.235		0.83162			4
2024.11.08	02:30:20.546		0.83163			4
2024.11.08	02:30:22.496		0.83162			4
2024.11.08	02:30:22.952		0.83163			4
2024.11.08	02:30:24.711		0.83164			4
2024.11.08	02:30:25.066	0.83160				2
2024.11.08	02:30:25.387		0.83163			4
2024.11.08	02:30:26.282	0.83161	0.83165			6
2024.11.08	02:30:26.606		0.83166			4
2024.11.08	02:30:28.322		0.83165			4
2024.11.08	02:30:29.400		0.83166			4
2024.11.08	02:30:29.894		0.83165			4
2024.11.08	02:30:30.728		0.83166			4
2024.11.08	02:30:31.260		0.83165			4
2024.11.08	02:30:31.627	0.83162	0.83166			6
2024.11.08	02:30:31.943	0.83163				2
2024.11.08	02:30:33.582		0.83165			4
2024.11.08	02:30:33.969	0.83162				2
2024.11.08	02:30:34.806	0.83163	0.83166			6
2024.11.08	02:30:35.915	0.83162	0.83164			6
2024.11.08	02:30:36.610	0.83161				2
2024.11.08	02:30:37.817		0.83163			4
2024.11.08	02:30:42.612	0.83159				2
2024.11.08	02:30:44.402		0.83162			4
2024.11.08	02:30:44.708	0.83160				2
2024.11.08	02:30:45.073		0.83163			4
2024.11.08	02:30:55.424	0.83158				2
2024.11.08	02:30:56.343		0.83162			4
2024.11.08	02:31:01.059	0.83158				2
2024.11.08	02:31:04.332	0.83160				2
2024.11.08	02:31:04.940		0.83163			4
2024.11.08	02:31:09.377		0.83162			4
2024.11.08	02:31:15.167		0.83161			4
2024.11.08	02:31:15.841		0.83162			4
2024.11.08	02:31:16.184		0.83161			4
2024.11.08	02:31:16.741		0.83162			4
2024.11.08	02:31:17.161		0.83161			4
2024.11.08	02:31:17.682		0.83162			4
2024.11.08	02:31:18.637		0.83161			4
2024.11.08	02:31:19.821	0.83159				2
2024.11.08	02:31:20.851		0.83160			4
2024.11.08	02:31:22.112		0.83161			4
2024.11.08	02:31:22.998		0.83160			4
2024.11.08	02:31:23.447		0.83162			4
2024.11.08	02:31:25.325		0.83161			4
2024.11.08	02:31:26.190		0.83162			4
2024.11.08	02:31:27.744		0.83161			4
2024.11.08	02:31:28.298	0.83160				2
2024.11.08	02:31:29.013	0.83159				2
2024.11.08	02:31:30.966	0.83161	0.83162			6
2024.11.08	02:31:34.004	0.83165	0.83168			6
2024.11.08	02:31:35.189	0.83163	0.83166			6
2024.11.08	02:31:35.807	0.83162				2
2024.11.08	02:31:40.883		0.83165			4
2024.11.08	02:31:44.323		0.83164			4
2024.11.08	02:31:46.336		0.83165			4
2024.11.08	02:31:47.082		0.83164			4
2024.11.08	02:31:47.441	0.83161				2
2024.11.08	02:31:49.146	0.83163	0.83166			6
2024.11.08	02:31:50.401	0.83162				2
2024.11.08	02:31:54.618	0.83163				2
2024.11.08	02:31:55.921	0.83164				2
2024.11.08	02:31:57.031	0.83163				2
2024.11.08	02:31:57.397		0.83165			4
2024.11.08	02:31:58.349		0.83166			4
2024.11.08	02:32:00.271	0.83163				2
2024.11.08	02:32:03.921		0.83165			4
2024.11.08	02:32:04.879	0.83162				2
2024.11.08	02:32:08.430		0.83164			4
2024.11.08	02:32:11.439	0.83160	0.83162			6
2024.11.08	02:32:12.282	0.83159				2
2024.11.08	02:32:12.773		0.83163			4
2024.11.08	02:32:17.758		0.83162			4
2024.11.08	02:32:25.467		0.83163			4
2024.11.08	02:32:26.920	0.83160				2
2024.11.08	02:32:31.342	0.83158	0.83162			6
2024.11.08	02:32:42.308		0.83161			4
2024.11.08	02:32:43.192		0.83162			4
2024.11.08	02:32:50.106		0.83161			4
2024.11.08	02:32:52.155	0.83157	0.83160			6
2024.11.08	02:32:52.465		0.83161			4
2024.11.08	02:32:52.934		0.83160			4
2024.11.08	02:32:54.344		0.83161			4
2024.11.08	02:32:55.372		0.83160			4
2024.11.08	02:32:55.681		0.83161			4
2024.11.08	02:33:00.313	0.83157				2
2024.11.08	02:33:02.680		0.83160			4
2024.11.08	02:33:03.398		0.83161			4
2024.11.08	02:33:05.132		0.83160			4
2024.11.08	02:33:05.768	0.83158	0.83161			6
2024.11.08	02:33:06.973	0.83159				2
2024.11.08	02:33:07.297	0.83157	0.83160			6
2024.11.08	02:33:10.942	0.83158	0.83161			6
2024.11.08	02:33:11.415	0.83159				2
2024.11.08	02:33:13.766		0.83162			4
2024.11.08	02:33:14.442		0.83161			4
2024.11.08	02:33:16.511		0.83162			4
2024.11.08	02:33:17.924	0.83158				2
2024.11.08	02:33:31.517	0.83162	0.83164			6
2024.11.08	02:33:31.824		0.83165			4
2024.11.08	02:33:34.500		0.83167			4
2024.11.08	02:33:35.531		0.83166			4
2024.11.08	02:33:38.670		0.83167			4
2024.11.08	02:33:39.011	0.83167	0.83171			6
2024.11.08	02:33:42.355		0.83170			4
2024.11.08	02:33:43.060		0.83171			4
2024.11.08	02:33:56.127	0.83166	0.83170			6
2024.11.08	02:33:57.242	0.83164	0.83169			6
2024.11.08	02:33:58.451		0.83167			4
2024.11.08	02:34:01.746	0.83164				2
2024.11.08	02:34:10.387		0.83168			4
2024.11.08	02:34:10.731		0.83167			4
2024.11.08	02:34:11.899	0.83163				2
2024.11.08	02:34:12.257		0.83168			4
2024.11.08	02:34:12.561	0.83164				2
2024.11.08	02:34:17.116	0.83165				2
2024.11.08	02:34:17.501	0.83164				2
2024.11.08	02:34:19.251	0.83166	0.83170			6
2024.11.08	02:34:23.758		0.83171			4
2024.11.08	02:34:28.718		0.83169			4
2024.11.08	02:34:29.027	0.83165				2
2024.11.08	02:34:34.151	0.83164	0.83167			6
2024.11.08	02:34:34.842	0.83163				2
2024.11.08	02:34:37.281	0.83161	0.83165			6
2024.11.08	02:34:42.142		0.83164			4
2024.11.08	02:34:43.374	0.83159	0.83163			6
2024.11.08	02:34:45.774	0.83158	0.83162			6
2024.11.08	02:34:51.592	0.83159	0.83163			6
2024.11.08	02:34:52.626	0.83158				2
2024.11.08	02:34:57.349	0.83159				2
2024.11.08	02:35:00.117	0.83159	0.83164			6
2024.11.08	02:35:02.137	0.83160	0.83165			6
2024.11.08	02:35:03.167		0.83164			4
2024.11.08	02:35:03.536		0.83165			4
2024.11.08	02:35:03.978		0.83164			4
2024.11.08	02:35:04.582		0.83163			4
2024.11.08	02:35:06.174		0.83164			4
2024.11.08	02:35:07.231		0.83163			4
2024.11.08	02:35:08.004		0.83164			4
2024.11.08	02:35:08.305		0.83165			4
2024.11.08	02:35:08.681	0.83158	0.83163			6
2024.11.08	02:35:09.012		0.83162			4
2024.11.08	02:35:09.326	0.83157	0.83161			6
2024.11.08	02:35:09.649	0.83156	0.83160			6
2024.11.08	02:35:13.971	0.83153	0.83158			6
2024.11.08	02:35:18.302		0.83157			4
2024.11.08	02:35:18.609		0.83158			4
2024.11.08	02:35:18.918		0.83157			4
2024.11.08	02:35:19.688		0.83158			4
2024.11.08	02:35:24.055		0.83159			4
2024.11.08	02:35:24.440		0.83158			4
2024.11.08	02:35:25.413	0.83154				2
2024.11.08	02:35:33.069	0.83153	0.83157			6
2024.11.08	02:35:33.387		0.83154			4
2024.11.08	02:35:33.718		0.83155			4
2024.11.08	02:35:39.397		0.83154			4
2024.11.08	02:35:39.768		0.83155			4
2024.11.08	02:35:41.102		0.83154			4
2024.11.08	02:35:42.231		0.83155			4
2024.11.08	02:35:43.002		0.83154			4
2024.11.08	02:35:43.307		0.83155			4
2024.11.08	02:35:43.626	0.83152				2
2024.11.08	02:35:47.363	0.83153				2
2024.11.08	02:35:54.328		0.83156			4
2024.11.08	02:36:00.387	0.83153				2
2024.11.08	02:36:00.725		0.83157			4
2024.11.08	02:36:01.935		0.83156			4
2024.11.08	02:36:02.692		0.83157			4
2024.11.08	02:36:06.373		0.83156			4
2024.11.08	02:36:07.442		0.83157			4
2024.11.08	02:36:08.368	0.83154				2
2024.11.08	02:36:11.002		0.83158			4
2024.11.08	02:36:12.100	0.83155				2
2024.11.08	02:36:21.878	0.83153	0.83157			6
2024.11.08	02:36:29.783	0.83154				2
2024.11.08	02:36:30.208	0.83153				2
2024.11.08	02:36:31.294	0.83154				2
2024.11.08	02:36:31.597		0.83156			4
2024.11.08	02:36:31.912	0.83152				2
2024.11.08	02:36:44.891	0.83151	0.83155			6
2024.11.08	02:36:54.767		0.83154			4
2024.11.08	02:36:55.087	0.83152	0.83155			6
2024.11.08	02:36:55.414		0.83154			4
2024.11.08	02:36:57.517		0.83155			4
2024.11.08	02:36:58.111		0.83154			4
2024.11.08	02:37:00.304	0.83150	0.83151			6
2024.11.08	02:37:00.678		0.83154			4
2024.11.08	02:37:01.481		0.83155			4
2024.11.08	02:37:02.704		0.83154			4
2024.11.08	02:37:03.006		0.83153			4
2024.11.08	02:37:03.323		0.83155			4
2024.11.08	02:37:03.872	0.83151				2
2024.11.08	02:37:04.343		0.83152			4
2024.11.08	02:37:04.653	0.83150				2
2024.11.08	02:37:05.107	0.83149				2
2024.11.08	02:37:07.200	0.83148	0.83150			6
2024.11.08	02:37:07.572		0.83152			4
2024.11.08	02:37:11.822		0.83151			4
2024.11.08	02:37:12.240		0.83152			4
2024.11.08	02:37:12.813		0.83151			4
2024.11.08	02:37:13.858		0.83152			4
2024.11.08	02:37:16.843		0.83151			4
2024.11.08	02:37:17.471		0.83152			4
2024.11.08	02:37:21.858		0.83153			4
2024.11.08	02:37:22.376		0.83152			4
2024.11.08	02:37:22.727		0.83153			4
2024.11.08	02:37:24.083		0.83151			4
2024.11.08	02:37:36.713	0.83149	0.83152			6
2024.11.08	02:37:38.988		0.83151			4
2024.11.08	02:37:39.479	0.83148				2
2024.11.08	02:37:40.918	0.83149	0.83152			6
2024.11.08	02:37:41.756	0.83148	0.83150			6
2024.11.08	02:37:47.156		0.83149			4
2024.11.08	02:37:51.081		0.83151			4
2024.11.08	02:37:51.588		0.83150			4
2024.11.08	02:37:52.476		0.83149			4
2024.11.08	02:38:00.347	0.83148				2
2024.11.08	02:38:05.877	0.83147	0.83148			6
2024.11.08	02:38:11.409	0.83148	0.83150			6
2024.11.08	02:38:12.004		0.83152			4
2024.11.08	02:38:13.766		0.83151			4
2024.11.08	02:38:14.354	0.83150	0.83152			6
2024.11.08	02:38:14.686	0.83149				2
2024.11.08	02:38:16.492		0.83153			4
2024.11.08	02:38:16.828		0.83152			4
2024.11.08	02:38:17.183		0.83153			4
2024.11.08	02:38:17.516		0.83152			4
2024.11.08	02:38:26.961		0.83151			4
2024.11.08	02:38:31.492		0.83152			4
2024.11.08	02:38:37.864		0.83151			4
2024.11.08	02:38:38.252		0.83152			4
2024.11.08	02:38:46.104		0.83151			4
2024.11.08	02:38:46.741		0.83152			4
2024.11.08	02:38:59.884	0.83146	0.83147			6
2024.11.08	02:39:00.189	0.83146				2
2024.11.08	02:39:00.520		0.83150			4
2024.11.08	02:39:02.175		0.83151			4
2024.11.08	02:39:04.201		0.83148			4
2024.11.08	02:39:04.609	0.83147	0.83151			6
2024.11.08	02:39:04.929	0.83148				2
2024.11.08	02:39:05.237	0.83149	0.83152			6
2024.11.08	02:39:06.956	0.83148	0.83151			6
2024.11.08	02:39:11.410	0.83149	0.83153			6
2024.11.08	02:39:12.606	0.83146	0.83150			6
2024.11.08	02:39:13.699	0.83149	0.83152			6
2024.11.08	02:39:15.403	0.83148				2
2024.11.08	02:39:23.400	0.83147	0.83150			6
2024.11.08	02:39:24.776		0.83151			4
2024.11.08	02:39:25.096	0.83148	0.83152			6
2024.11.08	02:39:25.470	0.83149				2
2024.11.08	02:39:31.186		0.83153			4
2024.11.08	02:39:32.000		0.83152			4
2024.11.08	02:39:35.169		0.83153			4
2024.11.08	02:39:45.919	0.83150				2
2024.11.08	02:39:47.176	0.83149				2
2024.11.08	02:39:48.784	0.83150				2
2024.11.08	02:39:55.660	0.83149	0.83152			6
2024.11.08	02:39:57.392		0.83153			4
2024.11.08	02:40:00.643	0.83149				2
2024.11.08	02:40:00.944		0.83152			4
2024.11.08	02:40:10.050		0.83151			4
2024.11.08	02:40:15.420	0.83148				2
2024.11.08	02:40:18.027	0.83147	0.83150			6
2024.11.08	02:40:18.768	0.83146				2
2024.11.08	02:40:29.078	0.83148	0.83151			6
2024.11.08	02:40:33.758	0.83149	0.83153			6
2024.11.08	02:40:34.441		0.83152			4
2024.11.08	02:40:49.461	0.83150				2
2024.11.08	02:40:53.031	0.83149	0.83151			6
2024.11.08	02:40:55.066		0.83152			4
2024.11.08	02:41:00.108	0.83149				2
2024.11.08	02:41:00.722		0.83151			4
2024.11.08	02:41:03.502	0.83148				2
2024.11.08	02:41:25.422		0.83150			4
2024.11.08	02:41:28.291	0.83145	0.83148			6
2024.11.08	02:41:29.469	0.83140	0.83144			6
2024.11.08	02:41:29.913		0.83143			4
2024.11.08	02:41:30.359		0.83144			4
2024.11.08	02:41:33.110		0.83143			4
2024.11.08	02:41:33.458		0.83144			4
2024.11.08	02:41:39.186		0.83143			4
2024.11.08	02:41:39.927		0.83144			4
2024.11.08	02:41:41.603	0.83141				2
2024.11.08	02:41:42.150	0.83140				2
2024.11.08	02:41:42.595	0.83141				2
2024.11.08	02:41:44.466	0.83140				2
2024.11.08	02:41:51.191	0.83142	0.83145			6
2024.11.08	02:41:51.507	0.83143				2
2024.11.08	02:41:51.858		0.83146			4
2024.11.08	02:41:55.756		0.83147			4
2024.11.08	02:41:56.563	0.83144				2
2024.11.08	02:42:00.352	0.83144				2
2024.11.08	02:42:06.471		0.83146			4
2024.11.08	02:42:07.715		0.83147			4
2024.11.08	02:42:08.710		0.83146			4
2024.11.08	02:42:09.343	0.83142				2
2024.11.08	02:42:09.688	0.83143				2
2024.11.08	02:42:10.050	0.83142				2
2024.11.08	02:42:12.330		0.83145			4
2024.11.08	02:42:12.657		0.83146			4
2024.11.08	02:42:20.223	0.83140	0.83144			6
2024.11.08	02:42:20.543		0.83145			4
2024.11.08	02:42:21.047		0.83144			4
2024.11.08	02:42:21.808		0.83145			4
2024.11.08	02:42:22.342	0.83142	0.83146			6
2024.11.08	02:42:22.955		0.83145			4
2024.11.08	02:42:23.529	0.83139	0.83142			6
2024.11.08	02:42:23.843	0.83138	0.83141			6
2024.11.08	02:42:39.019	0.83140	0.83143			6
2024.11.08	02:42:40.941	0.83141	0.83145			6
2024.11.08	02:42:44.072	0.83142	0.83146			6
2024.11.08	02:42:44.482		0.83145			4
2024.11.08	02:42:44.793	0.83143	0.83146			6
2024.11.08	02:42:47.518	0.83142	0.83145			6
2024.11.08	02:42:47.820	0.83144	0.83146			6
2024.11.08	02:42:48.525	0.83143				2
2024.11.08	02:42:52.425	0.83140	0.83143			6
2024.11.08	02:42:52.731	0.83138	0.83140			6
2024.11.08	02:42:54.209	0.83136				2
2024.11.08	02:42:54.590	0.83137				2
2024.11.08	02:42:55.156	0.83136				2
2024.11.08	02:42:56.495	0.83137				2
2024.11.08	02:42:58.870	0.83136				2
2024.11.08	02:43:00.094	0.83137				2
2024.11.08	02:43:02.127	0.83138				2
2024.11.08	02:43:04.957	0.83137				2
2024.11.08	02:43:05.714	0.83138	0.83141			6
2024.11.08	02:43:12.052	0.83137	0.83140			6
2024.11.08	02:43:16.650	0.83139	0.83142			6
2024.11.08	02:43:22.003	0.83138	0.83141			6
2024.11.08	02:43:23.374	0.83139				2
2024.11.08	02:43:34.901		0.83142			4
2024.11.08	02:43:46.951	0.83140	0.83145			6
2024.11.08	02:43:48.569	0.83141				2
2024.11.08	02:43:49.032	0.83140				2
2024.11.08	02:43:51.425	0.83141				2
2024.11.08	02:43:51.734		0.83146			4
2024.11.08	02:43:52.193	0.83143				2
2024.11.08	02:44:00.356	0.83143				2
2024.11.08	02:44:00.960		0.83147			4
2024.11.08	02:44:06.845		0.83148			4
2024.11.08	02:44:10.734	0.83141	0.83146			6
2024.11.08	02:44:11.350		0.83145			4
2024.11.08	02:44:11.797		0.83146			4
2024.11.08	02:44:12.299		0.83145			4
2024.11.08	02:44:12.701	0.83143	0.83147			6
2024.11.08	02:44:13.003	0.83144	0.83146			6
2024.11.08	02:44:17.753		0.83147			4
2024.11.08	02:44:20.253	0.83143				2
2024.11.08	02:44:22.814	0.83144				2
2024.11.08	02:44:24.760	0.83142	0.83146			6
2024.11.08	02:44:25.062		0.83145			4
2024.11.08	02:44:25.669	0.83141	0.83144			6
2024.11.08	02:44:27.656	0.83139	0.83142			6
2024.11.08	02:44:30.981		0.83143			4
2024.11.08	02:44:31.880		0.83142			4
2024.11.08	02:44:35.665		0.83140			4
2024.11.08	02:44:42.992	0.83140	0.83141			6
2024.11.08	02:44:45.061	0.83138	0.83140			6
2024.11.08	02:44:45.458		0.83141			4
2024.11.08	02:44:46.773		0.83140			4
2024.11.08	02:44:47.664		0.83141			4
2024.11.08	02:44:51.383		0.83140			4
2024.11.08	02:44:51.695	0.83137				2
2024.11.08	02:44:55.661	0.83138				2
2024.11.08	02:44:57.184		0.83141			4
2024.11.08	02:44:57.538		0.83140			4
2024.11.08	02:45:00.017	0.83139	0.83141			6
2024.11.08	02:45:02.302	0.83138				2
2024.11.08	02:45:08.314	0.83137	0.83139			6
2024.11.08	02:45:13.357	0.83136				2
2024.11.08	02:45:16.845	0.83134	0.83137			6
2024.11.08	02:45:17.839		0.83138			4
2024.11.08	02:45:22.243	0.83137	0.83140			6
2024.11.08	02:45:26.907	0.83133	0.83137			6
2024.11.08	02:45:27.225	0.83132				2
2024.11.08	02:45:29.044	0.83133				2
2024.11.08	02:45:40.048	0.83136	0.83138			6
2024.11.08	02:45:40.353		0.83139			4
2024.11.08	02:45:41.031		0.83140			4
2024.11.08	02:45:45.762	0.83131	0.83134			6
2024.11.08	02:45:46.063		0.83135			4
2024.11.08	02:45:46.388		0.83134			4
2024.11.08	02:45:48.010		0.83135			4
2024.11.08	02:45:49.368		0.83134			4
2024.11.08	02:45:52.265		0.83135			4
2024.11.08	02:45:52.943	0.83130	0.83134			6
2024.11.08	02:46:00.180	0.83130				2
2024.11.08	02:46:00.483	0.83131				2
2024.11.08	02:46:00.804	0.83128	0.83132			6
2024.11.08	02:46:01.104		0.83131			4
2024.11.08	02:46:01.471		0.83132			4
2024.11.08	02:46:02.133		0.83133			4
2024.11.08	02:46:03.171		0.83132			4
2024.11.08	02:46:03.561		0.83133			4
2024.11.08	02:46:05.140	0.83132	0.83135			6
2024.11.08	02:46:05.448	0.83133	0.83136			6
2024.11.08	02:46:06.092	0.83132				2
2024.11.08	02:46:08.328	0.83133				2
2024.11.08	02:46:13.293	0.83132				2
2024.11.08	02:46:16.479	0.83133				2
2024.11.08	02:46:17.720		0.83137			4
2024.11.08	02:46:18.934	0.83131	0.83135			6
2024.11.08	02:46:19.250	0.83130				2
2024.11.08	02:46:24.536		0.83134			4
2024.11.08	02:46:25.369		0.83135			4
2024.11.08	02:46:29.826	0.83132				2
2024.11.08	02:46:30.142	0.83133	0.83136			6
2024.11.08	02:46:32.174		0.83137			4
2024.11.08	02:46:35.621		0.83136			4
2024.11.08	02:46:38.994	0.83134				2
2024.11.08	02:46:41.399	0.83133	0.83137			6
2024.11.08	02:46:46.298		0.83136			4
2024.11.08	02:46:46.720		0.83137			4
2024.11.08	02:46:50.882	0.83134				2
2024.11.08	02:46:51.221	0.83133				2
2024.11.08	02:46:56.263	0.83134	0.83138			6
2024.11.08	02:46:56.584	0.83135	0.83139			6
2024.11.08	02:46:57.093		0.83140			4
2024.11.08	02:46:59.332		0.83139			4
2024.11.08	02:46:59.890		0.83140			4
2024.11.08	02:47:00.501	0.83135				2
2024.11.08	02:47:02.062	0.83136	0.83139			6
2024.11.08	02:47:03.099		0.83141			4
2024.11.08	02:47:04.046		0.83140			4
2024.11.08	02:47:05.619		0.83139			4
2024.11.08	02:47:13.445	0.83135				2
2024.11.08	02:47:20.008	0.83137	0.83141			6
2024.11.08	02:47:20.344	0.83138				2
2024.11.08	02:47:38.115	0.83139				2
2024.11.08	02:47:38.654	0.83138				2
2024.11.08	02:47:39.547		0.83142			4
2024.11.08	02:47:49.611	0.83139	0.83143			6
2024.11.08	02:47:58.974	0.83145	0.83148			6
2024.11.08	02:48:00.361	0.83145				2
2024.11.08	02:48:01.740	0.83144	0.83147			6
2024.11.08	02:48:05.933		0.83148			4
2024.11.08	02:48:13.850	0.83145				2
2024.11.08	02:48:16.409	0.83146	0.83149			6
2024.11.08	02:48:17.009	0.83145				2
2024.11.08	02:48:24.562		0.83148			4
2024.11.08	02:48:29.461		0.83147			4
2024.11.08	02:48:32.510		0.83148			4
2024.11.08	02:48:41.276	0.83143				2
2024.11.08	02:48:42.972	0.83144				2
2024.11.08	02:48:44.477	0.83143				2
2024.11.08	02:48:48.260	0.83146	0.83150			6
2024.11.08	02:48:53.380	0.83145				2
2024.11.08	02:48:53.808	0.83146				2
2024.11.08	02:49:00.220	0.83145				2
2024.11.08	02:49:09.243		0.83149			4
2024.11.08	02:49:09.546		0.83150			4
2024.11.08	02:49:09.873		0.83149			4
2024.11.08	02:49:10.796		0.83150			4
2024.11.08	02:49:13.942	0.83142	0.83146			6
2024.11.08	02:49:18.839	0.83144	0.83147			6
2024.11.08	02:49:19.464	0.83143				2
2024.11.08	02:49:20.655	0.83144				2
2024.11.08	02:49:21.376	0.83145	0.83148			6
2024.11.08	02:49:22.061		0.83147			4
2024.11.08	02:49:22.747	0.83144				2
2024.11.08	02:49:26.427	0.83143	0.83146			6
2024.11.08	02:49:29.300		0.83147			4
2024.11.08	02:49:30.721	0.83144	0.83146			6
2024.11.08	02:49:31.928		0.83147			4
2024.11.08	02:49:36.654	0.83143				2
2024.11.08	02:49:39.021	0.83142	0.83146			6
2024.11.08	02:49:39.346		0.83147			4
2024.11.08	02:49:40.030	0.83143	0.83146			6
2024.11.08	02:49:46.877	0.83144	0.83147			6
2024.11.08	02:49:48.902	0.83147	0.83150			6
2024.11.08	02:49:49.204	0.83148	0.83151			6
2024.11.08	02:49:49.954	0.83147	0.83150			6
2024.11.08	02:49:50.686		0.83149			4
2024.11.08	02:49:52.935		0.83150			4
2024.11.08	02:49:57.042		0.83149			4
2024.11.08	02:50:00.400	0.83147				2
2024.11.08	02:50:01.417		0.83150			4
2024.11.08	02:50:01.741		0.83149			4
2024.11.08	02:50:03.398	0.83144	0.83147			6
2024.11.08	02:50:04.345		0.83146			4
2024.11.08	02:50:07.752		0.83147			4
2024.11.08	02:50:09.768		0.83148			4
2024.11.08	02:50:11.353		0.83147			4
2024.11.08	02:50:19.745	0.83143	0.83146			6
2024.11.08	02:50:29.560		0.83147			4
2024.11.08	02:50:31.997		0.83145			4
2024.11.08	02:50:32.366		0.83146			4
2024.11.08	02:50:32.921		0.83145			4
2024.11.08	02:50:33.255		0.83146			4
2024.11.08	02:50:34.971	0.83142				2
2024.11.08	02:50:36.037	0.83143				2
2024.11.08	02:50:37.221	0.83142	0.83145			6
2024.11.08	02:50:37.587		0.83146			4
2024.11.08	02:50:39.271		0.83145			4
2024.11.08	02:50:42.455	0.83141	0.83144			6
2024.11.08	02:50:49.283	0.83143	0.83146			6
2024.11.08	02:50:49.936	0.83144	0.83147			6
2024.11.08	02:50:50.243	0.83143	0.83146			6
2024.11.08	02:50:50.557		0.83147			4
2024.11.08	02:50:51.630		0.83146			4
2024.11.08	02:50:52.170	0.83142	0.83145			6
2024.11.08	02:50:52.814	0.83141				2
2024.11.08	02:50:59.274	0.83143	0.83146			6
2024.11.08	02:51:00.389	0.83143				2
2024.11.08	02:51:02.149	0.83144	0.83147			6
2024.11.08	02:51:09.685	0.83147	0.83150			6
2024.11.08	02:51:13.540		0.83149			4
2024.11.08	02:51:14.423		0.83150			4
2024.11.08	02:51:14.740		0.83149			4
2024.11.08	02:51:20.695	0.83146				2
2024.11.08	02:51:21.149	0.83147				2
2024.11.08	02:51:24.769		0.83150			4
2024.11.08	02:51:25.092		0.83149			4
2024.11.08	02:51:38.675		0.83150			4
2024.11.08	02:51:39.317		0.83149			4
2024.11.08	02:51:42.321		0.83150			4
2024.11.08	02:51:43.729		0.83149			4
2024.11.08	02:51:46.695		0.83150			4
2024.11.08	02:51:48.090	0.83148	0.83151			6
2024.11.08	02:51:50.344	0.83149				2
2024.11.08	02:51:55.999	0.83148				2
2024.11.08	02:51:56.304	0.83149				2
2024.11.08	02:51:57.343	0.83150	0.83152			6
2024.11.08	02:51:58.763	0.83149				2
2024.11.08	02:52:00.449	0.83149				2
2024.11.08	02:52:01.196	0.83150				2
2024.11.08	02:52:04.461		0.83153			4
2024.11.08	02:52:04.973	0.83149	0.83152			6
2024.11.08	02:52:08.071		0.83151			4
2024.11.08	02:52:10.759		0.83152			4
2024.11.08	02:52:11.542	0.83150				2
2024.11.08	02:52:12.275	0.83149				2
2024.11.08	02:52:17.300		0.83151			4
2024.11.08	02:52:17.605		0.83152			4
2024.11.08	02:52:19.103		0.83151			4
