<DATE>	<TIME>	<BID>	<ASK>	<LAST>	<VOLUME>	<FLAGS>
2024.10.02	00:00:00.421	0.83252	0.83456			6
2024.10.02	00:00:01.001	0.83250	0.83351			6
2024.10.02	00:00:10.509	0.83233	0.83369			6
2024.10.02	00:00:12.216	0.83243	0.83359			6
2024.10.02	00:00:31.420	0.83238	0.83372			6
2024.10.02	00:00:33.388		0.83379			4
2024.10.02	00:01:02.382	0.83238				2
2024.10.02	00:01:13.123	0.83237	0.83396			6
2024.10.02	00:02:12.407	0.83237				2
2024.10.02	00:02:15.010		0.83396			4
2024.10.02	00:03:19.639	0.83237	0.83396			6
2024.10.02	00:04:05.967	0.83237	0.83375			6
2024.10.02	00:05:00.546	0.83237				2
2024.10.02	00:05:01.274	0.83257	0.83365			6
2024.10.02	00:05:01.802		0.83366			4
2024.10.02	00:05:03.783		0.83371			4
2024.10.02	00:05:15.544	0.83262				2
2024.10.02	00:05:16.352	0.83260				2
2024.10.02	00:05:21.656	0.83259				2
2024.10.02	00:05:26.373	0.83263				2
2024.10.02	00:05:30.929	0.83264				2
2024.10.02	00:05:31.763	0.83263				2
2024.10.02	00:05:34.369	0.83265				2
2024.10.02	00:05:35.898	0.83263				2
2024.10.02	00:05:42.612	0.83262				2
2024.10.02	00:05:43.190	0.83261				2
2024.10.02	00:05:44.403	0.83262				2
2024.10.02	00:05:46.080	0.83264				2
2024.10.02	00:05:50.802	0.83263				2
2024.10.02	00:05:55.476	0.83264				2
2024.10.02	00:06:00.121	0.83262				2
2024.10.02	00:06:03.008	0.83263				2
2024.10.02	00:06:04.714	0.83265	0.83371			6
2024.10.02	00:06:06.349	0.83264				2
2024.10.02	00:06:07.523	0.83263				2
2024.10.02	00:06:16.359	0.83264				2
2024.10.02	00:06:25.536	0.83263				2
2024.10.02	00:06:30.360	0.83264				2
2024.10.02	00:06:34.347	0.83263				2
2024.10.02	00:07:04.329	0.83263				2
2024.10.02	00:07:10.337	0.83262	0.83371			6
2024.10.02	00:07:29.660	0.83258				2
2024.10.02	00:08:08.378	0.83258				2
2024.10.02	00:08:10.363		0.83371			4
2024.10.02	00:08:30.266		0.83370			4
2024.10.02	00:08:34.784		0.83369			4
2024.10.02	00:08:35.906		0.83371			4
2024.10.02	00:09:00.976	0.83258				2
2024.10.02	00:09:12.332		0.83366			4
2024.10.02	00:09:19.643	0.83257				2
2024.10.02	00:10:00.347	0.83288				2
2024.10.02	00:10:01.554	0.83289				2
2024.10.02	00:10:12.355		0.83366			4
2024.10.02	00:10:14.638	0.83290				2
2024.10.02	00:10:17.661	0.83289				2
2024.10.02	00:10:41.981	0.83290				2
2024.10.02	00:10:46.660		0.83362			4
2024.10.02	00:10:50.611	0.83288				2
2024.10.02	00:11:00.980	0.83288				2
2024.10.02	00:11:43.462	0.83289				2
2024.10.02	00:11:46.765		0.83362			4
2024.10.02	00:12:02.359	0.83289				2
2024.10.02	00:12:10.009	0.83291				2
2024.10.02	00:12:11.024	0.83289				2
2024.10.02	00:12:35.297	0.83288				2
2024.10.02	00:12:48.218		0.83362			4
2024.10.02	00:13:03.074	0.83288				2
2024.10.02	00:13:43.763	0.83289				2
2024.10.02	00:13:54.654		0.83362			4
2024.10.02	00:14:02.502	0.83288	0.83360			6
2024.10.02	00:14:58.804	0.83289				2
2024.10.02	00:15:00.377	0.83289				2
2024.10.02	00:15:06.357		0.83360			4
2024.10.02	00:15:48.394	0.83291				2
2024.10.02	00:16:06.362	0.83291	0.83360			6
2024.10.02	00:17:06.798	0.83292	0.83360			6
2024.10.02	00:17:10.159	0.83293				2
2024.10.02	00:17:25.853	0.83292				2
2024.10.02	00:17:47.619	0.83289				2
2024.10.02	00:17:53.473	0.83288				2
2024.10.02	00:18:01.170	0.83283				2
2024.10.02	00:18:02.646	0.83284				2
2024.10.02	00:18:03.583	0.83283				2
2024.10.02	00:18:04.470	0.83284				2
2024.10.02	00:18:06.826	0.83283	0.83360			6
2024.10.02	00:18:07.863	0.83284				2
2024.10.02	00:18:11.913	0.83282				2
2024.10.02	00:18:12.340	0.83283	0.83342			6
2024.10.02	00:18:13.773		0.83347			4
2024.10.02	00:18:16.721	0.83281				2
2024.10.02	00:18:26.120		0.83345			4
2024.10.02	00:18:27.776		0.83358			4
2024.10.02	00:18:37.463	0.83282				2
2024.10.02	00:18:41.050		0.83363			4
2024.10.02	00:18:41.662	0.83281				2
2024.10.02	00:18:49.467	0.83282				2
2024.10.02	00:18:58.566	0.83279				2
2024.10.02	00:19:04.122	0.83279				2
2024.10.02	00:19:09.308	0.83281				2
2024.10.02	00:19:16.871	0.83282				2
2024.10.02	00:19:17.209	0.83288	0.83369			6
2024.10.02	00:19:19.124		0.83373			4
2024.10.02	00:19:21.751	0.83289				2
2024.10.02	00:19:26.431		0.83372			4
2024.10.02	00:19:27.462	0.83290				2
2024.10.02	00:19:28.685	0.83289				2
2024.10.02	00:19:29.922	0.83288				2
2024.10.02	00:19:30.281	0.83289	0.83373			6
2024.10.02	00:19:32.916	0.83291				2
2024.10.02	00:19:36.120	0.83299				2
2024.10.02	00:19:36.436	0.83300				2
2024.10.02	00:19:38.983	0.83298				2
2024.10.02	00:19:39.927	0.83297				2
2024.10.02	00:19:44.553	0.83298				2
2024.10.02	00:19:46.351	0.83296				2
2024.10.02	00:19:48.471	0.83297				2
2024.10.02	00:19:48.780	0.83298				2
2024.10.02	00:19:51.571	0.83299				2
2024.10.02	00:19:52.402	0.83298				2
2024.10.02	00:19:57.271	0.83299				2
2024.10.02	00:20:00.172	0.83299				2
2024.10.02	00:20:06.292	0.83300				2
2024.10.02	00:20:08.314	0.83301				2
2024.10.02	00:20:11.241		0.83385			4
2024.10.02	00:20:11.715		0.83386			4
2024.10.02	00:20:15.218		0.83385			4
2024.10.02	00:20:20.329	0.83299				2
2024.10.02	00:20:22.353		0.83386			4
2024.10.02	00:20:25.231	0.83300				2
2024.10.02	00:20:26.978	0.83299	0.83387			6
2024.10.02	00:20:28.602	0.83300	0.83382			6
2024.10.02	00:20:32.141		0.83387			4
2024.10.02	00:20:39.863	0.83299	0.83389			6
2024.10.02	00:20:40.211		0.83387			4
2024.10.02	00:20:40.752	0.83302	0.83388			6
2024.10.02	00:20:42.433	0.83301				2
2024.10.02	00:20:43.137	0.83300	0.83384			6
2024.10.02	00:20:44.763		0.83381			4
2024.10.02	00:20:48.433	0.83304	0.83382			6
2024.10.02	00:20:49.891		0.83381			4
2024.10.02	00:20:52.567		0.83382			4
2024.10.02	00:20:57.743	0.83309	0.83384			6
2024.10.02	00:20:59.543	0.83308				2
2024.10.02	00:21:01.440	0.83308				2
2024.10.02	00:21:08.101	0.83310	0.83387			6
2024.10.02	00:21:08.409		0.83388			4
2024.10.02	00:21:11.836		0.83384			4
2024.10.02	00:21:18.449		0.83385			4
2024.10.02	00:21:19.765	0.83311				2
2024.10.02	00:21:20.362	0.83312	0.83386			6
2024.10.02	00:21:22.017		0.83385			4
2024.10.02	00:21:24.191		0.83394			4
2024.10.02	00:21:25.585		0.83385			4
2024.10.02	00:21:26.900	0.83309	0.83392			6
2024.10.02	00:21:33.084	0.83308	0.83390			6
2024.10.02	00:21:33.914		0.83387			4
2024.10.02	00:21:34.350		0.83393			4
2024.10.02	00:21:34.738		0.83391			4
2024.10.02	00:21:35.099		0.83392			4
2024.10.02	00:21:36.450		0.83394			4
2024.10.02	00:21:37.540	0.83301	0.83392			6
2024.10.02	00:21:40.317		0.83394			4
2024.10.02	00:21:41.286		0.83386			4
2024.10.02	00:21:59.677	0.83302				2
2024.10.02	00:22:00.309	0.83302				2
2024.10.02	00:22:04.702		0.83392			4
2024.10.02	00:22:05.647		0.83391			4
2024.10.02	00:22:10.600		0.83390			4
2024.10.02	00:22:12.354		0.83389			4
2024.10.02	00:22:15.590		0.83390			4
2024.10.02	00:22:16.672	0.83299	0.83388			6
2024.10.02	00:22:20.177	0.83298	0.83387			6
2024.10.02	00:22:22.916	0.83299				2
2024.10.02	00:22:25.587	0.83298				2
2024.10.02	00:22:26.433	0.83299				2
2024.10.02	00:22:30.208	0.83294				2
2024.10.02	00:22:30.524		0.83388			4
2024.10.02	00:22:33.116		0.83390			4
2024.10.02	00:22:35.297		0.83393			4
2024.10.02	00:22:35.662		0.83391			4
2024.10.02	00:22:38.054		0.83390			4
2024.10.02	00:22:40.334	0.83293				2
2024.10.02	00:22:42.353	0.83294				2
2024.10.02	00:22:45.309		0.83389			4
2024.10.02	00:22:48.837		0.83384			4
2024.10.02	00:22:54.550	0.83293	0.83385			6
2024.10.02	00:22:57.403		0.83384			4
2024.10.02	00:22:59.474		0.83383			4
2024.10.02	00:23:03.547	0.83293				2
2024.10.02	00:23:54.472		0.83381			4
2024.10.02	00:24:00.312	0.83293				2
2024.10.02	00:24:16.377	0.83292				2
2024.10.02	00:24:21.015	0.83291				2
2024.10.02	00:24:34.501	0.83290				2
2024.10.02	00:24:57.527		0.83381			4
2024.10.02	00:25:00.326	0.83290				2
2024.10.02	00:25:04.544	0.83289				2
2024.10.02	00:25:06.109	0.83290				2
2024.10.02	00:25:16.388	0.83289				2
2024.10.02	00:25:20.196	0.83290				2
2024.10.02	00:25:28.735	0.83289				2
2024.10.02	00:25:34.120	0.83290				2
2024.10.02	00:25:36.722	0.83289				2
2024.10.02	00:25:37.461	0.83286	0.83364			6
2024.10.02	00:25:37.845	0.83287				2
2024.10.02	00:25:39.180	0.83288	0.83363			6
2024.10.02	00:25:40.767		0.83359			4
2024.10.02	00:25:43.295		0.83355			4
2024.10.02	00:25:44.397	0.83285	0.83353			6
2024.10.02	00:25:44.830		0.83354			4
2024.10.02	00:25:48.411	0.83284				2
2024.10.02	00:25:52.669	0.83282				2
2024.10.02	00:25:55.465	0.83283				2
2024.10.02	00:25:56.358	0.83284				2
2024.10.02	00:25:56.662	0.83277	0.83341			6
2024.10.02	00:25:56.985	0.83280	0.83351			6
2024.10.02	00:26:00.052	0.83282				2
2024.10.02	00:26:01.829		0.83345			4
2024.10.02	00:26:04.868	0.83289				2
2024.10.02	00:26:07.543		0.83360			4
2024.10.02	00:26:21.269	0.83290				2
2024.10.02	00:26:22.162	0.83289	0.83366			6
2024.10.02	00:27:00.445	0.83289				2
2024.10.02	00:27:03.908	0.83290				2
2024.10.02	00:27:04.871		0.83363			4
2024.10.02	00:27:09.570	0.83289				2
2024.10.02	00:27:17.947	0.83290				2
2024.10.02	00:27:20.975	0.83289				2
2024.10.02	00:27:42.335	0.83290				2
2024.10.02	00:27:49.824	0.83289				2
2024.10.02	00:27:54.235	0.83290				2
2024.10.02	00:27:54.875	0.83289				2
2024.10.02	00:28:02.366	0.83289				2
2024.10.02	00:28:06.417	0.83290	0.83363			6
2024.10.02	00:28:13.826	0.83289				2
2024.10.02	00:28:28.931	0.83290				2
2024.10.02	00:28:30.570	0.83289				2
2024.10.02	00:29:01.196	0.83289				2
2024.10.02	00:29:05.634	0.83290				2
2024.10.02	00:29:07.172		0.83363			4
2024.10.02	00:29:10.764	0.83289				2
2024.10.02	00:29:43.761	0.83290				2
2024.10.02	00:29:48.556	0.83289				2
2024.10.02	00:30:00.331	0.83289				2
2024.10.02	00:30:07.205		0.83363			4
2024.10.02	00:30:16.408	0.83302				2
2024.10.02	00:30:22.434	0.83297				2
2024.10.02	00:30:24.160	0.83298				2
2024.10.02	00:30:31.471	0.83299				2
2024.10.02	00:30:35.362	0.83302				2
2024.10.02	00:31:02.061	0.83303				2
2024.10.02	00:31:10.724		0.83363			4
2024.10.02	00:31:32.376	0.83302				2
2024.10.02	00:31:32.955	0.83303				2
2024.10.02	00:31:33.739	0.83302				2
2024.10.02	00:31:34.605	0.83303				2
2024.10.02	00:32:00.955	0.83303				2
2024.10.02	00:32:11.106		0.83363			4
2024.10.02	00:32:19.681	0.83304				2
2024.10.02	00:33:02.966	0.83304				2
2024.10.02	00:33:12.559		0.83363			4
2024.10.02	00:34:00.384	0.83304				2
2024.10.02	00:34:15.178		0.83363			4
2024.10.02	00:34:49.599	0.83303				2
2024.10.02	00:35:00.467	0.83305				2
2024.10.02	00:35:04.951	0.83306				2
2024.10.02	00:35:06.203	0.83305				2
2024.10.02	00:35:06.522	0.83304				2
2024.10.02	00:35:15.721		0.83363			4
2024.10.02	00:35:47.872	0.83303	0.83357			6
2024.10.02	00:35:50.318	0.83304	0.83356			6
2024.10.02	00:35:51.053	0.83303				2
2024.10.02	00:35:52.161	0.83302	0.83371			6
2024.10.02	00:35:52.711	0.83305	0.83360			6
2024.10.02	00:35:53.705		0.83359			4
2024.10.02	00:35:54.214	0.83306	0.83360			6
2024.10.02	00:35:54.833	0.83304				2
2024.10.02	00:35:57.545	0.83305				2
2024.10.02	00:36:03.165	0.83305				2
2024.10.02	00:36:07.231	0.83304				2
2024.10.02	00:36:16.356		0.83363			4
2024.10.02	00:36:27.323	0.83303	0.83360			6
2024.10.02	00:36:49.284		0.83365			4
2024.10.02	00:36:52.286	0.83305	0.83360			6
2024.10.02	00:36:56.372	0.83304				2
2024.10.02	00:36:57.811	0.83305				2
2024.10.02	00:36:59.495	0.83301	0.83363			6
2024.10.02	00:37:00.033	0.83305	0.83361			6
2024.10.02	00:37:01.153	0.83303	0.83359			6
2024.10.02	00:37:01.665	0.83304	0.83358			6
2024.10.02	00:37:02.026	0.83305				2
2024.10.02	00:37:02.813		0.83359			4
2024.10.02	00:37:03.414	0.83304				2
2024.10.02	00:37:03.919		0.83358			4
2024.10.02	00:37:05.436	0.83306				2
2024.10.02	00:37:07.022	0.83307				2
2024.10.02	00:37:09.806		0.83369			4
2024.10.02	00:37:12.234	0.83306	0.83361			6
2024.10.02	00:37:13.727	0.83303				2
2024.10.02	00:37:14.315	0.83306				2
2024.10.02	00:37:18.160	0.83305				2
2024.10.02	00:37:22.238	0.83306	0.83362			6
2024.10.02	00:38:01.166	0.83306				2
2024.10.02	00:38:02.237	0.83304	0.83358			6
2024.10.02	00:38:06.186	0.83305				2
2024.10.02	00:38:07.398		0.83360			4
2024.10.02	00:38:08.429	0.83301	0.83356			6
2024.10.02	00:38:08.767		0.83359			4
2024.10.02	00:38:10.364	0.83305	0.83361			6
2024.10.02	00:38:13.861	0.83304	0.83360			6
2024.10.02	00:38:15.671	0.83305	0.83358			6
2024.10.02	00:38:16.188	0.83303				2
2024.10.02	00:38:16.932	0.83304				2
2024.10.02	00:38:18.152	0.83305	0.83355			6
2024.10.02	00:38:20.661	0.83304				2
2024.10.02	00:38:32.252	0.83305				2
2024.10.02	00:38:32.967		0.83360			4
2024.10.02	00:38:35.747	0.83306				2
2024.10.02	00:38:40.787	0.83305				2
2024.10.02	00:38:41.194	0.83304				2
2024.10.02	00:39:02.172	0.83304				2
2024.10.02	00:39:41.238		0.83360			4
2024.10.02	00:39:49.272	0.83306				2
2024.10.02	00:39:49.744	0.83291	0.83361			6
2024.10.02	00:40:12.776	0.83291				2
2024.10.02	00:40:51.567	0.83290	0.83361			6
2024.10.02	00:41:00.126	0.83290				2
2024.10.02	00:41:04.337	0.83291				2
2024.10.02	00:41:16.124	0.83292				2
2024.10.02	00:41:33.272	0.83293				2
2024.10.02	00:41:34.547		0.83362			4
2024.10.02	00:42:00.987	0.83293				2
2024.10.02	00:42:04.340		0.83369			4
2024.10.02	00:42:33.136		0.83361			4
2024.10.02	00:43:01.442	0.83293				2
2024.10.02	00:43:06.487		0.83369			4
2024.10.02	00:43:17.756		0.83368			4
2024.10.02	00:43:36.132		0.83355			4
2024.10.02	00:43:42.566	0.83294				2
2024.10.02	00:44:00.975	0.83294				2
2024.10.02	00:44:44.661		0.83355			4
2024.10.02	00:44:58.841	0.83295				2
2024.10.02	00:45:00.461	0.83295				2
2024.10.02	00:45:02.062	0.83294	0.83348			6
2024.10.02	00:45:04.040	0.83296	0.83355			6
2024.10.02	00:45:06.527	0.83308	0.83343			6
2024.10.02	00:45:20.870		0.83342			4
2024.10.02	00:45:23.820	0.83307				2
2024.10.02	00:46:00.433	0.83307				2
2024.10.02	00:46:20.895		0.83342			4
2024.10.02	00:46:56.070	0.83308				2
2024.10.02	00:47:02.082	0.83305	0.83335			6
2024.10.02	00:47:04.020	0.83308	0.83342			6
2024.10.02	00:47:20.835	0.83307	0.83347			6
2024.10.02	00:47:35.665	0.83308				2
2024.10.02	00:47:51.380		0.83350			4
2024.10.02	00:47:51.682		0.83347			4
2024.10.02	00:47:53.286		0.83350			4
2024.10.02	00:48:05.726	0.83307	0.83344			6
2024.10.02	00:48:08.885	0.83308				2
2024.10.02	00:48:15.740		0.83345			4
2024.10.02	00:48:16.046		0.83344			4
2024.10.02	00:48:38.013	0.83301	0.83328			6
2024.10.02	00:48:40.860	0.83300	0.83327			6
2024.10.02	00:48:58.804	0.83304	0.83347			6
2024.10.02	00:49:00.319	0.83304				2
2024.10.02	00:49:02.086	0.83302	0.83329			6
2024.10.02	00:49:35.318	0.83305	0.83332			6
2024.10.02	00:49:36.825	0.83306	0.83340			6
2024.10.02	00:49:42.573	0.83305	0.83341			6
2024.10.02	00:49:51.144	0.83304				2
2024.10.02	00:50:00.977	0.83304				2
2024.10.02	00:50:02.087	0.83305	0.83339			6
2024.10.02	00:50:02.657	0.83304	0.83340			6
2024.10.02	00:50:04.361	0.83305	0.83339			6
2024.10.02	00:50:05.425	0.83304	0.83340			6
2024.10.02	00:50:07.382	0.83305	0.83339			6
2024.10.02	00:51:02.089	0.83305				2
2024.10.02	00:51:07.947		0.83339			4
2024.10.02	00:51:21.733	0.83304	0.83334			6
2024.10.02	00:51:22.840		0.83355			4
2024.10.02	00:51:26.453		0.83356			4
2024.10.02	00:51:27.108		0.83334			4
2024.10.02	00:51:28.959	0.83305				2
2024.10.02	00:51:31.726	0.83304				2
2024.10.02	00:51:52.839		0.83352			4
2024.10.02	00:51:53.664		0.83345			4
2024.10.02	00:52:00.524	0.83304				2
2024.10.02	00:52:04.922		0.83339			4
2024.10.02	00:52:23.670		0.83345			4
2024.10.02	00:52:25.208		0.83339			4
2024.10.02	00:52:27.741		0.83334			4
2024.10.02	00:52:30.009	0.83305				2
2024.10.02	00:52:30.419		0.83333			4
2024.10.02	00:52:30.724		0.83336			4
2024.10.02	00:52:32.668		0.83333			4
2024.10.02	00:52:33.216		0.83335			4
2024.10.02	00:52:34.370	0.83306				2
2024.10.02	00:52:35.525		0.83342			4
2024.10.02	00:52:35.854	0.83305	0.83343			6
2024.10.02	00:52:43.626	0.83302	0.83331			6
2024.10.02	00:52:45.206	0.83303	0.83330			6
2024.10.02	00:52:46.448	0.83301	0.83332			6
2024.10.02	00:52:54.592		0.83329			4
2024.10.02	00:52:57.698	0.83302	0.83328			6
2024.10.02	00:53:00.823	0.83301	0.83327			6
2024.10.02	00:53:05.331	0.83300				2
2024.10.02	00:54:00.978	0.83300	0.83327			6
2024.10.02	00:54:40.038	0.83301				2
2024.10.02	00:55:00.404	0.83301				2
2024.10.02	00:55:01.888		0.83327			4
2024.10.02	00:56:00.977	0.83301				2
2024.10.02	00:56:06.975		0.83327			4
2024.10.02	00:56:21.261	0.83300	0.83326			6
2024.10.02	00:57:12.788	0.83300				2
2024.10.02	00:57:22.370		0.83326			4
2024.10.02	00:57:52.951	0.83298	0.83324			6
2024.10.02	00:57:53.402	0.83303	0.83326			6
2024.10.02	00:57:55.630	0.83298	0.83324			6
2024.10.02	00:58:00.401	0.83298				2
2024.10.02	00:58:01.000	0.83297				2
2024.10.02	00:58:08.047		0.83323			4
2024.10.02	00:58:11.072	0.83296	0.83322			6
2024.10.02	00:58:17.620		0.83323			4
2024.10.02	00:58:32.421	0.83297	0.83324			6
2024.10.02	00:58:36.861	0.83293	0.83323			6
2024.10.02	00:58:37.925		0.83321			4
2024.10.02	00:58:43.462	0.83294	0.83320			6
2024.10.02	00:58:53.939	0.83292	0.83318			6
2024.10.02	00:58:57.666		0.83319			4
2024.10.02	00:58:57.983	0.83290				2
2024.10.02	00:58:58.331	0.83289	0.83318			6
2024.10.02	00:58:58.872		0.83320			4
2024.10.02	00:59:00.310	0.83289				2
2024.10.02	00:59:01.511	0.83295	0.83321			6
2024.10.02	00:59:04.761	0.83296	0.83322			6
2024.10.02	00:59:08.787	0.83297	0.83323			6
2024.10.02	00:59:09.436	0.83298	0.83325			6
2024.10.02	00:59:09.843	0.83301	0.83328			6
2024.10.02	00:59:10.171	0.83303	0.83329			6
2024.10.02	00:59:11.957	0.83304	0.83333			6
2024.10.02	00:59:12.284	0.83305	0.83332			6
2024.10.02	00:59:12.733	0.83308	0.83335			6
2024.10.02	00:59:13.179	0.83307	0.83336			6
2024.10.02	00:59:14.397		0.83335			4
2024.10.02	00:59:42.781	0.83308				2
2024.10.02	01:00:00.308	0.83308	0.83338			6
2024.10.02	01:00:00.619		0.83340			4
2024.10.02	01:00:00.952	0.83307	0.83339			6
2024.10.02	01:00:01.260	0.83305	0.83337			6
2024.10.02	01:00:01.597	0.83308	0.83339			6
2024.10.02	01:00:02.319	0.83317	0.83345			6
2024.10.02	01:00:02.890	0.83314	0.83344			6
2024.10.02	01:00:03.273	0.83313				2
2024.10.02	01:00:03.850	0.83312	0.83343			6
2024.10.02	01:00:04.517	0.83298	0.83339			6
2024.10.02	01:00:05.363		0.83338			4
2024.10.02	01:00:06.381	0.83302	0.83339			6
2024.10.02	01:00:06.682	0.83316	0.83341			6
2024.10.02	01:00:06.989	0.83314	0.83345			6
2024.10.02	01:00:07.328	0.83313	0.83344			6
2024.10.02	01:00:07.941	0.83312	0.83345			6
2024.10.02	01:00:08.633	0.83313				2
2024.10.02	01:00:08.942		0.83344			4
2024.10.02	01:00:09.431	0.83310	0.83340			6
2024.10.02	01:00:09.741	0.83307	0.83337			6
2024.10.02	01:00:10.424	0.83308	0.83338			6
2024.10.02	01:00:10.772		0.83337			4
2024.10.02	01:00:11.744	0.83298	0.83335			6
2024.10.02	01:00:12.109	0.83300	0.83333			6
2024.10.02	01:00:15.374	0.83298	0.83336			6
2024.10.02	01:00:16.001	0.83299	0.83335			6
2024.10.02	01:00:16.461	0.83302				2
2024.10.02	01:00:16.790		0.83336			4
2024.10.02	01:00:18.243	0.83300				2
2024.10.02	01:00:19.428	0.83301				2
2024.10.02	01:00:24.306	0.83302				2
2024.10.02	01:00:25.625	0.83310	0.83340			6
2024.10.02	01:00:26.527	0.83315	0.83344			6
2024.10.02	01:00:27.891	0.83310	0.83340			6
2024.10.02	01:00:28.324	0.83313	0.83341			6
2024.10.02	01:00:28.637	0.83311	0.83340			6
2024.10.02	01:00:28.943	0.83313	0.83337			6
2024.10.02	01:00:29.303	0.83310	0.83338			6
2024.10.02	01:00:29.603	0.83314	0.83342			6
2024.10.02	01:00:29.927	0.83307	0.83325			6
2024.10.02	01:00:30.244	0.83310	0.83326			6
2024.10.02	01:00:31.444	0.83306	0.83328			6
2024.10.02	01:00:31.781	0.83310	0.83326			6
2024.10.02	01:00:32.397	0.83309				2
2024.10.02	01:00:40.323	0.83307	0.83327			6
2024.10.02	01:00:45.907	0.83305	0.83328			6
2024.10.02	01:00:46.856	0.83304	0.83325			6
2024.10.02	01:00:47.165	0.83310	0.83326			6
2024.10.02	01:00:49.751	0.83308	0.83328			6
2024.10.02	01:00:51.524	0.83307	0.83330			6
2024.10.02	01:01:00.316	0.83307				2
2024.10.02	01:01:01.040		0.83332			4
2024.10.02	01:01:03.366		0.83328			4
2024.10.02	01:01:08.062	0.83305	0.83327			6
2024.10.02	01:01:09.021	0.83307	0.83329			6
2024.10.02	01:01:25.905	0.83308				2
2024.10.02	01:01:31.299	0.83310	0.83328			6
2024.10.02	01:01:31.797	0.83308	0.83329			6
2024.10.02	01:01:35.644		0.83328			4
2024.10.02	01:01:40.391	0.83307	0.83329			6
2024.10.02	01:01:40.707		0.83328			4
2024.10.02	01:01:41.380	0.83308				2
2024.10.02	01:01:42.263		0.83329			4
2024.10.02	01:01:50.532	0.83310	0.83330			6
2024.10.02	01:01:56.426	0.83308				2
2024.10.02	01:01:57.885	0.83310				2
2024.10.02	01:02:01.425	0.83311				2
2024.10.02	01:02:08.383	0.83310				2
2024.10.02	01:02:25.461		0.83329			4
2024.10.02	01:02:27.168		0.83330			4
2024.10.02	01:02:28.761	0.83311	0.83329			6
2024.10.02	01:02:32.238	0.83312				2
2024.10.02	01:02:34.839	0.83311				2
2024.10.02	01:02:36.961	0.83310	0.83328			6
2024.10.02	01:02:37.918		0.83329			4
2024.10.02	01:02:38.259		0.83328			4
2024.10.02	01:02:41.909	0.83311	0.83330			6
2024.10.02	01:02:42.870	0.83312				2
2024.10.02	01:02:43.461	0.83313				2
2024.10.02	01:03:00.377	0.83313				2
2024.10.02	01:03:03.970	0.83320	0.83338			6
2024.10.02	01:03:04.287	0.83317	0.83334			6
2024.10.02	01:03:04.811	0.83316	0.83333			6
2024.10.02	01:03:08.282	0.83318	0.83335			6
2024.10.02	01:03:09.286	0.83321	0.83339			6
2024.10.02	01:03:10.359	0.83322	0.83340			6
2024.10.02	01:03:13.766	0.83321				2
2024.10.02	01:03:15.497	0.83322				2
2024.10.02	01:03:25.711		0.83341			4
2024.10.02	01:03:26.045	0.83321	0.83338			6
2024.10.02	01:03:27.818	0.83322				2
2024.10.02	01:03:28.446	0.83321				2
2024.10.02	01:03:30.898	0.83324	0.83340			6
2024.10.02	01:03:31.412	0.83326	0.83341			6
2024.10.02	01:03:39.561	0.83322	0.83338			6
2024.10.02	01:03:42.562	0.83323				2
2024.10.02	01:03:47.839	0.83322				2
2024.10.02	01:03:52.571	0.83323				2
2024.10.02	01:03:53.575	0.83322				2
2024.10.02	01:04:03.263	0.83323				2
2024.10.02	01:04:05.138	0.83324	0.83337			6
2024.10.02	01:04:05.716	0.83323				2
2024.10.02	01:04:12.440	0.83324				2
2024.10.02	01:04:22.467	0.83321	0.83335			6
2024.10.02	01:04:22.862	0.83323	0.83336			6
2024.10.02	01:04:24.852	0.83322	0.83335			6
2024.10.02	01:04:33.234	0.83326	0.83339			6
2024.10.02	01:04:34.168	0.83323	0.83337			6
2024.10.02	01:04:35.095		0.83336			4
2024.10.02	01:04:47.363	0.83324				2
2024.10.02	01:04:56.535	0.83323				2
2024.10.02	01:04:58.762	0.83327	0.83338			6
2024.10.02	01:04:59.081		0.83339			4
2024.10.02	01:05:00.321	0.83324	0.83336			6
2024.10.02	01:05:00.625	0.83322	0.83335			6
2024.10.02	01:05:04.166	0.83323				2
2024.10.02	01:05:18.765		0.83337			4
2024.10.02	01:05:19.073	0.83324				2
2024.10.02	01:05:20.172	0.83325				2
2024.10.02	01:05:21.380	0.83326				2
2024.10.02	01:05:32.120	0.83325				2
2024.10.02	01:05:35.217	0.83327	0.83339			6
2024.10.02	01:05:38.307	0.83328				2
2024.10.02	01:05:50.966	0.83327				2
2024.10.02	01:05:52.986	0.83328				2
2024.10.02	01:06:00.559	0.83328				2
2024.10.02	01:06:01.273	0.83329	0.83340			6
2024.10.02	01:06:10.876		0.83342			4
2024.10.02	01:06:11.724	0.83330				2
2024.10.02	01:06:17.364	0.83329				2
2024.10.02	01:06:20.362	0.83330				2
2024.10.02	01:06:33.662	0.83329				2
2024.10.02	01:06:46.464	0.83331				2
2024.10.02	01:06:48.565	0.83330				2
2024.10.02	01:06:58.597	0.83329				2
2024.10.02	01:07:00.576	0.83329				2
2024.10.02	01:07:07.470	0.83330				2
2024.10.02	01:07:12.368		0.83342			4
2024.10.02	01:07:13.598	0.83332				2
2024.10.02	01:07:16.464		0.83343			4
2024.10.02	01:07:21.564	0.83333				2
2024.10.02	01:07:56.664	0.83332	0.83342			6
2024.10.02	01:08:00.136	0.83332				2
2024.10.02	01:08:03.564		0.83343			4
2024.10.02	01:08:18.712		0.83344			4
2024.10.02	01:08:19.347	0.83335	0.83345			6
2024.10.02	01:08:22.324	0.83336	0.83346			6
2024.10.02	01:08:45.564		0.83345			4
2024.10.02	01:08:54.560		0.83346			4
2024.10.02	01:09:00.376	0.83336	0.83345			6
2024.10.02	01:09:05.065		0.83346			4
2024.10.02	01:09:26.661		0.83345			4
2024.10.02	01:09:37.301		0.83346			4
2024.10.02	01:09:47.361		0.83345			4
2024.10.02	01:10:00.564	0.83335	0.83344			6
2024.10.02	01:10:05.624	0.83336	0.83345			6
2024.10.02	01:10:36.266	0.83335	0.83344			6
2024.10.02	01:10:40.980	0.83336				2
2024.10.02	01:10:59.288	0.83335				2
2024.10.02	01:11:00.834	0.83335				2
2024.10.02	01:11:07.556		0.83343			4
2024.10.02	01:11:17.065		0.83344			4
2024.10.02	01:11:32.675	0.83336				2
2024.10.02	01:11:52.147	0.83335				2
2024.10.02	01:11:53.952	0.83336				2
2024.10.02	01:12:01.329	0.83336				2
2024.10.02	01:12:12.424		0.83343			4
2024.10.02	01:12:41.833	0.83338	0.83346			6
2024.10.02	01:12:45.216	0.83339	0.83347			6
2024.10.02	01:12:46.466	0.83340	0.83348			6
2024.10.02	01:12:54.684	0.83341				2
2024.10.02	01:12:56.422	0.83338	0.83346			6
2024.10.02	01:12:56.767	0.83337	0.83344			6
2024.10.02	01:12:57.686	0.83335				2
2024.10.02	01:13:00.042	0.83335				2
2024.10.02	01:13:02.489		0.83343			4
2024.10.02	01:13:11.563	0.83336				2
2024.10.02	01:13:12.529		0.83341			4
2024.10.02	01:13:16.782	0.83335				2
2024.10.02	01:13:23.542		0.83342			4
2024.10.02	01:13:30.262	0.83336				2
2024.10.02	01:13:31.180		0.83341			4
2024.10.02	01:13:37.768		0.83344			4
2024.10.02	01:13:40.764		0.83343			4
2024.10.02	01:13:58.161	0.83337	0.83344			6
2024.10.02	01:14:00.470	0.83337				2
2024.10.02	01:14:21.091	0.83336	0.83343			6
2024.10.02	01:14:22.254	0.83335	0.83342			6
2024.10.02	01:14:32.198	0.83336	0.83343			6
2024.10.02	01:14:35.069	0.83337	0.83344			6
2024.10.02	01:14:54.863		0.83343			4
2024.10.02	01:15:00.377	0.83337				2
2024.10.02	01:15:23.965	0.83338	0.83344			6
2024.10.02	01:15:28.529	0.83339	0.83345			6
2024.10.02	01:15:57.615	0.83333	0.83339			6
2024.10.02	01:16:00.318	0.83333				2
2024.10.02	01:16:21.562	0.83334				2
2024.10.02	01:16:35.396	0.83332	0.83338			6
2024.10.02	01:16:35.705		0.83339			4
2024.10.02	01:16:51.217	0.83333				2
2024.10.02	01:17:00.443	0.83333				2
2024.10.02	01:17:03.909	0.83332	0.83337			6
2024.10.02	01:17:04.270	0.83333				2
2024.10.02	01:17:04.761		0.83338			4
2024.10.02	01:17:14.776	0.83340	0.83345			6
2024.10.02	01:17:17.536	0.83339				2
2024.10.02	01:17:22.121	0.83342	0.83347			6
2024.10.02	01:17:59.534	0.83341	0.83346			6
2024.10.02	01:17:59.847	0.83338	0.83342			6
2024.10.02	01:18:00.211	0.83338				2
2024.10.02	01:18:00.559	0.83336				2
2024.10.02	01:18:01.406	0.83337				2
2024.10.02	01:18:04.209	0.83343	0.83347			6
2024.10.02	01:18:04.601	0.83344				2
2024.10.02	01:18:27.562		0.83348			4
2024.10.02	01:18:49.523	0.83341	0.83344			6
2024.10.02	01:18:49.877	0.83340				2
2024.10.02	01:18:51.116		0.83343			4
2024.10.02	01:19:00.367	0.83340				2
2024.10.02	01:19:04.941	0.83341	0.83345			6
2024.10.02	01:19:19.524	0.83338				2
2024.10.02	01:19:20.975		0.83344			4
2024.10.02	01:19:26.397		0.83345			4
2024.10.02	01:19:36.018	0.83340				2
2024.10.02	01:19:36.763		0.83346			4
2024.10.02	01:19:37.109	0.83341				2
2024.10.02	01:19:39.828	0.83340				2
2024.10.02	01:19:43.760		0.83347			4
2024.10.02	01:19:48.462	0.83339				2
2024.10.02	01:19:54.282	0.83340				2
2024.10.02	01:19:54.751		0.83346			4
2024.10.02	01:19:55.193	0.83339				2
2024.10.02	01:19:57.347	0.83341	0.83344			6
2024.10.02	01:20:01.761	0.83341				2
2024.10.02	01:20:04.905	0.83340	0.83345			6
2024.10.02	01:20:45.888	0.83341	0.83344			6
2024.10.02	01:20:52.169		0.83345			4
2024.10.02	01:20:53.820		0.83344			4
2024.10.02	01:21:00.924	0.83341				2
2024.10.02	01:21:01.586	0.83340	0.83345			6
2024.10.02	01:21:06.577	0.83342	0.83344			6
2024.10.02	01:21:30.963	0.83340				2
2024.10.02	01:21:36.858	0.83339				2
2024.10.02	01:21:48.370	0.83341				2
2024.10.02	01:21:50.955	0.83339	0.83345			6
2024.10.02	01:21:53.600		0.83344			4
2024.10.02	01:21:54.657	0.83340	0.83346			6
2024.10.02	01:21:56.995	0.83341				2
2024.10.02	01:21:59.047	0.83340				2
2024.10.02	01:22:00.264	0.83340				2
2024.10.02	01:22:01.385	0.83341				2
2024.10.02	01:22:04.382	0.83339				2
2024.10.02	01:22:08.817	0.83344				2
2024.10.02	01:22:09.125	0.83342				2
2024.10.02	01:22:13.861	0.83344				2
2024.10.02	01:22:30.381	0.83345	0.83347			6
2024.10.02	01:23:00.980	0.83345				2
2024.10.02	01:23:08.384		0.83346			4
2024.10.02	01:23:52.153		0.83347			4
2024.10.02	01:23:53.267	0.83344	0.83346			6
2024.10.02	01:23:55.420	0.83345				2
2024.10.02	01:23:56.960		0.83347			4
2024.10.02	01:24:00.101	0.83345				2
2024.10.02	01:24:27.760		0.83346			4
2024.10.02	01:24:57.285	0.83346	0.83347			6
2024.10.02	01:25:01.127	0.83346				2
2024.10.02	01:25:08.664	0.83344	0.83348			6
2024.10.02	01:25:14.062		0.83347			4
2024.10.02	01:25:14.821	0.83345				2
2024.10.02	01:25:15.471	0.83344				2
2024.10.02	01:25:18.181		0.83346			4
2024.10.02	01:25:18.597	0.83345				2
2024.10.02	01:25:19.636	0.83344				2
2024.10.02	01:25:19.988		0.83347			4
2024.10.02	01:25:21.400		0.83346			4
2024.10.02	01:25:22.273		0.83347			4
2024.10.02	01:25:23.146		0.83346			4
2024.10.02	01:25:23.461	0.83346	0.83347			6
2024.10.02	01:25:23.961	0.83345	0.83346			6
2024.10.02	01:25:28.827	0.83344				2
2024.10.02	01:25:29.147	0.83343				2
2024.10.02	01:25:30.086	0.83344				2
2024.10.02	01:25:46.191	0.83343	0.83347			6
2024.10.02	01:25:54.563		0.83346			4
2024.10.02	01:26:03.402	0.83343				2
2024.10.02	01:26:21.261	0.83344				2
2024.10.02	01:26:25.935	0.83343	0.83345			6
2024.10.02	01:26:41.461	0.83344	0.83346			6
2024.10.02	01:26:45.561		0.83345			4
2024.10.02	01:26:47.429	0.83343	0.83346			6
2024.10.02	01:27:00.544	0.83343				2
2024.10.02	01:27:03.613	0.83344				2
2024.10.02	01:27:03.932	0.83343				2
2024.10.02	01:27:26.330	0.83344				2
2024.10.02	01:27:39.878	0.83343	0.83347			6
2024.10.02	01:27:40.505	0.83344				2
2024.10.02	01:28:00.562	0.83344				2
2024.10.02	01:28:07.005	0.83346				2
2024.10.02	01:28:07.981	0.83345				2
2024.10.02	01:28:27.576	0.83346				2
2024.10.02	01:28:39.952		0.83347			4
2024.10.02	01:29:00.289	0.83346				2
2024.10.02	01:29:40.424		0.83347			4
2024.10.02	01:29:41.373	0.83345	0.83346			6
2024.10.02	01:30:00.307	0.83345				2
2024.10.02	01:30:01.017		0.83347			4
2024.10.02	01:30:02.163	0.83343				2
2024.10.02	01:30:04.138	0.83345				2
2024.10.02	01:30:07.300		0.83346			4
2024.10.02	01:30:36.122	0.83344				2
2024.10.02	01:30:44.186		0.83345			4
2024.10.02	01:30:55.892	0.83345	0.83346			6
2024.10.02	01:30:59.453		0.83347			4
2024.10.02	01:31:00.774	0.83346				2
2024.10.02	01:31:27.549	0.83347	0.83348			6
2024.10.02	01:31:36.881	0.83346				2
2024.10.02	01:31:38.978		0.83347			4
2024.10.02	01:31:43.910	0.83347	0.83348			6
2024.10.02	01:32:00.892	0.83347				2
2024.10.02	01:32:11.245	0.83346	0.83347			6
2024.10.02	01:32:13.281	0.83343	0.83344			6
2024.10.02	01:32:28.689	0.83344	0.83345			6
2024.10.02	01:32:31.858	0.83343	0.83344			6
2024.10.02	01:32:36.510	0.83344	0.83345			6
2024.10.02	01:33:00.570	0.83344				2
2024.10.02	01:33:04.250	0.83345	0.83346			6
2024.10.02	01:33:48.727	0.83346	0.83347			6
2024.10.02	01:33:54.897	0.83345	0.83346			6
2024.10.02	01:34:00.296	0.83345				2
2024.10.02	01:34:01.928	0.83344	0.83345			6
2024.10.02	01:34:02.229	0.83342	0.83346			6
2024.10.02	01:34:03.510		0.83345			4
2024.10.02	01:34:07.090	0.83341				2
2024.10.02	01:34:08.652	0.83344				2
2024.10.02	01:34:08.965	0.83342				2
2024.10.02	01:34:09.695	0.83341				2
2024.10.02	01:34:11.189	0.83344				2
2024.10.02	01:34:11.805	0.83342				2
2024.10.02	01:34:18.748	0.83344				2
2024.10.02	01:34:19.308	0.83343				2
2024.10.02	01:34:19.816	0.83342	0.83346			6
2024.10.02	01:34:22.516	0.83343				2
2024.10.02	01:34:23.060	0.83344				2
2024.10.02	01:34:25.372	0.83343				2
2024.10.02	01:34:32.815	0.83344				2
2024.10.02	01:34:34.988	0.83345				2
2024.10.02	01:34:36.101	0.83344				2
2024.10.02	01:34:38.003	0.83343	0.83345			6
2024.10.02	01:34:41.641	0.83345	0.83346			6
2024.10.02	01:35:00.609	0.83345				2
2024.10.02	01:35:10.963	0.83346	0.83347			6
2024.10.02	01:35:49.066	0.83342	0.83343			6
2024.10.02	01:36:00.361	0.83342				2
2024.10.02	01:36:20.690	0.83343	0.83344			6
2024.10.02	01:36:59.674	0.83342	0.83343			6
2024.10.02	01:37:00.033	0.83342				2
2024.10.02	01:37:00.385	0.83343	0.83344			6
2024.10.02	01:37:02.090	0.83341				2
2024.10.02	01:37:08.963	0.83343				2
2024.10.02	01:37:24.812	0.83344	0.83345			6
2024.10.02	01:37:27.599	0.83343	0.83344			6
2024.10.02	01:37:31.595	0.83341	0.83343			6
2024.10.02	01:37:31.904	0.83342				2
2024.10.02	01:37:33.493	0.83341	0.83342			6
2024.10.02	01:37:34.146	0.83340	0.83341			6
2024.10.02	01:37:37.762	0.83339				2
2024.10.02	01:37:38.063		0.83340			4
2024.10.02	01:37:42.284	0.83340	0.83342			6
2024.10.02	01:37:44.943	0.83341				2
2024.10.02	01:37:56.785		0.83343			4
2024.10.02	01:38:00.001	0.83341				2
2024.10.02	01:38:02.825	0.83340	0.83342			6
2024.10.02	01:38:21.309		0.83341			4
2024.10.02	01:38:27.607	0.83339				2
2024.10.02	01:38:31.290	0.83338				2
2024.10.02	01:38:33.128	0.83337				2
2024.10.02	01:38:34.581	0.83336				2
2024.10.02	01:38:36.405	0.83338				2
2024.10.02	01:38:36.720	0.83337	0.83340			6
2024.10.02	01:38:51.304	0.83340	0.83341			6
2024.10.02	01:38:51.692	0.83338	0.83340			6
2024.10.02	01:39:01.288	0.83338				2
2024.10.02	01:39:02.663		0.83341			4
2024.10.02	01:39:08.934	0.83340				2
2024.10.02	01:39:10.177	0.83338				2
2024.10.02	01:39:12.250	0.83340				2
2024.10.02	01:39:22.273	0.83338				2
2024.10.02	01:39:27.261		0.83340			4
2024.10.02	01:39:31.301		0.83341			4
2024.10.02	01:39:35.785	0.83337	0.83340			6
2024.10.02	01:39:37.772	0.83338				2
2024.10.02	01:39:38.072	0.83339				2
2024.10.02	01:39:38.462	0.83338				2
2024.10.02	01:39:42.419		0.83341			4
2024.10.02	01:39:44.398	0.83339	0.83340			6
2024.10.02	01:39:44.717		0.83341			4
2024.10.02	01:39:45.287	0.83338				2
2024.10.02	01:39:54.764		0.83340			4
2024.10.02	01:39:55.090		0.83341			4
2024.10.02	01:39:59.468		0.83340			4
2024.10.02	01:40:00.439	0.83338				2
2024.10.02	01:40:01.023	0.83340	0.83341			6
2024.10.02	01:40:01.782	0.83339	0.83340			6
2024.10.02	01:40:05.004	0.83341	0.83342			6
2024.10.02	01:40:06.058	0.83342	0.83343			6
2024.10.02	01:40:07.629	0.83341	0.83342			6
2024.10.02	01:40:11.437	0.83342	0.83343			6
2024.10.02	01:41:00.017	0.83342				2
2024.10.02	01:41:13.043		0.83343			4
2024.10.02	01:41:21.381	0.83341	0.83342			6
2024.10.02	01:41:22.583	0.83342	0.83343			6
2024.10.02	01:42:07.006	0.83342				2
2024.10.02	01:42:16.955	0.83341	0.83342			6
2024.10.02	01:43:01.710	0.83341				2
2024.10.02	01:43:18.556		0.83342			4
2024.10.02	01:44:01.229	0.83341				2
2024.10.02	01:44:14.735	0.83343	0.83344			6
2024.10.02	01:44:16.040	0.83344	0.83345			6
2024.10.02	01:44:30.526	0.83345	0.83346			6
2024.10.02	01:44:34.774	0.83346	0.83347			6
2024.10.02	01:44:46.541	0.83347	0.83348			6
2024.10.02	01:45:00.455	0.83348	0.83349			6
2024.10.02	01:45:27.542	0.83347	0.83348			6
2024.10.02	01:45:33.146	0.83349	0.83350			6
2024.10.02	01:45:41.954	0.83350	0.83351			6
2024.10.02	01:45:46.744	0.83348	0.83350			6
2024.10.02	01:45:48.593	0.83349				2
2024.10.02	01:45:55.332	0.83348				2
2024.10.02	01:45:55.686	0.83349				2
2024.10.02	01:45:56.128	0.83347	0.83348			6
2024.10.02	01:45:59.423	0.83346	0.83347			6
2024.10.02	01:46:00.040	0.83346				2
2024.10.02	01:46:00.361	0.83347	0.83348			6
2024.10.02	01:46:02.454	0.83344	0.83345			6
2024.10.02	01:46:14.068	0.83343	0.83344			6
2024.10.02	01:46:36.715	0.83344	0.83345			6
2024.10.02	01:46:41.957	0.83345	0.83346			6
2024.10.02	01:46:52.106	0.83343	0.83344			6
2024.10.02	01:47:00.462	0.83343				2
2024.10.02	01:47:20.849	0.83342	0.83343			6
2024.10.02	01:47:23.918	0.83343	0.83344			6
2024.10.02	01:48:03.467	0.83343				2
2024.10.02	01:48:29.364		0.83344			4
2024.10.02	01:49:02.039	0.83343				2
2024.10.02	01:49:02.422	0.83342				2
2024.10.02	01:49:05.297	0.83343				2
2024.10.02	01:49:29.935		0.83344			4
2024.10.02	01:49:44.645	0.83344	0.83345			6
2024.10.02	01:49:57.225	0.83343	0.83344			6
2024.10.02	01:50:00.650	0.83344	0.83345			6
2024.10.02	01:50:13.386	0.83343	0.83344			6
2024.10.02	01:50:36.752	0.83340	0.83342			6
2024.10.02	01:50:47.390		0.83343			4
2024.10.02	01:50:54.502	0.83339				2
2024.10.02	01:50:54.803	0.83338	0.83341			6
2024.10.02	01:50:56.867		0.83342			4
2024.10.02	01:51:00.975	0.83338				2
2024.10.02	01:51:21.381	0.83339	0.83341			6
2024.10.02	01:51:21.855	0.83337	0.83340			6
2024.10.02	01:51:24.887	0.83338	0.83341			6
2024.10.02	01:51:26.463		0.83340			4
2024.10.02	01:51:27.831	0.83339				2
2024.10.02	01:51:29.020	0.83338				2
2024.10.02	01:51:34.121	0.83339				2
2024.10.02	01:51:38.364		0.83341			4
2024.10.02	01:51:39.187	0.83340				2
2024.10.02	01:51:48.908	0.83341	0.83342			6
2024.10.02	01:51:49.455	0.83340	0.83341			6
2024.10.02	01:52:00.493	0.83340				2
2024.10.02	01:52:04.018	0.83338	0.83342			6
2024.10.02	01:52:05.113	0.83340	0.83341			6
2024.10.02	01:52:09.993	0.83339				2
2024.10.02	01:52:35.028	0.83341	0.83342			6
2024.10.02	01:52:35.962	0.83339				2
2024.10.02	01:52:48.262		0.83341			4
2024.10.02	01:52:49.661	0.83338				2
2024.10.02	01:53:04.764	0.83338				2
2024.10.02	01:53:21.619		0.83342			4
2024.10.02	01:53:27.568		0.83341			4
2024.10.02	01:53:53.369	0.83341	0.83342			6
2024.10.02	01:54:00.591	0.83341				2
2024.10.02	01:54:04.727	0.83340	0.83341			6
2024.10.02	01:54:05.127	0.83339	0.83342			6
2024.10.02	01:54:20.666		0.83341			4
2024.10.02	01:54:22.507	0.83340				2
2024.10.02	01:54:23.416	0.83341	0.83342			6
2024.10.02	01:54:52.310	0.83340				2
2024.10.02	01:54:52.949	0.83341				2
2024.10.02	01:55:00.402	0.83341				2
2024.10.02	01:55:24.267		0.83342			4
2024.10.02	01:56:01.033	0.83342	0.83343			6
2024.10.02	01:56:33.132	0.83343	0.83344			6
2024.10.02	01:56:36.921	0.83344	0.83345			6
2024.10.02	01:56:41.731	0.83343	0.83344			6
2024.10.02	01:57:00.261	0.83343				2
2024.10.02	01:57:33.575	0.83344	0.83345			6
2024.10.02	01:57:36.098	0.83343	0.83344			6
2024.10.02	01:58:00.019	0.83343				2
2024.10.02	01:58:10.969	0.83345	0.83346			6
2024.10.02	01:58:20.610	0.83346	0.83347			6
2024.10.02	01:58:22.687	0.83344	0.83345			6
2024.10.02	01:58:24.216	0.83343	0.83344			6
2024.10.02	01:58:26.721	0.83344	0.83345			6
2024.10.02	01:58:28.769	0.83343				2
2024.10.02	01:58:30.974	0.83344				2
2024.10.02	01:58:34.486	0.83343	0.83344			6
2024.10.02	01:58:57.659		0.83345			4
2024.10.02	01:59:02.097	0.83343				2
2024.10.02	01:59:03.149		0.83344			4
2024.10.02	01:59:26.019	0.83344	0.83345			6
2024.10.02	01:59:27.771	0.83343	0.83344			6
2024.10.02	01:59:28.230	0.83342				2
2024.10.02	01:59:30.406	0.83346	0.83347			6
2024.10.02	01:59:34.360	0.83345	0.83346			6
2024.10.02	01:59:57.249	0.83346	0.83347			6
2024.10.02	02:00:00.357	0.83346				2
2024.10.02	02:00:05.103	0.83347	0.83348			6
2024.10.02	02:00:23.807	0.83346	0.83347			6
2024.10.02	02:01:00.261	0.83346				2
2024.10.02	02:01:24.934		0.83347			4
2024.10.02	02:01:33.947	0.83347	0.83348			6
2024.10.02	02:02:01.024	0.83347				2
2024.10.02	02:02:30.976	0.83345	0.83346			6
2024.10.02	02:02:37.055	0.83346	0.83347			6
2024.10.02	02:03:00.389	0.83346				2
2024.10.02	02:03:06.716	0.83344	0.83345			6
2024.10.02	02:03:07.787	0.83343	0.83344			6
2024.10.02	02:03:10.137	0.83344	0.83345			6
2024.10.02	02:03:10.884	0.83342	0.83346			6
2024.10.02	02:03:13.032	0.83344	0.83345			6
2024.10.02	02:03:29.284	0.83343	0.83344			6
2024.10.02	02:03:36.481	0.83342	0.83343			6
2024.10.02	02:03:47.777	0.83343	0.83344			6
2024.10.02	02:04:00.528	0.83343				2
2024.10.02	02:04:27.556	0.83341	0.83345			6
2024.10.02	02:04:28.857		0.83344			4
2024.10.02	02:04:29.552	0.83343				2
2024.10.02	02:04:36.482	0.83341	0.83342			6
2024.10.02	02:04:37.325	0.83342	0.83343			6
2024.10.02	02:04:38.724	0.83341	0.83342			6
2024.10.02	02:04:58.014	0.83342	0.83343			6
2024.10.02	02:05:00.326	0.83342				2
2024.10.02	02:05:01.681	0.83341	0.83342			6
2024.10.02	02:05:05.132	0.83342	0.83343			6
2024.10.02	02:05:24.668	0.83339	0.83340			6
2024.10.02	02:05:31.141	0.83338	0.83339			6
2024.10.02	02:05:51.353	0.83339	0.83340			6
2024.10.02	02:05:51.775	0.83338	0.83339			6
2024.10.02	02:05:52.786	0.83339	0.83340			6
2024.10.02	02:05:58.723	0.83338	0.83339			6
2024.10.02	02:06:01.207	0.83339	0.83340			6
2024.10.02	02:06:09.388	0.83340	0.83341			6
2024.10.02	02:06:09.926	0.83339	0.83340			6
2024.10.02	02:06:13.165	0.83340	0.83341			6
2024.10.02	02:06:14.192	0.83339	0.83340			6
2024.10.02	02:06:21.643	0.83341	0.83342			6
2024.10.02	02:07:01.833	0.83341				2
2024.10.02	02:07:21.780		0.83342			4
2024.10.02	02:07:58.978	0.83340	0.83341			6
2024.10.02	02:08:00.880	0.83340				2
2024.10.02	02:08:02.680	0.83341	0.83342			6
2024.10.02	02:08:04.341	0.83340	0.83341			6
2024.10.02	02:09:00.434	0.83340				2
2024.10.02	02:09:05.496		0.83341			4
2024.10.02	02:09:49.119	0.83336	0.83337			6
2024.10.02	02:09:50.152	0.83337	0.83338			6
2024.10.02	02:09:50.904	0.83336	0.83337			6
2024.10.02	02:10:01.385	0.83336				2
2024.10.02	02:10:04.701	0.83338	0.83339			6
2024.10.02	02:10:27.072	0.83339	0.83340			6
2024.10.02	02:10:56.090	0.83338	0.83339			6
2024.10.02	02:11:00.000	0.83338				2
2024.10.02	02:11:10.592	0.83339	0.83340			6
2024.10.02	02:11:27.470	0.83340	0.83341			6
2024.10.02	02:12:00.573	0.83340				2
2024.10.02	02:12:31.185		0.83341			4
2024.10.02	02:12:32.226	0.83344	0.83345			6
2024.10.02	02:13:00.038	0.83344				2
2024.10.02	02:13:12.714	0.83342	0.83343			6
2024.10.02	02:13:13.068	0.83341	0.83342			6
2024.10.02	02:13:23.450	0.83342	0.83343			6
2024.10.02	02:13:28.581	0.83341	0.83342			6
2024.10.02	02:13:47.430	0.83342	0.83343			6
2024.10.02	02:13:49.479	0.83338	0.83339			6
2024.10.02	02:13:49.784	0.83337	0.83338			6
2024.10.02	02:13:54.767	0.83338	0.83339			6
2024.10.02	02:14:01.955	0.83338				2
2024.10.02	02:14:14.521	0.83337	0.83338			6
2024.10.02	02:14:28.575	0.83338	0.83339			6
2024.10.02	02:14:51.582	0.83339	0.83340			6
2024.10.02	02:15:00.505	0.83340	0.83341			6
2024.10.02	02:15:05.073	0.83339	0.83340			6
2024.10.02	02:15:33.480	0.83338	0.83339			6
2024.10.02	02:16:00.502	0.83338				2
2024.10.02	02:16:11.839	0.83335	0.83336			6
2024.10.02	02:16:12.142	0.83336	0.83337			6
2024.10.02	02:16:13.810	0.83335	0.83336			6
2024.10.02	02:16:31.678	0.83334	0.83335			6
2024.10.02	02:17:00.317	0.83334				2
2024.10.02	02:17:02.882	0.83335	0.83336			6
2024.10.02	02:17:03.829	0.83334	0.83335			6
2024.10.02	02:17:05.321	0.83333				2
2024.10.02	02:17:07.757	0.83334				2
2024.10.02	02:17:48.424	0.83332	0.83333			6
2024.10.02	02:17:55.212	0.83333	0.83334			6
2024.10.02	02:18:00.656	0.83333				2
2024.10.02	02:18:11.613	0.83334	0.83335			6
2024.10.02	02:18:13.402	0.83333	0.83334			6
2024.10.02	02:18:28.041	0.83334	0.83335			6
2024.10.02	02:18:28.402	0.83333	0.83334			6
2024.10.02	02:18:28.773	0.83334	0.83335			6
2024.10.02	02:18:32.366	0.83335	0.83336			6
2024.10.02	02:18:35.383	0.83337	0.83338			6
2024.10.02	02:18:57.263	0.83338	0.83339			6
2024.10.02	02:19:00.023	0.83338				2
2024.10.02	02:19:16.158	0.83339	0.83340			6
2024.10.02	02:19:30.110	0.83337	0.83338			6
2024.10.02	02:19:55.424	0.83336	0.83337			6
2024.10.02	02:20:00.575	0.83336				2
2024.10.02	02:20:37.226	0.83335	0.83336			6
2024.10.02	02:20:38.742	0.83336	0.83337			6
2024.10.02	02:20:57.110	0.83337	0.83338			6
2024.10.02	02:21:00.040	0.83337				2
2024.10.02	02:21:34.204	0.83336	0.83337			6
2024.10.02	02:21:39.720	0.83337	0.83338			6
2024.10.02	02:21:42.375	0.83336	0.83337			6
2024.10.02	02:22:00.052	0.83336				2
2024.10.02	02:22:03.658	0.83337	0.83338			6
2024.10.02	02:22:18.115	0.83338	0.83339			6
2024.10.02	02:22:24.231	0.83340	0.83341			6
2024.10.02	02:22:24.856	0.83339	0.83340			6
2024.10.02	02:22:35.482	0.83341	0.83342			6
2024.10.02	02:22:59.722	0.83340	0.83341			6
2024.10.02	02:23:00.107	0.83340				2
2024.10.02	02:23:05.689	0.83341	0.83342			6
2024.10.02	02:23:10.806	0.83340	0.83341			6
2024.10.02	02:23:47.386	0.83344	0.83345			6
2024.10.02	02:24:00.732	0.83344				2
2024.10.02	02:24:16.919	0.83343	0.83344			6
2024.10.02	02:24:39.505	0.83344	0.83345			6
2024.10.02	02:25:00.570	0.83343	0.83344			6
2024.10.02	02:25:51.388	0.83344	0.83345			6
2024.10.02	02:26:03.701	0.83345	0.83346			6
2024.10.02	02:26:04.034	0.83346	0.83347			6
2024.10.02	02:26:09.239	0.83347	0.83348			6
2024.10.02	02:26:15.556	0.83348	0.83349			6
2024.10.02	02:26:29.572	0.83349	0.83350			6
2024.10.02	02:26:37.662	0.83348	0.83349			6
2024.10.02	02:27:00.185	0.83348				2
2024.10.02	02:27:04.447	0.83349	0.83350			6
2024.10.02	02:27:11.626	0.83350	0.83351			6
2024.10.02	02:27:26.332	0.83351	0.83352			6
2024.10.02	02:27:26.644	0.83350	0.83351			6
2024.10.02	02:27:26.953	0.83351	0.83352			6
2024.10.02	02:27:44.297	0.83352	0.83353			6
2024.10.02	02:27:45.282	0.83351	0.83352			6
2024.10.02	02:28:02.399	0.83351				2
2024.10.02	02:28:03.773	0.83350	0.83351			6
2024.10.02	02:28:19.874	0.83349	0.83350			6
2024.10.02	02:28:20.258	0.83348	0.83349			6
2024.10.02	02:28:23.904	0.83347	0.83348			6
2024.10.02	02:28:36.422	0.83348	0.83349			6
2024.10.02	02:28:42.538	0.83349	0.83350			6
2024.10.02	02:29:00.394	0.83349				2
2024.10.02	02:29:02.918	0.83350	0.83351			6
2024.10.02	02:29:13.461	0.83349	0.83350			6
2024.10.02	02:29:18.078	0.83347	0.83348			6
2024.10.02	02:29:22.837	0.83348	0.83349			6
2024.10.02	02:29:27.405	0.83347	0.83348			6
2024.10.02	02:29:29.283	0.83348	0.83349			6
2024.10.02	02:29:35.862	0.83347	0.83348			6
2024.10.02	02:29:40.587	0.83346	0.83347			6
2024.10.02	02:29:41.276	0.83347	0.83348			6
2024.10.02	02:29:44.352	0.83346	0.83347			6
2024.10.02	02:30:00.501	0.83346				2
2024.10.02	02:30:10.319	0.83347	0.83348			6
2024.10.02	02:30:10.945	0.83346	0.83347			6
2024.10.02	02:30:23.031	0.83347	0.83348			6
2024.10.02	02:30:36.203	0.83346	0.83347			6
2024.10.02	02:31:01.240	0.83346				2
2024.10.02	02:31:17.607	0.83347	0.83348			6
2024.10.02	02:31:27.197		0.83349			4
2024.10.02	02:31:36.456	0.83348				2
2024.10.02	02:31:40.872	0.83347				2
2024.10.02	02:31:50.051	0.83348	0.83350			6
2024.10.02	02:31:55.388	0.83349	0.83351			6
2024.10.02	02:32:00.877	0.83349				2
2024.10.02	02:32:08.509	0.83350	0.83352			6
2024.10.02	02:32:15.801	0.83349	0.83351			6
2024.10.02	02:32:23.132		0.83352			4
2024.10.02	02:32:23.569	0.83350				2
2024.10.02	02:32:31.107	0.83351				2
2024.10.02	02:33:01.036	0.83351				2
2024.10.02	02:33:02.103	0.83349	0.83351			6
2024.10.02	02:33:02.408	0.83351	0.83352			6
2024.10.02	02:33:20.454	0.83350	0.83351			6
2024.10.02	02:33:25.041	0.83349				2
2024.10.02	02:33:34.244	0.83350				2
2024.10.02	02:33:58.614	0.83349				2
2024.10.02	02:33:58.924	0.83352	0.83353			6
2024.10.02	02:33:59.276		0.83354			4
2024.10.02	02:34:00.328	0.83350	0.83352			6
2024.10.02	02:34:06.322	0.83351				2
2024.10.02	02:34:10.630		0.83353			4
2024.10.02	02:34:15.301		0.83352			4
2024.10.02	02:34:20.230		0.83353			4
2024.10.02	02:34:33.873	0.83350				2
2024.10.02	02:34:36.772	0.83351				2
2024.10.02	02:34:38.697		0.83352			4
2024.10.02	02:34:39.681	0.83350				2
2024.10.02	02:34:48.612	0.83351	0.83353			6
2024.10.02	02:35:00.314	0.83351	0.83352			6
2024.10.02	02:35:06.644		0.83353			4
2024.10.02	02:35:18.766	0.83350	0.83352			6
2024.10.02	02:35:25.571		0.83351			4
2024.10.02	02:35:26.262	0.83349				2
2024.10.02	02:35:30.844	0.83347	0.83349			6
2024.10.02	02:35:31.147	0.83345				2
2024.10.02	02:35:31.479	0.83346				2
2024.10.02	02:35:31.965	0.83345				2
2024.10.02	02:35:40.800	0.83346				2
2024.10.02	02:35:49.687	0.83347				2
2024.10.02	02:35:50.239	0.83348				2
2024.10.02	02:36:00.074	0.83348				2
2024.10.02	02:36:02.611	0.83349	0.83350			6
2024.10.02	02:36:04.900	0.83351	0.83352			6
2024.10.02	02:36:07.121	0.83350	0.83351			6
2024.10.02	02:36:08.871	0.83351	0.83352			6
2024.10.02	02:36:23.493		0.83353			4
2024.10.02	02:36:25.507	0.83352				2
2024.10.02	02:37:00.222	0.83352				2
2024.10.02	02:37:02.610	0.83350	0.83352			6
2024.10.02	02:37:09.314	0.83349	0.83350			6
2024.10.02	02:37:09.624	0.83348				2
2024.10.02	02:37:10.309	0.83347	0.83348			6
2024.10.02	02:37:20.500	0.83348	0.83349			6
2024.10.02	02:37:22.548	0.83347	0.83348			6
2024.10.02	02:37:28.759	0.83345	0.83347			6
2024.10.02	02:37:29.301	0.83346	0.83348			6
2024.10.02	02:37:41.888		0.83347			4
2024.10.02	02:37:42.321		0.83348			4
2024.10.02	02:37:47.608	0.83345	0.83347			6
2024.10.02	02:38:00.434	0.83345				2
2024.10.02	02:38:10.416	0.83346				2
2024.10.02	02:38:20.235		0.83348			4
2024.10.02	02:38:21.984	0.83347				2
2024.10.02	02:38:22.505	0.83348	0.83349			6
2024.10.02	02:39:02.586	0.83347				2
2024.10.02	02:39:10.762		0.83348			4
2024.10.02	02:39:39.827	0.83345	0.83347			6
2024.10.02	02:39:42.213		0.83346			4
2024.10.02	02:40:00.573	0.83345				2
2024.10.02	02:40:02.837	0.83342	0.83344			6
2024.10.02	02:40:39.572	0.83343	0.83345			6
2024.10.02	02:41:00.636	0.83343				2
2024.10.02	02:41:29.194	0.83345	0.83347			6
2024.10.02	02:41:45.986		0.83346			4
2024.10.02	02:41:53.947		0.83347			4
2024.10.02	02:42:01.427	0.83345				2
2024.10.02	02:42:42.199	0.83347	0.83348			6
2024.10.02	02:42:43.231	0.83349	0.83350			6
2024.10.02	02:42:45.850	0.83348				2
2024.10.02	02:42:51.515	0.83347	0.83349			6
2024.10.02	02:42:52.605	0.83346				2
2024.10.02	02:42:57.240	0.83347				2
2024.10.02	02:42:57.543	0.83346	0.83348			6
2024.10.02	02:43:00.273	0.83346				2
2024.10.02	02:43:01.925		0.83347			4
2024.10.02	02:43:02.705	0.83345				2
2024.10.02	02:43:09.531	0.83346	0.83348			6
2024.10.02	02:43:50.782		0.83347			4
2024.10.02	02:44:00.313	0.83346				2
2024.10.02	02:44:02.751	0.83349	0.83350			6
2024.10.02	02:44:05.223		0.83351			4
2024.10.02	02:44:05.532	0.83350	0.83352			6
2024.10.02	02:44:08.992	0.83349	0.83351			6
2024.10.02	02:44:35.099		0.83350			4
2024.10.02	02:44:38.390	0.83348				2
2024.10.02	02:45:00.360	0.83348				2
2024.10.02	02:45:07.166	0.83349				2
2024.10.02	02:45:15.406		0.83351			4
2024.10.02	02:45:30.297	0.83348	0.83350			6
2024.10.02	02:45:33.694	0.83349	0.83351			6
2024.10.02	02:45:40.971	0.83350	0.83352			6
2024.10.02	02:45:41.629	0.83351				2
2024.10.02	02:45:45.562		0.83353			4
2024.10.02	02:45:50.681	0.83350	0.83352			6
2024.10.02	02:45:53.419	0.83349	0.83351			6
2024.10.02	02:46:00.509	0.83349				2
2024.10.02	02:46:04.190	0.83347	0.83349			6
2024.10.02	02:46:05.605	0.83346	0.83348			6
2024.10.02	02:46:09.038		0.83347			4
2024.10.02	02:46:37.803	0.83345				2
2024.10.02	02:46:39.961		0.83346			4
2024.10.02	02:46:43.062	0.83344	0.83345			6
2024.10.02	02:46:45.370	0.83343				2
2024.10.02	02:46:46.108	0.83341	0.83343			6
2024.10.02	02:46:48.611	0.83340	0.83342			6
2024.10.02	02:47:01.910	0.83340				2
2024.10.02	02:47:05.386		0.83341			4
2024.10.02	02:47:07.175		0.83342			4
2024.10.02	02:47:19.743		0.83341			4
2024.10.02	02:47:20.067	0.83341	0.83342			6
2024.10.02	02:47:20.701	0.83340	0.83341			6
2024.10.02	02:47:23.358	0.83341	0.83343			6
2024.10.02	02:47:24.769		0.83344			4
2024.10.02	02:47:37.579		0.83343			4
2024.10.02	02:47:52.802	0.83342				2
2024.10.02	02:47:53.105	0.83341				2
2024.10.02	02:48:00.201	0.83342	0.83344			6
2024.10.02	02:48:00.506	0.83341	0.83342			6
2024.10.02	02:48:00.814	0.83340				2
2024.10.02	02:48:06.793	0.83341	0.83343			6
2024.10.02	02:48:07.325	0.83342	0.83344			6
2024.10.02	02:48:09.057		0.83343			4
2024.10.02	02:48:09.388		0.83344			4
2024.10.02	02:48:26.984	0.83341	0.83343			6
2024.10.02	02:48:30.681	0.83342	0.83344			6
2024.10.02	02:48:31.012	0.83341	0.83343			6
2024.10.02	02:48:35.577	0.83342	0.83344			6
2024.10.02	02:49:00.437	0.83342				2
2024.10.02	02:49:01.056	0.83341	0.83343			6
2024.10.02	02:49:08.486	0.83345	0.83346			6
2024.10.02	02:49:09.158		0.83347			4
2024.10.02	02:49:19.031	0.83344	0.83346			6
2024.10.02	02:49:19.641	0.83343	0.83345			6
2024.10.02	02:49:20.240	0.83344	0.83346			6
2024.10.02	02:49:24.021	0.83345				2
2024.10.02	02:49:25.819		0.83347			4
2024.10.02	02:49:26.865		0.83346			4
2024.10.02	02:49:27.244		0.83347			4
2024.10.02	02:49:37.201	0.83346	0.83348			6
2024.10.02	02:49:40.802		0.83347			4
2024.10.02	02:50:00.685	0.83345	0.83346			6
2024.10.02	02:50:00.996	0.83344	0.83345			6
2024.10.02	02:50:01.303	0.83345	0.83346			6
2024.10.02	02:50:01.611	0.83344				2
2024.10.02	02:50:05.385	0.83345				2
2024.10.02	02:50:08.614	0.83344				2
2024.10.02	02:50:13.579	0.83345				2
2024.10.02	02:50:15.939		0.83347			4
2024.10.02	02:50:37.760	0.83349	0.83350			6
2024.10.02	02:50:38.083		0.83351			4
2024.10.02	02:50:39.734	0.83350	0.83352			6
2024.10.02	02:50:40.074	0.83349				2
2024.10.02	02:50:40.385	0.83350				2
2024.10.02	02:50:41.726		0.83353			4
2024.10.02	02:50:44.782		0.83352			4
2024.10.02	02:50:45.355	0.83351	0.83353			6
2024.10.02	02:50:51.837		0.83352			4
2024.10.02	02:50:53.947		0.83353			4
2024.10.02	02:51:00.299	0.83351				2
2024.10.02	02:51:16.427	0.83350	0.83352			6
2024.10.02	02:52:01.091	0.83350				2
2024.10.02	02:52:19.242		0.83352			4
2024.10.02	02:52:54.560	0.83351	0.83353			6
2024.10.02	02:53:00.385	0.83351				2
2024.10.02	02:53:03.620	0.83352				2
2024.10.02	02:53:06.428	0.83350	0.83352			6
2024.10.02	02:53:22.965	0.83351	0.83353			6
2024.10.02	02:53:33.444	0.83352	0.83354			6
2024.10.02	02:53:34.077	0.83353	0.83355			6
2024.10.02	02:53:34.411	0.83354	0.83356			6
2024.10.02	02:53:35.080	0.83355				2
2024.10.02	02:53:35.964	0.83354				2
2024.10.02	02:53:37.342	0.83355	0.83357			6
2024.10.02	02:53:37.659		0.83356			4
2024.10.02	02:53:38.346		0.83357			4
2024.10.02	02:53:47.501		0.83356			4
2024.10.02	02:53:58.190	0.83354				2
2024.10.02	02:53:59.119	0.83355				2
2024.10.02	02:54:00.383	0.83355				2
2024.10.02	02:54:04.596		0.83357			4
2024.10.02	02:54:43.917	0.83354	0.83356			6
2024.10.02	02:54:44.224	0.83355				2
2024.10.02	02:54:46.426		0.83357			4
2024.10.02	02:54:56.749	0.83356				2
2024.10.02	02:54:57.661	0.83355				2
2024.10.02	02:55:00.384	0.83355				2
2024.10.02	02:55:49.395		0.83357			4
2024.10.02	02:56:00.141	0.83355				2
2024.10.02	02:56:36.095	0.83356	0.83358			6
2024.10.02	02:56:46.786		0.83357			4
2024.10.02	02:57:00.335	0.83357	0.83360			6
2024.10.02	02:57:00.642	0.83360	0.83361			6
2024.10.02	02:57:16.082	0.83361	0.83362			6
2024.10.02	02:57:27.242	0.83360	0.83361			6
2024.10.02	02:57:30.387	0.83359	0.83360			6
2024.10.02	02:57:31.796	0.83358	0.83359			6
2024.10.02	02:58:00.052	0.83358				2
2024.10.02	02:58:11.473	0.83357	0.83358			6
2024.10.02	02:58:11.970	0.83358	0.83359			6
2024.10.02	02:58:20.857	0.83357	0.83358			6
2024.10.02	02:58:28.351	0.83358	0.83359			6
2024.10.02	02:58:29.384	0.83360	0.83361			6
2024.10.02	02:58:30.143	0.83361	0.83362			6
2024.10.02	02:59:00.541	0.83361				2
2024.10.02	02:59:11.869	0.83360	0.83361			6
2024.10.02	02:59:19.391	0.83358	0.83359			6
2024.10.02	02:59:19.702	0.83359	0.83360			6
2024.10.02	02:59:20.351	0.83358	0.83359			6
2024.10.02	02:59:22.936	0.83357	0.83358			6
2024.10.02	02:59:24.317	0.83358	0.83359			6
2024.10.02	02:59:30.695	0.83356	0.83357			6
2024.10.02	02:59:32.502	0.83355	0.83356			6
2024.10.02	02:59:34.974	0.83356	0.83357			6
2024.10.02	02:59:36.379	0.83357	0.83358			6
2024.10.02	02:59:44.087	0.83356	0.83357			6
2024.10.02	02:59:51.125	0.83355	0.83356			6
2024.10.02	02:59:53.703	0.83354	0.83355			6
2024.10.02	02:59:57.238	0.83355	0.83356			6
2024.10.02	02:59:59.909	0.83354	0.83355			6
2024.10.02	03:00:00.384	0.83354				2
2024.10.02	03:00:00.708	0.83355	0.83356			6
2024.10.02	03:00:01.635	0.83356	0.83357			6
2024.10.02	03:00:03.377	0.83355	0.83356			6
2024.10.02	03:00:04.348	0.83357	0.83358			6
2024.10.02	03:00:05.366	0.83356	0.83357			6
2024.10.02	03:00:07.333	0.83355	0.83356			6
2024.10.02	03:00:08.253	0.83356	0.83357			6
2024.10.02	03:00:10.735	0.83357	0.83358			6
2024.10.02	03:00:12.269	0.83356	0.83357			6
2024.10.02	03:00:21.355	0.83357	0.83358			6
2024.10.02	03:00:22.400	0.83356	0.83357			6
2024.10.02	03:00:25.003	0.83357	0.83358			6
2024.10.02	03:00:25.989	0.83355	0.83356			6
2024.10.02	03:00:26.753	0.83356	0.83357			6
2024.10.02	03:00:31.218	0.83355	0.83356			6
2024.10.02	03:00:31.547	0.83356	0.83357			6
2024.10.02	03:00:32.160	0.83355	0.83356			6
2024.10.02	03:00:33.085	0.83354	0.83355			6
2024.10.02	03:00:35.399	0.83353	0.83354			6
2024.10.02	03:00:37.210	0.83354	0.83355			6
2024.10.02	03:00:39.205	0.83355	0.83356			6
2024.10.02	03:00:39.514	0.83354	0.83355			6
2024.10.02	03:00:41.144	0.83353	0.83354			6
2024.10.02	03:00:41.862	0.83354	0.83355			6
2024.10.02	03:00:43.747	0.83353	0.83354			6
2024.10.02	03:00:44.463	0.83352	0.83353			6
2024.10.02	03:00:44.764	0.83351	0.83352			6
2024.10.02	03:00:54.198	0.83350	0.83351			6
2024.10.02	03:00:59.201	0.83349	0.83350			6
2024.10.02	03:01:00.257	0.83349				2
2024.10.02	03:01:00.924	0.83346	0.83347			6
2024.10.02	03:01:01.630	0.83345	0.83346			6
2024.10.02	03:01:02.707	0.83344	0.83345			6
2024.10.02	03:01:03.806	0.83345	0.83346			6
2024.10.02	03:01:04.455	0.83344	0.83345			6
2024.10.02	03:01:10.555	0.83345	0.83346			6
2024.10.02	03:01:13.723	0.83344	0.83345			6
2024.10.02	03:01:14.034	0.83346	0.83347			6
2024.10.02	03:01:27.546	0.83345	0.83346			6
2024.10.02	03:01:32.352	0.83344	0.83345			6
2024.10.02	03:01:42.931	0.83343	0.83344			6
2024.10.02	03:01:43.242	0.83344	0.83345			6
2024.10.02	03:01:49.203	0.83345	0.83346			6
2024.10.02	03:01:52.821	0.83344	0.83345			6
2024.10.02	03:01:53.507	0.83342	0.83343			6
2024.10.02	03:02:00.358	0.83343	0.83344			6
2024.10.02	03:02:04.373	0.83345	0.83346			6
2024.10.02	03:02:09.125	0.83346	0.83347			6
2024.10.02	03:02:10.160	0.83344	0.83346			6
2024.10.02	03:02:10.501	0.83346	0.83347			6
2024.10.02	03:02:12.123	0.83345	0.83346			6
2024.10.02	03:02:19.058		0.83347			4
2024.10.02	03:02:21.274	0.83346				2
2024.10.02	03:02:25.806	0.83345				2
2024.10.02	03:02:28.784	0.83346				2
2024.10.02	03:02:29.090	0.83345				2
2024.10.02	03:02:32.493	0.83344	0.83345			6
2024.10.02	03:02:33.607	0.83343				2
2024.10.02	03:02:34.629	0.83344				2
2024.10.02	03:02:37.625	0.83343				2
2024.10.02	03:02:49.836	0.83342	0.83343			6
2024.10.02	03:02:50.189		0.83344			4
2024.10.02	03:02:50.511	0.83345	0.83346			6
2024.10.02	03:02:51.248	0.83344				2
2024.10.02	03:02:52.354	0.83345	0.83347			6
2024.10.02	03:03:00.242	0.83345	0.83346			6
2024.10.02	03:03:00.572		0.83347			4
2024.10.02	03:03:00.883		0.83346			4
2024.10.02	03:03:01.547		0.83347			4
2024.10.02	03:03:12.168	0.83346	0.83348			6
2024.10.02	03:03:12.932	0.83345	0.83346			6
2024.10.02	03:03:17.146	0.83346	0.83348			6
2024.10.02	03:03:17.579	0.83345	0.83346			6
2024.10.02	03:03:20.401	0.83344				2
2024.10.02	03:03:22.131	0.83345				2
2024.10.02	03:03:27.178	0.83347	0.83349			6
2024.10.02	03:03:27.795	0.83349	0.83350			6
2024.10.02	03:03:33.133		0.83351			4
2024.10.02	03:03:33.604		0.83350			4
2024.10.02	03:03:34.049	0.83347	0.83348			6
2024.10.02	03:03:34.363	0.83346				2
2024.10.02	03:03:35.887	0.83347				2
2024.10.02	03:03:40.976	0.83346				2
2024.10.02	03:03:42.281	0.83345	0.83347			6
2024.10.02	03:03:53.556		0.83346			4
2024.10.02	03:03:53.873	0.83344				2
2024.10.02	03:03:54.501	0.83345	0.83347			6
2024.10.02	03:03:56.572	0.83344	0.83346			6
2024.10.02	03:03:57.196	0.83345				2
2024.10.02	03:03:59.128		0.83347			4
2024.10.02	03:04:00.399	0.83345	0.83346			6
2024.10.02	03:04:01.816		0.83348			4
2024.10.02	03:04:03.526		0.83347			4
2024.10.02	03:04:11.689		0.83346			4
2024.10.02	03:04:15.006	0.83346	0.83348			6
2024.10.02	03:04:20.376		0.83347			4
2024.10.02	03:04:22.025		0.83348			4
2024.10.02	03:04:22.481	0.83345	0.83347			6
2024.10.02	03:04:26.317		0.83346			4
2024.10.02	03:04:26.660		0.83347			4
2024.10.02	03:04:27.742	0.83344	0.83346			6
2024.10.02	03:04:30.613		0.83345			4
2024.10.02	03:04:31.563		0.83346			4
2024.10.02	03:04:36.923		0.83345			4
2024.10.02	03:04:38.460		0.83346			4
2024.10.02	03:04:39.436		0.83345			4
2024.10.02	03:04:41.125	0.83342	0.83343			6
2024.10.02	03:04:57.235	0.83341	0.83342			6
2024.10.02	03:04:57.546	0.83343	0.83344			6
2024.10.02	03:04:57.850	0.83342				2
2024.10.02	03:04:58.679	0.83341	0.83343			6
2024.10.02	03:05:00.203	0.83341				2
2024.10.02	03:05:02.237	0.83343	0.83344			6
2024.10.02	03:05:03.141	0.83342				2
2024.10.02	03:05:05.372	0.83343				2
2024.10.02	03:05:10.203	0.83342				2
2024.10.02	03:05:10.518	0.83343				2
2024.10.02	03:05:16.716	0.83345	0.83346			6
2024.10.02	03:05:18.074	0.83346	0.83347			6
2024.10.02	03:05:19.939	0.83345	0.83346			6
2024.10.02	03:05:21.163	0.83346	0.83347			6
2024.10.02	03:05:27.735	0.83347	0.83348			6
2024.10.02	03:05:28.411	0.83346	0.83347			6
2024.10.02	03:05:30.827	0.83345	0.83346			6
2024.10.02	03:05:36.112	0.83346	0.83347			6
2024.10.02	03:05:40.350	0.83345	0.83346			6
2024.10.02	03:05:43.186	0.83346	0.83347			6
2024.10.02	03:05:45.000	0.83345	0.83346			6
2024.10.02	03:05:47.618	0.83344	0.83347			6
2024.10.02	03:05:49.664	0.83345	0.83346			6
2024.10.02	03:05:50.474	0.83346	0.83347			6
2024.10.02	03:06:00.295	0.83346				2
2024.10.02	03:06:02.273	0.83345	0.83346			6
2024.10.02	03:06:03.545	0.83346	0.83347			6
2024.10.02	03:06:12.185	0.83345	0.83346			6
2024.10.02	03:06:14.697	0.83346	0.83347			6
2024.10.02	03:06:15.887	0.83344	0.83345			6
2024.10.02	03:06:16.503	0.83343	0.83344			6
2024.10.02	03:06:19.681	0.83344	0.83345			6
2024.10.02	03:06:20.007	0.83345	0.83346			6
2024.10.02	03:06:26.716	0.83344	0.83345			6
2024.10.02	03:06:28.634	0.83345	0.83346			6
2024.10.02	03:06:30.364	0.83346	0.83347			6
2024.10.02	03:06:30.758	0.83345	0.83346			6
2024.10.02	03:06:32.782	0.83346	0.83347			6
2024.10.02	03:06:36.055	0.83345	0.83346			6
2024.10.02	03:06:42.352	0.83346	0.83347			6
2024.10.02	03:06:43.106	0.83347	0.83348			6
2024.10.02	03:06:47.034	0.83346	0.83347			6
2024.10.02	03:06:52.296	0.83345	0.83346			6
2024.10.02	03:06:56.991	0.83346	0.83347			6
2024.10.02	03:06:59.587	0.83345	0.83346			6
2024.10.02	03:07:00.425	0.83345				2
2024.10.02	03:07:08.684	0.83346	0.83347			6
2024.10.02	03:07:10.350	0.83345				2
2024.10.02	03:07:10.662	0.83344	0.83346			6
2024.10.02	03:07:11.305		0.83347			4
2024.10.02	03:07:11.614	0.83345	0.83346			6
2024.10.02	03:07:13.031	0.83344				2
2024.10.02	03:07:14.709	0.83345	0.83347			6
2024.10.02	03:07:15.776	0.83344	0.83346			6
2024.10.02	03:07:24.582	0.83345				2
2024.10.02	03:07:24.885	0.83344				2
2024.10.02	03:07:33.691	0.83345	0.83347			6
2024.10.02	03:07:35.726		0.83346			4
2024.10.02	03:07:36.080	0.83343	0.83345			6
2024.10.02	03:07:41.622	0.83342				2
2024.10.02	03:07:44.613		0.83344			4
2024.10.02	03:07:45.977		0.83345			4
2024.10.02	03:07:48.072		0.83344			4
2024.10.02	03:07:58.762		0.83345			4
2024.10.02	03:07:59.552	0.83341	0.83343			6
2024.10.02	03:08:00.247	0.83340	0.83342			6
2024.10.02	03:08:01.103	0.83341	0.83343			6
2024.10.02	03:08:07.985		0.83342			4
2024.10.02	03:08:12.018	0.83340	0.83344			6
2024.10.02	03:08:12.946	0.83341	0.83343			6
2024.10.02	03:08:21.928		0.83344			4
2024.10.02	03:08:22.505		0.83343			4
2024.10.02	03:08:31.927		0.83344			4
2024.10.02	03:08:32.245	0.83343	0.83345			6
2024.10.02	03:08:52.649	0.83342	0.83344			6
2024.10.02	03:08:58.158	0.83343	0.83345			6
2024.10.02	03:08:58.775	0.83344				2
2024.10.02	03:08:59.723	0.83343				2
2024.10.02	03:09:00.031	0.83343				2
2024.10.02	03:09:00.358		0.83346			4
2024.10.02	03:09:01.536		0.83345			4
2024.10.02	03:09:03.877	0.83344	0.83346			6
2024.10.02	03:09:04.828	0.83345	0.83347			6
2024.10.02	03:09:07.275		0.83348			4
2024.10.02	03:09:08.068	0.83346				2
2024.10.02	03:09:14.718		0.83347			4
2024.10.02	03:09:23.937		0.83348			4
2024.10.02	03:09:26.349		0.83347			4
2024.10.02	03:09:28.301	0.83345				2
2024.10.02	03:09:30.386	0.83346				2
2024.10.02	03:09:31.301		0.83348			4
2024.10.02	03:09:34.244		0.83347			4
2024.10.02	03:09:34.641	0.83345				2
2024.10.02	03:09:35.058		0.83348			4
2024.10.02	03:09:35.425	0.83346				2
2024.10.02	03:09:36.774	0.83347	0.83349			6
2024.10.02	03:09:41.125		0.83348			4
2024.10.02	03:09:45.438		0.83349			4
2024.10.02	03:09:46.732		0.83348			4
2024.10.02	03:09:47.047		0.83349			4
2024.10.02	03:09:48.693	0.83346	0.83348			6
2024.10.02	03:09:57.400	0.83345	0.83346			6
2024.10.02	03:10:00.448	0.83345				2
2024.10.02	03:10:05.027		0.83347			4
2024.10.02	03:10:10.112	0.83346	0.83348			6
2024.10.02	03:10:12.279	0.83345				2
2024.10.02	03:10:13.384	0.83346				2
2024.10.02	03:10:15.498	0.83345				2
2024.10.02	03:10:16.093	0.83346				2
2024.10.02	03:10:20.082		0.83347			4
2024.10.02	03:10:21.490	0.83345				2
2024.10.02	03:10:22.357	0.83346				2
2024.10.02	03:10:23.767	0.83345				2
2024.10.02	03:10:31.410	0.83346				2
2024.10.02	03:10:32.740		0.83348			4
2024.10.02	03:10:40.534	0.83345	0.83347			6
2024.10.02	03:10:49.030	0.83346				2
2024.10.02	03:10:50.349	0.83345				2
2024.10.02	03:10:50.858	0.83344	0.83346			6
2024.10.02	03:10:51.402		0.83345			4
2024.10.02	03:10:53.510	0.83343				2
2024.10.02	03:10:54.513	0.83344				2
2024.10.02	03:11:00.026	0.83344				2
2024.10.02	03:11:00.332		0.83346			4
2024.10.02	03:11:01.668	0.83345	0.83347			6
2024.10.02	03:11:05.867	0.83343	0.83344			6
2024.10.02	03:11:09.803	0.83344	0.83345			6
2024.10.02	03:11:10.878		0.83346			4
2024.10.02	03:11:12.485	0.83343	0.83345			6
2024.10.02	03:11:15.949	0.83344				2
2024.10.02	03:11:17.621	0.83343				2
2024.10.02	03:11:19.278	0.83344	0.83346			6
2024.10.02	03:11:19.603		0.83345			4
2024.10.02	03:11:20.526		0.83346			4
2024.10.02	03:11:21.391	0.83343	0.83345			6
2024.10.02	03:11:24.354		0.83344			4
2024.10.02	03:11:24.729		0.83345			4
2024.10.02	03:11:25.411		0.83344			4
2024.10.02	03:11:26.559		0.83345			4
2024.10.02	03:11:29.062		0.83344			4
2024.10.02	03:11:29.857		0.83345			4
2024.10.02	03:11:31.476		0.83344			4
2024.10.02	03:11:35.118	0.83344	0.83346			6
2024.10.02	03:11:37.569		0.83347			4
2024.10.02	03:11:37.975		0.83346			4
2024.10.02	03:11:38.567		0.83345			4
2024.10.02	03:11:39.336	0.83343	0.83344			6
2024.10.02	03:11:39.683	0.83344	0.83345			6
2024.10.02	03:11:40.801	0.83343	0.83344			6
2024.10.02	03:11:50.619	0.83342				2
2024.10.02	03:11:54.759	0.83343				2
2024.10.02	03:11:57.343	0.83342				2
2024.10.02	03:11:57.863	0.83343				2
2024.10.02	03:11:58.376	0.83342	0.83343			6
2024.10.02	03:11:58.971		0.83344			4
2024.10.02	03:11:59.313		0.83343			4
2024.10.02	03:11:59.670		0.83344			4
2024.10.02	03:12:00.014	0.83342				2
2024.10.02	03:12:07.322	0.83343				2
2024.10.02	03:12:13.139	0.83344	0.83345			6
2024.10.02	03:12:13.794	0.83343	0.83344			6
2024.10.02	03:12:14.952		0.83345			4
2024.10.02	03:12:15.282		0.83344			4
2024.10.02	03:12:31.558	0.83342	0.83343			6
2024.10.02	03:12:48.410	0.83344	0.83346			6
2024.10.02	03:12:51.788	0.83343	0.83344			6
2024.10.02	03:12:52.492	0.83342	0.83343			6
2024.10.02	03:12:55.386	0.83343	0.83344			6
2024.10.02	03:12:55.928	0.83342	0.83343			6
2024.10.02	03:13:00.357	0.83343	0.83345			6
2024.10.02	03:13:01.287	0.83342				2
2024.10.02	03:13:01.589	0.83343				2
2024.10.02	03:13:02.569		0.83344			4
2024.10.02	03:13:05.789	0.83344	0.83345			6
2024.10.02	03:13:11.581	0.83343	0.83344			6
2024.10.02	03:13:25.213	0.83342				2
2024.10.02	03:13:29.263		0.83343			4
2024.10.02	03:13:30.344	0.83341				2
2024.10.02	03:13:30.745		0.83342			4
2024.10.02	03:13:31.604		0.83343			4
2024.10.02	03:13:31.907		0.83342			4
2024.10.02	03:13:32.237		0.83343			4
2024.10.02	03:13:32.543	0.83340	0.83342			6
2024.10.02	03:13:33.196		0.83341			4
2024.10.02	03:13:36.316	0.83339	0.83340			6
2024.10.02	03:13:37.834	0.83338	0.83339			6
2024.10.02	03:13:39.882	0.83340	0.83341			6
2024.10.02	03:13:49.298	0.83341	0.83343			6
2024.10.02	03:13:59.610	0.83340	0.83342			6
2024.10.02	03:14:00.319	0.83340	0.83343			6
2024.10.02	03:14:00.647	0.83341				2
2024.10.02	03:14:04.119	0.83340				2
2024.10.02	03:14:04.426	0.83341				2
2024.10.02	03:14:05.287		0.83344			4
2024.10.02	03:14:08.354	0.83342				2
2024.10.02	03:14:08.704	0.83341				2
2024.10.02	03:14:09.777	0.83342				2
2024.10.02	03:14:12.540	0.83341				2
2024.10.02	03:14:13.439	0.83342				2
2024.10.02	03:14:13.775	0.83341				2
2024.10.02	03:14:14.549	0.83342				2
2024.10.02	03:14:16.102	0.83341	0.83342			6
2024.10.02	03:14:16.415	0.83340				2
2024.10.02	03:14:20.658	0.83342	0.83344			6
2024.10.02	03:14:26.275	0.83341	0.83343			6
2024.10.02	03:14:27.628	0.83342				2
2024.10.02	03:14:28.723	0.83341				2
2024.10.02	03:14:29.029	0.83340	0.83342			6
2024.10.02	03:14:29.343		0.83341			4
2024.10.02	03:14:29.659	0.83339				2
2024.10.02	03:14:32.551	0.83340				2
2024.10.02	03:14:36.648	0.83339				2
2024.10.02	03:14:37.823	0.83340	0.83342			6
2024.10.02	03:14:43.957		0.83341			4
2024.10.02	03:14:44.387		0.83342			4
2024.10.02	03:14:49.578	0.83341				2
2024.10.02	03:14:52.376		0.83343			4
2024.10.02	03:14:53.554	0.83340				2
2024.10.02	03:14:54.214	0.83341				2
2024.10.02	03:14:54.916	0.83340	0.83342			6
2024.10.02	03:14:56.034		0.83341			4
2024.10.02	03:14:56.948	0.83341	0.83343			6
2024.10.02	03:14:59.415	0.83342	0.83344			6
2024.10.02	03:15:00.587	0.83342				2
2024.10.02	03:15:06.212	0.83341	0.83343			6
2024.10.02	03:15:06.572	0.83342				2
2024.10.02	03:15:06.907		0.83344			4
2024.10.02	03:15:07.280	0.83341				2
2024.10.02	03:15:07.659		0.83343			4
2024.10.02	03:15:08.761		0.83344			4
2024.10.02	03:15:12.021		0.83343			4
2024.10.02	03:15:20.660	0.83342	0.83344			6
2024.10.02	03:15:20.974		0.83343			4
2024.10.02	03:15:21.287	0.83341	0.83342			6
2024.10.02	03:15:24.540	0.83340				2
2024.10.02	03:15:24.985	0.83341				2
2024.10.02	03:15:26.786	0.83340				2
2024.10.02	03:15:27.185	0.83341				2
2024.10.02	03:15:28.344	0.83340				2
2024.10.02	03:15:28.661	0.83341				2
2024.10.02	03:15:29.301	0.83340				2
2024.10.02	03:15:30.808	0.83341				2
2024.10.02	03:15:37.369	0.83342	0.83344			6
2024.10.02	03:15:40.751	0.83343				2
2024.10.02	03:15:43.414	0.83342				2
2024.10.02	03:15:46.688	0.83343	0.83345			6
2024.10.02	03:15:49.068	0.83342	0.83344			6
2024.10.02	03:15:49.396		0.83345			4
2024.10.02	03:15:51.735	0.83343				2
2024.10.02	03:16:00.031	0.83343				2
2024.10.02	03:16:00.415	0.83341	0.83343			6
2024.10.02	03:16:00.769	0.83343	0.83345			6
2024.10.02	03:16:01.984	0.83344				2
2024.10.02	03:16:02.299		0.83346			4
2024.10.02	03:16:02.771	0.83343	0.83345			6
2024.10.02	03:16:03.344	0.83344	0.83346			6
2024.10.02	03:16:03.654	0.83345				2
2024.10.02	03:16:08.070		0.83347			4
2024.10.02	03:16:09.212		0.83346			4
2024.10.02	03:16:12.435	0.83344	0.83345			6
2024.10.02	03:16:13.850	0.83343				2
2024.10.02	03:16:14.379	0.83344				2
2024.10.02	03:16:20.690	0.83345	0.83346			6
2024.10.02	03:16:22.612	0.83344	0.83345			6
2024.10.02	03:16:24.654	0.83345	0.83346			6
2024.10.02	03:16:37.168	0.83344	0.83345			6
2024.10.02	03:16:37.502	0.83345	0.83346			6
2024.10.02	03:16:44.504		0.83347			4
2024.10.02	03:16:48.628	0.83346	0.83348			6
2024.10.02	03:16:49.685		0.83347			4
2024.10.02	03:16:50.013	0.83345				2
2024.10.02	03:16:56.409	0.83346				2
2024.10.02	03:16:59.050		0.83348			4
2024.10.02	03:16:59.701	0.83345	0.83346			6
2024.10.02	03:17:00.002	0.83344	0.83345			6
2024.10.02	03:17:08.003	0.83345	0.83346			6
2024.10.02	03:17:09.078	0.83343	0.83344			6
2024.10.02	03:17:20.926	0.83344	0.83345			6
2024.10.02	03:17:21.771	0.83343	0.83344			6
2024.10.02	03:17:32.967	0.83342	0.83343			6
2024.10.02	03:17:33.277	0.83343	0.83344			6
2024.10.02	03:17:34.009	0.83342	0.83343			6
2024.10.02	03:17:52.705	0.83343	0.83344			6
2024.10.02	03:17:58.622	0.83344	0.83345			6
2024.10.02	03:18:00.321	0.83344				2
2024.10.02	03:18:03.712	0.83342	0.83343			6
2024.10.02	03:18:05.802	0.83343	0.83344			6
2024.10.02	03:18:06.106		0.83345			4
2024.10.02	03:18:08.074	0.83344	0.83346			6
2024.10.02	03:18:10.830	0.83345				2
2024.10.02	03:18:11.636		0.83347			4
2024.10.02	03:18:15.032		0.83346			4
2024.10.02	03:18:15.515	0.83344				2
2024.10.02	03:18:16.627	0.83345				2
2024.10.02	03:18:18.826	0.83344				2
2024.10.02	03:18:19.519	0.83343	0.83345			6
2024.10.02	03:18:19.890		0.83344			4
2024.10.02	03:18:20.930		0.83345			4
2024.10.02	03:18:22.277		0.83344			4
2024.10.02	03:18:27.031	0.83344	0.83345			6
2024.10.02	03:18:37.819	0.83343	0.83344			6
2024.10.02	03:18:43.287	0.83344	0.83345			6
2024.10.02	03:18:44.101	0.83343	0.83344			6
2024.10.02	03:18:48.243	0.83342	0.83343			6
2024.10.02	03:18:48.767	0.83343	0.83344			6
2024.10.02	03:18:59.678	0.83344	0.83345			6
2024.10.02	03:19:00.212	0.83343	0.83344			6
2024.10.02	03:19:00.518	0.83344	0.83345			6
2024.10.02	03:19:01.758	0.83343	0.83344			6
2024.10.02	03:19:02.080		0.83345			4
2024.10.02	03:19:02.427		0.83344			4
2024.10.02	03:19:07.475		0.83345			4
2024.10.02	03:19:07.784		0.83344			4
2024.10.02	03:19:09.451	0.83344	0.83345			6
2024.10.02	03:19:15.077	0.83343				2
2024.10.02	03:19:16.099	0.83344				2
2024.10.02	03:19:20.736	0.83343	0.83344			6
2024.10.02	03:19:24.504	0.83344	0.83345			6
2024.10.02	03:19:24.976	0.83343	0.83344			6
2024.10.02	03:19:26.045	0.83344	0.83345			6
2024.10.02	03:19:26.461	0.83343	0.83344			6
2024.10.02	03:19:28.211	0.83344	0.83345			6
2024.10.02	03:19:28.718	0.83343	0.83344			6
2024.10.02	03:19:33.737	0.83344	0.83345			6
2024.10.02	03:19:34.140	0.83343	0.83344			6
2024.10.02	03:19:35.392	0.83344	0.83345			6
2024.10.02	03:19:39.948	0.83343	0.83344			6
2024.10.02	03:19:41.506	0.83344	0.83345			6
2024.10.02	03:19:43.279	0.83343	0.83344			6
2024.10.02	03:19:45.232	0.83339	0.83340			6
2024.10.02	03:19:46.234	0.83338				2
2024.10.02	03:19:46.655	0.83339				2
2024.10.02	03:19:48.887	0.83338				2
2024.10.02	03:19:49.353	0.83339				2
2024.10.02	03:19:57.445	0.83338	0.83339			6
2024.10.02	03:19:57.752	0.83339	0.83340			6
2024.10.02	03:19:58.606		0.83341			4
2024.10.02	03:19:59.043	0.83340				2
2024.10.02	03:20:00.020	0.83340	0.83342			6
2024.10.02	03:20:00.385	0.83341				2
2024.10.02	03:20:08.509	0.83342	0.83343			6
2024.10.02	03:20:11.998	0.83343	0.83344			6
2024.10.02	03:20:14.781	0.83344	0.83345			6
2024.10.02	03:20:23.055	0.83343	0.83344			6
2024.10.02	03:20:23.789		0.83345			4
2024.10.02	03:20:24.244		0.83344			4
2024.10.02	03:20:24.624	0.83344	0.83345			6
2024.10.02	03:20:32.410	0.83341	0.83342			6
2024.10.02	03:20:32.800	0.83343	0.83344			6
2024.10.02	03:20:35.763	0.83342	0.83343			6
2024.10.02	03:20:36.132	0.83343	0.83344			6
2024.10.02	03:20:36.454	0.83342	0.83343			6
2024.10.02	03:20:39.417	0.83341	0.83342			6
2024.10.02	03:20:45.509	0.83342	0.83343			6
2024.10.02	03:20:51.011	0.83341	0.83342			6
2024.10.02	03:20:52.702	0.83342	0.83343			6
2024.10.02	03:20:56.361	0.83343	0.83344			6
2024.10.02	03:21:00.032	0.83343				2
2024.10.02	03:21:01.017	0.83344	0.83345			6
2024.10.02	03:21:03.456	0.83343	0.83344			6
2024.10.02	03:21:17.275	0.83344	0.83345			6
2024.10.02	03:21:17.583	0.83346	0.83347			6
2024.10.02	03:21:22.173	0.83347	0.83348			6
2024.10.02	03:21:22.614	0.83346	0.83347			6
2024.10.02	03:21:37.355	0.83345	0.83346			6
2024.10.02	03:21:37.786	0.83346	0.83347			6
2024.10.02	03:21:38.293	0.83345	0.83346			6
2024.10.02	03:21:52.644	0.83346	0.83347			6
2024.10.02	03:22:00.364	0.83347	0.83348			6
2024.10.02	03:22:00.798	0.83345	0.83346			6
2024.10.02	03:22:06.348	0.83344	0.83345			6
2024.10.02	03:22:09.587	0.83345	0.83346			6
2024.10.02	03:23:00.462	0.83345				2
2024.10.02	03:23:09.713		0.83346			4
2024.10.02	03:23:37.677	0.83346	0.83347			6
2024.10.02	03:23:43.052	0.83349	0.83350			6
2024.10.02	03:23:44.344	0.83348	0.83349			6
2024.10.02	03:23:48.805	0.83347	0.83348			6
2024.10.02	03:23:59.941	0.83348	0.83349			6
2024.10.02	03:24:00.309	0.83347	0.83348			6
2024.10.02	03:24:06.417	0.83348	0.83349			6
2024.10.02	03:24:07.794	0.83347	0.83348			6
2024.10.02	03:24:08.154	0.83346	0.83347			6
2024.10.02	03:24:11.122	0.83347	0.83348			6
2024.10.02	03:24:23.837	0.83348	0.83349			6
2024.10.02	03:24:31.141	0.83347	0.83348			6
2024.10.02	03:24:35.420	0.83348	0.83349			6
2024.10.02	03:24:38.955	0.83347	0.83348			6
2024.10.02	03:24:54.940	0.83348	0.83349			6
2024.10.02	03:24:57.374	0.83349	0.83350			6
2024.10.02	03:25:00.289	0.83349				2
2024.10.02	03:25:02.984	0.83350	0.83351			6
2024.10.02	03:25:06.673	0.83349	0.83350			6
2024.10.02	03:25:13.990	0.83350	0.83351			6
2024.10.02	03:25:15.475	0.83348	0.83349			6
2024.10.02	03:25:15.785	0.83347	0.83348			6
2024.10.02	03:25:18.594	0.83348	0.83349			6
2024.10.02	03:25:19.689	0.83347	0.83348			6
2024.10.02	03:25:21.341	0.83346	0.83347			6
2024.10.02	03:25:29.290	0.83347	0.83348			6
2024.10.02	03:25:33.464	0.83350	0.83351			6
2024.10.02	03:25:33.781	0.83349	0.83350			6
2024.10.02	03:25:36.534	0.83347	0.83348			6
2024.10.02	03:25:42.345	0.83348	0.83349			6
2024.10.02	03:25:42.665	0.83347	0.83348			6
2024.10.02	03:25:44.081	0.83348	0.83349			6
2024.10.02	03:25:44.384	0.83349	0.83350			6
2024.10.02	03:25:49.144	0.83348	0.83349			6
2024.10.02	03:25:52.216	0.83349	0.83350			6
2024.10.02	03:25:54.869	0.83348	0.83349			6
2024.10.02	03:25:59.345	0.83349	0.83350			6
2024.10.02	03:26:00.075	0.83349				2
2024.10.02	03:26:02.188	0.83348	0.83349			6
2024.10.02	03:26:03.731	0.83347	0.83348			6
2024.10.02	03:26:08.436	0.83346	0.83347			6
2024.10.02	03:26:15.323	0.83348	0.83349			6
2024.10.02	03:26:15.625	0.83346	0.83347			6
2024.10.02	03:26:17.656	0.83347	0.83348			6
2024.10.02	03:26:23.831	0.83348	0.83349			6
2024.10.02	03:26:28.021	0.83347	0.83348			6
2024.10.02	03:26:39.436	0.83346	0.83347			6
2024.10.02	03:26:44.648	0.83347	0.83348			6
2024.10.02	03:26:45.494	0.83346	0.83347			6
2024.10.02	03:26:48.438	0.83347	0.83348			6
2024.10.02	03:26:49.494	0.83346	0.83347			6
2024.10.02	03:27:00.414	0.83346				2
2024.10.02	03:27:00.728	0.83347	0.83348			6
2024.10.02	03:27:15.352	0.83346	0.83347			6
2024.10.02	03:27:16.099	0.83344	0.83345			6
2024.10.02	03:27:31.455	0.83343	0.83344			6
2024.10.02	03:27:32.407	0.83344	0.83345			6
2024.10.02	03:27:40.981	0.83345	0.83346			6
2024.10.02	03:27:45.245	0.83346	0.83347			6
2024.10.02	03:27:45.883	0.83345	0.83346			6
2024.10.02	03:27:46.420	0.83346	0.83347			6
2024.10.02	03:27:47.367	0.83345	0.83346			6
2024.10.02	03:27:48.254	0.83346	0.83347			6
2024.10.02	03:27:49.635	0.83343	0.83344			6
2024.10.02	03:27:49.955	0.83342	0.83343			6
2024.10.02	03:27:52.043	0.83341	0.83342			6
2024.10.02	03:27:52.896	0.83340	0.83341			6
2024.10.02	03:27:54.096	0.83341	0.83342			6
2024.10.02	03:27:55.049	0.83340	0.83341			6
2024.10.02	03:27:56.081	0.83339	0.83340			6
2024.10.02	03:27:56.389	0.83340	0.83341			6
2024.10.02	03:27:56.796	0.83339	0.83340			6
2024.10.02	03:28:00.356	0.83339				2
2024.10.02	03:28:05.072	0.83340	0.83341			6
2024.10.02	03:28:05.391	0.83342	0.83343			6
2024.10.02	03:28:07.407	0.83341	0.83342			6
2024.10.02	03:28:08.347	0.83340	0.83341			6
2024.10.02	03:28:08.673	0.83341	0.83342			6
2024.10.02	03:28:08.981	0.83340	0.83341			6
2024.10.02	03:28:09.867	0.83341	0.83342			6
2024.10.02	03:28:16.747	0.83342	0.83343			6
2024.10.02	03:28:17.333	0.83341	0.83342			6
2024.10.02	03:28:17.895	0.83342	0.83343			6
2024.10.02	03:28:18.801	0.83341	0.83342			6
2024.10.02	03:28:20.487	0.83340	0.83341			6
2024.10.02	03:28:21.950	0.83341	0.83342			6
2024.10.02	03:28:25.226	0.83340	0.83341			6
2024.10.02	03:28:25.907	0.83341	0.83342			6
2024.10.02	03:28:27.239	0.83340	0.83341			6
2024.10.02	03:28:27.615	0.83341	0.83342			6
2024.10.02	03:28:28.628	0.83340	0.83341			6
2024.10.02	03:28:33.748	0.83338	0.83339			6
2024.10.02	03:28:34.077	0.83337	0.83338			6
2024.10.02	03:28:37.040	0.83338	0.83339			6
2024.10.02	03:28:38.045	0.83339	0.83340			6
2024.10.02	03:28:39.020	0.83340	0.83341			6
2024.10.02	03:28:39.321	0.83339	0.83340			6
2024.10.02	03:28:40.245	0.83340	0.83341			6
2024.10.02	03:28:44.155	0.83339	0.83340			6
2024.10.02	03:28:46.641	0.83340	0.83341			6
2024.10.02	03:28:55.817	0.83339	0.83340			6
2024.10.02	03:28:57.448	0.83340	0.83341			6
2024.10.02	03:29:00.096	0.83340				2
2024.10.02	03:29:02.601	0.83339	0.83340			6
2024.10.02	03:29:04.158	0.83340	0.83341			6
2024.10.02	03:29:05.371	0.83339	0.83340			6
2024.10.02	03:29:05.820	0.83340	0.83341			6
2024.10.02	03:29:10.104	0.83339	0.83340			6
2024.10.02	03:29:11.582	0.83340	0.83341			6
2024.10.02	03:29:14.731	0.83339	0.83340			6
2024.10.02	03:29:19.784	0.83338	0.83339			6
2024.10.02	03:29:22.330	0.83339	0.83340			6
2024.10.02	03:29:32.905	0.83338	0.83339			6
2024.10.02	03:29:33.544	0.83337	0.83338			6
2024.10.02	03:29:34.900	0.83338	0.83339			6
2024.10.02	03:29:44.492	0.83339	0.83340			6
2024.10.02	03:29:45.077	0.83338	0.83339			6
2024.10.02	03:29:45.897	0.83337	0.83338			6
2024.10.02	03:29:46.245	0.83338	0.83339			6
2024.10.02	03:30:00.066	0.83338				2
2024.10.02	03:30:00.738	0.83337	0.83338			6
2024.10.02	03:30:01.046	0.83338	0.83339			6
2024.10.02	03:30:01.686	0.83339	0.83340			6
2024.10.02	03:30:17.191	0.83340	0.83341			6
2024.10.02	03:30:23.500	0.83339	0.83340			6
2024.10.02	03:30:24.967	0.83338	0.83339			6
2024.10.02	03:30:25.282	0.83339	0.83340			6
2024.10.02	03:30:30.982	0.83340	0.83341			6
2024.10.02	03:30:41.806	0.83339	0.83340			6
2024.10.02	03:30:44.918	0.83340	0.83341			6
2024.10.02	03:30:49.384	0.83339	0.83340			6
2024.10.02	03:30:49.689	0.83340	0.83341			6
2024.10.02	03:30:50.788	0.83339	0.83340			6
2024.10.02	03:30:52.226	0.83340	0.83341			6
2024.10.02	03:30:54.745	0.83339	0.83340			6
2024.10.02	03:30:59.698	0.83340	0.83341			6
2024.10.02	03:31:00.003	0.83340				2
2024.10.02	03:31:00.602	0.83339	0.83340			6
2024.10.02	03:31:00.925	0.83340	0.83341			6
2024.10.02	03:31:10.350	0.83339	0.83340			6
2024.10.02	03:31:12.288	0.83340	0.83341			6
2024.10.02	03:31:45.716	0.83341	0.83342			6
2024.10.02	03:31:46.751	0.83344	0.83345			6
2024.10.02	03:31:47.877	0.83343	0.83344			6
2024.10.02	03:31:49.099	0.83344	0.83345			6
2024.10.02	03:31:55.861	0.83345	0.83346			6
2024.10.02	03:31:58.708	0.83346	0.83347			6
2024.10.02	03:32:00.216	0.83346				2
2024.10.02	03:32:02.705	0.83345	0.83346			6
2024.10.02	03:32:06.101	0.83344	0.83345			6
2024.10.02	03:32:08.791	0.83345	0.83346			6
2024.10.02	03:32:24.265	0.83343	0.83344			6
2024.10.02	03:32:24.626	0.83344	0.83345			6
2024.10.02	03:32:33.787	0.83345	0.83346			6
2024.10.02	03:32:34.731	0.83344	0.83345			6
2024.10.02	03:32:38.902	0.83345	0.83346			6
2024.10.02	03:32:39.745	0.83344	0.83345			6
2024.10.02	03:32:40.500	0.83349	0.83350			6
2024.10.02	03:32:45.554	0.83348	0.83349			6
2024.10.02	03:32:47.913	0.83347				2
2024.10.02	03:32:51.000	0.83349	0.83350			6
2024.10.02	03:32:51.657	0.83350	0.83351			6
2024.10.02	03:32:52.053	0.83349	0.83350			6
2024.10.02	03:32:53.335	0.83348	0.83349			6
2024.10.02	03:32:54.255	0.83347	0.83348			6
2024.10.02	03:32:54.969	0.83348	0.83349			6
2024.10.02	03:33:00.468	0.83348				2
2024.10.02	03:33:12.618	0.83347	0.83348			6
2024.10.02	03:33:16.964	0.83349	0.83350			6
2024.10.02	03:33:19.174	0.83348	0.83349			6
2024.10.02	03:33:19.484	0.83347	0.83348			6
2024.10.02	03:33:20.410	0.83348	0.83349			6
2024.10.02	03:33:22.219	0.83347	0.83348			6
2024.10.02	03:33:23.907	0.83350	0.83351			6
2024.10.02	03:33:31.710	0.83349	0.83350			6
2024.10.02	03:33:35.808	0.83350	0.83351			6
2024.10.02	03:33:36.164	0.83347	0.83348			6
2024.10.02	03:33:39.526	0.83349	0.83350			6
2024.10.02	03:33:50.207	0.83350	0.83351			6
2024.10.02	03:33:52.618	0.83349	0.83350			6
2024.10.02	03:33:53.801	0.83350	0.83351			6
2024.10.02	03:34:00.110	0.83350				2
2024.10.02	03:34:04.391	0.83352	0.83353			6
2024.10.02	03:34:06.642	0.83354	0.83355			6
2024.10.02	03:34:08.586	0.83353	0.83354			6
2024.10.02	03:34:09.026	0.83354	0.83355			6
2024.10.02	03:34:11.864	0.83355	0.83356			6
2024.10.02	03:34:19.957	0.83354	0.83355			6
2024.10.02	03:34:21.712	0.83355	0.83356			6
2024.10.02	03:34:22.171	0.83354	0.83355			6
2024.10.02	03:34:23.636	0.83355	0.83356			6
2024.10.02	03:34:27.720	0.83354	0.83355			6
2024.10.02	03:34:41.175	0.83353	0.83354			6
2024.10.02	03:34:41.538	0.83350	0.83351			6
2024.10.02	03:34:45.934	0.83352	0.83353			6
2024.10.02	03:35:00.457	0.83352				2
2024.10.02	03:35:16.386	0.83351	0.83352			6
2024.10.02	03:35:38.878	0.83353	0.83354			6
2024.10.02	03:35:40.805	0.83354	0.83355			6
2024.10.02	03:35:43.584	0.83353	0.83354			6
2024.10.02	03:35:43.888	0.83351	0.83352			6
2024.10.02	03:36:00.421	0.83351				2
2024.10.02	03:36:01.565	0.83350	0.83351			6
2024.10.02	03:36:06.560	0.83351	0.83352			6
2024.10.02	03:36:07.929	0.83350	0.83351			6
2024.10.02	03:36:12.578	0.83349	0.83350			6
2024.10.02	03:36:13.806	0.83350	0.83351			6
2024.10.02	03:36:20.581	0.83351	0.83352			6
2024.10.02	03:36:21.007	0.83350	0.83351			6
2024.10.02	03:36:21.312	0.83351	0.83352			6
2024.10.02	03:36:22.026	0.83350	0.83351			6
2024.10.02	03:36:24.761	0.83351	0.83352			6
2024.10.02	03:36:25.815	0.83350	0.83351			6
2024.10.02	03:36:26.675	0.83349	0.83350			6
2024.10.02	03:36:26.984	0.83348	0.83349			6
2024.10.02	03:36:32.055	0.83347	0.83348			6
2024.10.02	03:36:32.647	0.83346	0.83347			6
2024.10.02	03:36:34.843	0.83347	0.83348			6
2024.10.02	03:36:49.347	0.83348	0.83349			6
2024.10.02	03:36:53.900	0.83347	0.83348			6
2024.10.02	03:36:56.346	0.83348	0.83349			6
2024.10.02	03:36:57.673	0.83349	0.83350			6
2024.10.02	03:37:00.369	0.83349				2
2024.10.02	03:37:10.931	0.83350	0.83351			6
2024.10.02	03:37:22.056	0.83349	0.83350			6
2024.10.02	03:37:22.369	0.83348	0.83349			6
2024.10.02	03:37:26.062	0.83349	0.83350			6
2024.10.02	03:37:26.986	0.83348	0.83349			6
2024.10.02	03:37:29.730	0.83347	0.83348			6
2024.10.02	03:37:30.048	0.83348	0.83349			6
2024.10.02	03:37:34.204	0.83347	0.83348			6
2024.10.02	03:37:34.925	0.83348	0.83349			6
2024.10.02	03:37:40.399	0.83349	0.83350			6
2024.10.02	03:37:41.281	0.83348	0.83349			6
2024.10.02	03:37:43.968	0.83349	0.83350			6
2024.10.02	03:37:44.719	0.83348	0.83349			6
2024.10.02	03:37:46.319	0.83349	0.83350			6
2024.10.02	03:37:47.119	0.83348	0.83349			6
2024.10.02	03:37:56.885	0.83346	0.83347			6
2024.10.02	03:37:58.964	0.83347	0.83348			6
2024.10.02	03:38:00.325	0.83347				2
2024.10.02	03:38:07.163	0.83346	0.83347			6
2024.10.02	03:38:16.611	0.83347	0.83348			6
2024.10.02	03:38:22.539	0.83346	0.83347			6
2024.10.02	03:38:23.805	0.83345	0.83346			6
2024.10.02	03:38:24.122	0.83346	0.83347			6
2024.10.02	03:38:24.741	0.83345	0.83346			6
2024.10.02	03:38:25.636	0.83344	0.83345			6
2024.10.02	03:38:33.764	0.83345	0.83346			6
2024.10.02	03:38:34.712	0.83344	0.83345			6
2024.10.02	03:38:39.011	0.83343	0.83344			6
2024.10.02	03:38:39.323	0.83342	0.83343			6
2024.10.02	03:38:40.019	0.83341	0.83342			6
2024.10.02	03:38:40.323	0.83340	0.83341			6
2024.10.02	03:38:42.929	0.83342	0.83343			6
2024.10.02	03:38:44.944	0.83341	0.83342			6
2024.10.02	03:38:46.195	0.83340	0.83341			6
2024.10.02	03:38:47.940	0.83341	0.83342			6
2024.10.02	03:38:52.132	0.83342	0.83343			6
2024.10.02	03:38:53.346	0.83343	0.83344			6
2024.10.02	03:39:00.076	0.83343				2
2024.10.02	03:39:00.468	0.83342	0.83343			6
2024.10.02	03:39:00.782	0.83343	0.83344			6
2024.10.02	03:39:03.592	0.83344	0.83345			6
2024.10.02	03:39:04.570	0.83343	0.83344			6
2024.10.02	03:39:08.065	0.83342	0.83343			6
2024.10.02	03:39:13.411	0.83341	0.83345			6
2024.10.02	03:39:14.123	0.83342				2
2024.10.02	03:39:15.626	0.83343	0.83344			6
2024.10.02	03:39:35.468	0.83342	0.83343			6
2024.10.02	03:39:36.812	0.83343	0.83344			6
2024.10.02	03:39:56.603	0.83344	0.83345			6
2024.10.02	03:39:59.736	0.83343	0.83344			6
2024.10.02	03:40:00.446	0.83343				2
2024.10.02	03:40:00.746	0.83342	0.83343			6
2024.10.02	03:40:01.501	0.83343	0.83344			6
2024.10.02	03:40:01.818	0.83342	0.83343			6
2024.10.02	03:40:06.746	0.83341	0.83342			6
2024.10.02	03:40:18.484	0.83342	0.83343			6
2024.10.02	03:40:18.791	0.83341	0.83342			6
2024.10.02	03:40:22.883	0.83342	0.83343			6
2024.10.02	03:40:23.308	0.83341	0.83342			6
2024.10.02	03:40:23.983	0.83342	0.83343			6
2024.10.02	03:40:28.150	0.83341	0.83342			6
2024.10.02	03:40:37.820	0.83342	0.83343			6
2024.10.02	03:40:41.474	0.83343	0.83344			6
2024.10.02	03:40:42.459	0.83341	0.83342			6
2024.10.02	03:40:48.424	0.83342	0.83343			6
2024.10.02	03:41:01.152	0.83343	0.83344			6
2024.10.02	03:41:07.964	0.83342	0.83343			6
2024.10.02	03:41:08.629	0.83341	0.83342			6
2024.10.02	03:41:11.273	0.83342	0.83343			6
2024.10.02	03:41:12.938	0.83341	0.83342			6
2024.10.02	03:41:13.937	0.83342	0.83343			6
2024.10.02	03:41:14.243	0.83343	0.83344			6
2024.10.02	03:41:15.394	0.83342	0.83343			6
2024.10.02	03:41:17.308	0.83341	0.83342			6
2024.10.02	03:41:20.962	0.83340	0.83341			6
2024.10.02	03:41:21.534	0.83341	0.83342			6
2024.10.02	03:41:22.054	0.83340	0.83341			6
2024.10.02	03:41:29.646	0.83339	0.83340			6
2024.10.02	03:41:36.812	0.83337	0.83338			6
2024.10.02	03:41:40.738	0.83338	0.83339			6
2024.10.02	03:41:41.175	0.83339	0.83340			6
2024.10.02	03:41:50.472	0.83340	0.83341			6
2024.10.02	03:42:00.601	0.83340				2
2024.10.02	03:42:00.902	0.83339	0.83340			6
2024.10.02	03:42:06.904	0.83340	0.83341			6
2024.10.02	03:42:07.917	0.83339	0.83340			6
2024.10.02	03:42:08.441	0.83340	0.83341			6
2024.10.02	03:42:12.818	0.83339	0.83340			6
2024.10.02	03:42:13.472	0.83337	0.83338			6
2024.10.02	03:42:14.133	0.83336	0.83337			6
2024.10.02	03:42:15.011	0.83337	0.83338			6
2024.10.02	03:42:22.065	0.83339	0.83340			6
2024.10.02	03:42:22.741	0.83340	0.83341			6
2024.10.02	03:42:23.512	0.83339	0.83340			6
2024.10.02	03:42:30.434	0.83340	0.83341			6
2024.10.02	03:42:32.276	0.83339	0.83340			6
2024.10.02	03:42:32.878	0.83340	0.83341			6
2024.10.02	03:42:35.001	0.83339	0.83340			6
2024.10.02	03:42:40.541	0.83340	0.83341			6
2024.10.02	03:42:41.461	0.83339	0.83340			6
2024.10.02	03:42:44.343	0.83340	0.83341			6
2024.10.02	03:42:52.116	0.83339	0.83340			6
2024.10.02	03:42:52.423	0.83337	0.83338			6
2024.10.02	03:42:53.818	0.83338	0.83339			6
2024.10.02	03:42:54.884	0.83337	0.83338			6
2024.10.02	03:42:55.206	0.83338	0.83339			6
2024.10.02	03:42:59.996	0.83339	0.83340			6
2024.10.02	03:43:00.514	0.83339				2
2024.10.02	03:43:01.976	0.83338	0.83339			6
2024.10.02	03:43:08.357	0.83339	0.83340			6
2024.10.02	03:43:15.652	0.83338	0.83339			6
2024.10.02	03:43:16.368	0.83339	0.83340			6
2024.10.02	03:43:21.307	0.83338	0.83339			6
2024.10.02	03:43:22.540	0.83337	0.83338			6
2024.10.02	03:43:25.850	0.83336	0.83337			6
2024.10.02	03:43:26.164	0.83337	0.83338			6
2024.10.02	03:43:32.665	0.83335	0.83336			6
2024.10.02	03:43:33.052	0.83336	0.83337			6
2024.10.02	03:43:36.708	0.83335	0.83336			6
2024.10.02	03:43:37.888	0.83334	0.83335			6
2024.10.02	03:43:39.302	0.83335	0.83336			6
2024.10.02	03:43:40.741	0.83334	0.83335			6
2024.10.02	03:43:45.696	0.83335	0.83336			6
2024.10.02	03:43:48.676	0.83336	0.83337			6
2024.10.02	03:43:55.840	0.83335	0.83336			6
2024.10.02	03:44:00.866	0.83335				2
2024.10.02	03:44:02.884	0.83336	0.83337			6
2024.10.02	03:44:05.577	0.83335	0.83336			6
2024.10.02	03:44:14.876	0.83334	0.83335			6
2024.10.02	03:44:28.054	0.83336	0.83337			6
2024.10.02	03:44:32.404	0.83335	0.83336			6
2024.10.02	03:44:34.982	0.83336	0.83337			6
2024.10.02	03:44:57.008	0.83335	0.83336			6
2024.10.02	03:45:00.259	0.83335				2
2024.10.02	03:45:01.805	0.83334	0.83335			6
2024.10.02	03:45:10.867	0.83335	0.83336			6
2024.10.02	03:45:11.371	0.83334	0.83335			6
2024.10.02	03:45:12.446	0.83335	0.83336			6
2024.10.02	03:45:23.001	0.83334	0.83335			6
2024.10.02	03:45:42.057	0.83335	0.83336			6
2024.10.02	03:45:43.133	0.83334	0.83335			6
2024.10.02	03:45:44.199	0.83335	0.83336			6
2024.10.02	03:45:44.549	0.83334	0.83335			6
2024.10.02	03:45:46.135	0.83335	0.83336			6
2024.10.02	03:45:46.962	0.83334	0.83335			6
2024.10.02	03:45:47.731	0.83332	0.83333			6
2024.10.02	03:45:48.352	0.83331	0.83332			6
2024.10.02	03:45:49.050	0.83332	0.83333			6
2024.10.02	03:45:52.098	0.83331	0.83332			6
2024.10.02	03:45:52.952	0.83334	0.83335			6
2024.10.02	03:45:58.443	0.83335	0.83336			6
2024.10.02	03:46:00.221	0.83335				2
2024.10.02	03:46:03.848	0.83336	0.83337			6
2024.10.02	03:46:05.471	0.83335	0.83336			6
2024.10.02	03:46:06.153	0.83336	0.83337			6
2024.10.02	03:46:06.809	0.83335	0.83336			6
2024.10.02	03:46:08.887	0.83336	0.83337			6
2024.10.02	03:46:09.218	0.83335	0.83336			6
2024.10.02	03:46:14.282	0.83336	0.83337			6
2024.10.02	03:46:16.110	0.83335	0.83336			6
2024.10.02	03:46:17.719	0.83336	0.83337			6
2024.10.02	03:46:32.311	0.83340	0.83341			6
2024.10.02	03:46:33.262	0.83339	0.83340			6
2024.10.02	03:46:36.846	0.83338	0.83339			6
2024.10.02	03:46:40.924	0.83337	0.83338			6
2024.10.02	03:46:49.321	0.83338	0.83339			6
2024.10.02	03:46:52.152	0.83337	0.83338			6
2024.10.02	03:46:56.323	0.83338	0.83339			6
2024.10.02	03:47:00.390	0.83338				2
2024.10.02	03:47:07.067	0.83340	0.83341			6
2024.10.02	03:47:09.180	0.83339	0.83340			6
2024.10.02	03:47:10.074	0.83340	0.83341			6
2024.10.02	03:47:11.016	0.83339	0.83340			6
2024.10.02	03:47:12.783	0.83338	0.83339			6
2024.10.02	03:47:13.089	0.83340	0.83341			6
2024.10.02	03:47:15.253	0.83341	0.83342			6
2024.10.02	03:47:17.713	0.83340	0.83341			6
2024.10.02	03:47:21.931	0.83341	0.83342			6
2024.10.02	03:47:35.514	0.83342	0.83343			6
2024.10.02	03:47:36.143	0.83341	0.83342			6
2024.10.02	03:47:38.256	0.83342	0.83343			6
2024.10.02	03:47:48.543	0.83344	0.83345			6
2024.10.02	03:47:57.555	0.83343	0.83344			6
2024.10.02	03:48:00.385	0.83343				2
2024.10.02	03:48:11.439	0.83342	0.83343			6
2024.10.02	03:48:15.006	0.83341	0.83342			6
2024.10.02	03:48:29.409	0.83342	0.83343			6
2024.10.02	03:48:30.681	0.83341	0.83342			6
2024.10.02	03:48:34.084	0.83342	0.83343			6
2024.10.02	03:48:43.637	0.83341	0.83342			6
2024.10.02	03:48:46.564	0.83340	0.83341			6
2024.10.02	03:48:50.964	0.83341	0.83342			6
2024.10.02	03:48:51.351	0.83342	0.83343			6
2024.10.02	03:48:52.840	0.83341	0.83342			6
2024.10.02	03:48:53.378	0.83340	0.83341			6
2024.10.02	03:49:00.319	0.83340				2
2024.10.02	03:49:15.327	0.83341	0.83342			6
2024.10.02	03:49:20.133	0.83340	0.83341			6
2024.10.02	03:49:20.758	0.83341	0.83342			6
2024.10.02	03:49:28.762	0.83340	0.83341			6
2024.10.02	03:49:43.036	0.83341	0.83342			6
2024.10.02	03:49:46.185	0.83340	0.83341			6
2024.10.02	03:49:50.872	0.83339	0.83340			6
2024.10.02	03:49:57.874	0.83340	0.83341			6
2024.10.02	03:50:00.313	0.83340				2
2024.10.02	03:50:02.129	0.83339	0.83340			6
2024.10.02	03:50:05.965	0.83340	0.83341			6
2024.10.02	03:50:06.635	0.83339	0.83340			6
2024.10.02	03:50:06.982	0.83340	0.83341			6
2024.10.02	03:50:08.231	0.83339	0.83340			6
2024.10.02	03:50:15.070	0.83338	0.83339			6
2024.10.02	03:50:22.129	0.83339	0.83340			6
2024.10.02	03:50:23.604	0.83340	0.83341			6
2024.10.02	03:50:26.765	0.83339	0.83340			6
2024.10.02	03:50:35.528	0.83338	0.83339			6
2024.10.02	03:50:36.479	0.83337	0.83338			6
2024.10.02	03:50:45.681	0.83338	0.83339			6
2024.10.02	03:50:47.083	0.83339	0.83340			6
2024.10.02	03:50:47.546	0.83340	0.83341			6
2024.10.02	03:50:49.847	0.83341	0.83342			6
2024.10.02	03:51:00.486	0.83341				2
2024.10.02	03:51:02.315	0.83342	0.83343			6
2024.10.02	03:51:09.201	0.83341	0.83342			6
2024.10.02	03:51:14.049	0.83342	0.83343			6
2024.10.02	03:51:18.600	0.83341	0.83342			6
2024.10.02	03:51:19.466	0.83342	0.83343			6
2024.10.02	03:51:19.770	0.83343	0.83344			6
2024.10.02	03:51:20.386	0.83341	0.83342			6
2024.10.02	03:51:20.704	0.83342	0.83343			6
2024.10.02	03:51:21.394	0.83343	0.83344			6
2024.10.02	03:51:22.515	0.83344	0.83345			6
2024.10.02	03:51:28.723	0.83345	0.83346			6
2024.10.02	03:51:30.496	0.83344	0.83345			6
2024.10.02	03:51:32.900	0.83345	0.83346			6
2024.10.02	03:51:33.561	0.83346	0.83347			6
2024.10.02	03:51:35.552	0.83347	0.83348			6
2024.10.02	03:51:38.685	0.83348	0.83349			6
2024.10.02	03:51:42.286	0.83346	0.83347			6
2024.10.02	03:51:45.282	0.83345	0.83346			6
2024.10.02	03:51:47.454	0.83346	0.83347			6
2024.10.02	03:51:55.151	0.83345	0.83346			6
2024.10.02	03:51:55.644	0.83344	0.83345			6
2024.10.02	03:51:57.058	0.83343	0.83344			6
2024.10.02	03:51:57.696	0.83344	0.83345			6
2024.10.02	03:51:58.343	0.83343	0.83344			6
2024.10.02	03:51:58.646	0.83342	0.83343			6
2024.10.02	03:52:00.440	0.83342				2
2024.10.02	03:52:06.802	0.83343	0.83344			6
2024.10.02	03:52:07.255	0.83344	0.83345			6
2024.10.02	03:52:19.526	0.83342	0.83343			6
2024.10.02	03:52:21.176	0.83343	0.83344			6
2024.10.02	03:52:21.808	0.83344	0.83345			6
2024.10.02	03:52:23.860	0.83343	0.83344			6
2024.10.02	03:52:28.693	0.83344	0.83345			6
2024.10.02	03:52:30.153	0.83345	0.83346			6
2024.10.02	03:52:30.889	0.83344	0.83345			6
2024.10.02	03:52:31.195	0.83343	0.83344			6
2024.10.02	03:52:31.586	0.83342	0.83343			6
2024.10.02	03:52:33.159	0.83341	0.83342			6
2024.10.02	03:52:34.645	0.83343	0.83344			6
2024.10.02	03:52:34.961	0.83344	0.83345			6
2024.10.02	03:52:36.344	0.83340	0.83341			6
2024.10.02	03:52:36.674	0.83341	0.83342			6
2024.10.02	03:52:37.019	0.83340	0.83341			6
2024.10.02	03:52:38.417	0.83339	0.83340			6
2024.10.02	03:52:38.797	0.83340	0.83341			6
2024.10.02	03:52:40.070	0.83341	0.83342			6
2024.10.02	03:52:42.214	0.83338	0.83339			6
2024.10.02	03:52:42.524	0.83341	0.83342			6
2024.10.02	03:52:44.667	0.83340	0.83341			6
2024.10.02	03:52:45.001	0.83341	0.83342			6
2024.10.02	03:52:51.691	0.83342	0.83343			6
2024.10.02	03:52:52.443	0.83341	0.83342			6
2024.10.02	03:52:56.673	0.83340	0.83341			6
2024.10.02	03:52:58.062	0.83339	0.83340			6
2024.10.02	03:53:00.154	0.83340	0.83341			6
2024.10.02	03:53:00.797	0.83339	0.83340			6
2024.10.02	03:53:01.750	0.83341	0.83342			6
2024.10.02	03:53:06.350	0.83340	0.83341			6
2024.10.02	03:53:10.736	0.83341	0.83342			6
2024.10.02	03:53:18.292	0.83340	0.83341			6
2024.10.02	03:53:20.255	0.83341	0.83342			6
2024.10.02	03:53:21.510	0.83342	0.83343			6
2024.10.02	03:53:22.489	0.83341	0.83342			6
2024.10.02	03:53:22.803	0.83342	0.83343			6
2024.10.02	03:53:23.105	0.83343	0.83344			6
2024.10.02	03:53:23.913	0.83342	0.83343			6
2024.10.02	03:53:24.246	0.83343	0.83344			6
2024.10.02	03:53:24.911	0.83342	0.83343			6
2024.10.02	03:53:33.078	0.83341	0.83342			6
2024.10.02	03:53:33.731	0.83340	0.83341			6
2024.10.02	03:53:41.634	0.83341	0.83342			6
2024.10.02	03:53:43.777	0.83342	0.83343			6
2024.10.02	03:53:47.611	0.83341	0.83342			6
2024.10.02	03:53:49.901	0.83342	0.83343			6
2024.10.02	03:53:50.446	0.83341	0.83342			6
2024.10.02	03:53:53.066	0.83340	0.83341			6
2024.10.02	03:53:53.385	0.83339	0.83340			6
2024.10.02	03:53:54.746	0.83341	0.83342			6
2024.10.02	03:53:55.209	0.83340	0.83341			6
2024.10.02	03:53:59.032	0.83339	0.83340			6
2024.10.02	03:53:59.379	0.83338	0.83339			6
2024.10.02	03:54:00.370	0.83338				2
2024.10.02	03:54:04.185	0.83339	0.83340			6
2024.10.02	03:54:08.130	0.83338	0.83339			6
2024.10.02	03:54:08.482	0.83339	0.83340			6
2024.10.02	03:54:08.848	0.83338	0.83339			6
2024.10.02	03:54:09.169	0.83337	0.83338			6
2024.10.02	03:54:17.466	0.83336	0.83337			6
2024.10.02	03:54:23.754	0.83337	0.83338			6
2024.10.02	03:54:30.571	0.83336	0.83337			6
2024.10.02	03:54:33.186	0.83335	0.83336			6
2024.10.02	03:54:33.498	0.83336	0.83337			6
2024.10.02	03:54:33.853	0.83335	0.83336			6
2024.10.02	03:54:35.826	0.83334	0.83335			6
2024.10.02	03:54:36.733	0.83335	0.83336			6
2024.10.02	03:54:37.326	0.83334	0.83335			6
2024.10.02	03:54:38.033	0.83335	0.83336			6
2024.10.02	03:54:40.317	0.83334	0.83335			6
2024.10.02	03:54:41.809	0.83335	0.83336			6
2024.10.02	03:54:42.593	0.83334	0.83335			6
2024.10.02	03:54:45.966	0.83335	0.83336			6
