<DATE>	<TIME>	<BID>	<ASK>	<LAST>	<VOLUME>	<FLAGS>
2024.07.23	00:00:00.864	0.84095	0.84299			6
2024.07.23	00:00:01.445	0.84096	0.84300			6
2024.07.23	00:00:01.453	0.84165	0.84234			6
2024.07.23	00:00:01.527	0.84166				2
2024.07.23	00:00:31.358	0.84161	0.84233			6
2024.07.23	00:00:35.156	0.84167				2
2024.07.23	00:00:41.092	0.84161				2
2024.07.23	00:00:45.504	0.84166				2
2024.07.23	00:00:49.521	0.84161				2
2024.07.23	00:01:01.072	0.84161				2
2024.07.23	00:01:03.591	0.84171				2
2024.07.23	00:01:07.394	0.84169				2
2024.07.23	00:01:11.475	0.84173	0.84235			6
2024.07.23	00:01:19.320	0.84165	0.84234			6
2024.07.23	00:01:51.038		0.84236			4
2024.07.23	00:02:10.899	0.84165				2
2024.07.23	00:03:06.381	0.84165	0.84236			6
2024.07.23	00:04:00.893	0.84165				2
2024.07.23	00:04:04.359		0.84237			4
2024.07.23	00:05:00.442	0.84165				2
2024.07.23	00:05:01.934	0.84160	0.84268			6
2024.07.23	00:05:59.922		0.84267			4
2024.07.23	00:06:01.925	0.84160	0.84269			6
2024.07.23	00:06:02.304		0.84271			4
2024.07.23	00:06:03.346		0.84269			4
2024.07.23	00:06:05.141		0.84270			4
2024.07.23	00:06:06.899		0.84271			4
2024.07.23	00:06:08.017		0.84268			4
2024.07.23	00:06:18.148		0.84271			4
2024.07.23	00:06:20.351		0.84270			4
2024.07.23	00:06:30.486		0.84269			4
2024.07.23	00:06:34.542		0.84268			4
2024.07.23	00:06:36.348		0.84267			4
2024.07.23	00:06:39.235		0.84266			4
2024.07.23	00:06:46.232		0.84269			4
2024.07.23	00:06:53.228		0.84270			4
2024.07.23	00:06:56.361		0.84268			4
2024.07.23	00:07:00.226	0.84165				2
2024.07.23	00:07:00.881	0.84163				2
2024.07.23	00:07:02.354	0.84164				2
2024.07.23	00:07:08.069	0.84165	0.84269			6
2024.07.23	00:07:08.829	0.84166	0.84271			6
2024.07.23	00:07:09.955	0.84165	0.84266			6
2024.07.23	00:07:10.992	0.84172	0.84267			6
2024.07.23	00:07:11.298	0.84169	0.84266			6
2024.07.23	00:07:13.009	0.84167	0.84264			6
2024.07.23	00:07:18.390	0.84168	0.84265			6
2024.07.23	00:07:18.784		0.84267			4
2024.07.23	00:07:20.785	0.84170				2
2024.07.23	00:07:22.040	0.84160	0.84264			6
2024.07.23	00:07:22.356		0.84266			4
2024.07.23	00:07:23.127		0.84267			4
2024.07.23	00:07:25.150		0.84268			4
2024.07.23	00:07:28.358		0.84267			4
2024.07.23	00:07:31.439	0.84161				2
2024.07.23	00:07:32.389	0.84163	0.84265			6
2024.07.23	00:07:33.751	0.84166	0.84268			6
2024.07.23	00:07:40.350		0.84269			4
2024.07.23	00:07:42.239	0.84171				2
2024.07.23	00:07:44.127	0.84172	0.84268			6
2024.07.23	00:07:50.401	0.84160	0.84265			6
2024.07.23	00:07:52.352		0.84268			4
2024.07.23	00:07:53.542	0.84164	0.84269			6
2024.07.23	00:07:53.997	0.84165	0.84270			6
2024.07.23	00:07:58.597	0.84164	0.84269			6
2024.07.23	00:07:59.632	0.84162				2
2024.07.23	00:08:00.637	0.84165	0.84270			6
2024.07.23	00:08:02.362	0.84167	0.84268			6
2024.07.23	00:08:04.006	0.84172	0.84269			6
2024.07.23	00:08:04.665	0.84171	0.84268			6
2024.07.23	00:08:06.357	0.84172				2
2024.07.23	00:08:09.148	0.84170	0.84262			6
2024.07.23	00:08:09.842	0.84167	0.84261			6
2024.07.23	00:08:10.354	0.84165	0.84263			6
2024.07.23	00:08:12.750	0.84167	0.84264			6
2024.07.23	00:08:17.290	0.84172				2
2024.07.23	00:08:20.351	0.84174	0.84262			6
2024.07.23	00:08:29.122	0.84160	0.84258			6
2024.07.23	00:08:29.422	0.84167	0.84261			6
2024.07.23	00:08:30.418	0.84173	0.84262			6
2024.07.23	00:08:36.539	0.84171	0.84259			6
2024.07.23	00:08:39.883	0.84173				2
2024.07.23	00:08:42.990	0.84157	0.84254			6
2024.07.23	00:08:43.495		0.84256			4
2024.07.23	00:08:44.100		0.84258			4
2024.07.23	00:08:47.039		0.84266			4
2024.07.23	00:08:59.233	0.84158				2
2024.07.23	00:09:00.656	0.84160				2
2024.07.23	00:09:10.450	0.84163				2
2024.07.23	00:09:16.978	0.84165				2
2024.07.23	00:09:21.338	0.84167				2
2024.07.23	00:09:21.752		0.84271			4
2024.07.23	00:09:30.277	0.84168				2
2024.07.23	00:09:30.769	0.84157				2
2024.07.23	00:09:31.272	0.84160				2
2024.07.23	00:09:38.351	0.84161				2
2024.07.23	00:09:38.956	0.84166	0.84264			6
2024.07.23	00:09:40.358		0.84266			4
2024.07.23	00:09:45.743		0.84265			4
2024.07.23	00:09:49.655		0.84261			4
2024.07.23	00:09:50.355		0.84259			4
2024.07.23	00:09:51.954		0.84263			4
2024.07.23	00:09:58.039		0.84262			4
2024.07.23	00:10:00.408	0.84199	0.84271			6
2024.07.23	00:10:01.837		0.84259			4
2024.07.23	00:10:09.253	0.84189	0.84269			6
2024.07.23	00:10:10.432	0.84194	0.84264			6
2024.07.23	00:10:11.963	0.84199	0.84259			6
2024.07.23	00:10:12.346		0.84263			4
2024.07.23	00:10:21.038	0.84198				2
2024.07.23	00:10:23.795	0.84199	0.84262			6
2024.07.23	00:10:29.317	0.84194	0.84255			6
2024.07.23	00:11:01.063	0.84191	0.84252			6
2024.07.23	00:11:05.262	0.84190				2
2024.07.23	00:11:09.637		0.84251			4
2024.07.23	00:11:11.129	0.84189	0.84250			6
2024.07.23	00:11:12.349	0.84181	0.84247			6
2024.07.23	00:11:21.650	0.84182	0.84246			6
2024.07.23	00:11:26.269	0.84183	0.84245			6
2024.07.23	00:11:30.876	0.84182	0.84246			6
2024.07.23	00:11:40.967	0.84183	0.84245			6
2024.07.23	00:11:41.352	0.84182	0.84246			6
2024.07.23	00:11:42.412	0.84184	0.84244			6
2024.07.23	00:11:44.262	0.84183	0.84245			6
2024.07.23	00:11:52.741	0.84184	0.84244			6
2024.07.23	00:11:56.228	0.84191	0.84261			6
2024.07.23	00:11:56.542	0.84184	0.84244			6
2024.07.23	00:11:58.470	0.84194	0.84265			6
2024.07.23	00:11:58.821	0.84183	0.84242			6
2024.07.23	00:12:00.906	0.84183				2
2024.07.23	00:12:01.722	0.84180	0.84239			6
2024.07.23	00:12:26.682	0.84179	0.84237			6
2024.07.23	00:12:28.026		0.84238			4
2024.07.23	00:12:29.067	0.84178	0.84239			6
2024.07.23	00:12:31.794	0.84176				2
2024.07.23	00:12:33.688	0.84177	0.84240			6
2024.07.23	00:12:34.509	0.84176	0.84238			6
2024.07.23	00:12:36.350	0.84180	0.84237			6
2024.07.23	00:12:41.686	0.84176	0.84248			6
2024.07.23	00:12:43.390		0.84249			4
2024.07.23	00:12:45.503	0.84182	0.84243			6
2024.07.23	00:12:47.798	0.84183				2
2024.07.23	00:12:48.105		0.84242			4
2024.07.23	00:12:48.832	0.84184	0.84241			6
2024.07.23	00:13:05.957	0.84183	0.84242			6
2024.07.23	00:13:12.208	0.84184	0.84241			6
2024.07.23	00:13:35.437	0.84183				2
2024.07.23	00:13:38.838	0.84180	0.84238			6
2024.07.23	00:13:42.336	0.84184	0.84244			6
2024.07.23	00:13:42.852	0.84183	0.84245			6
2024.07.23	00:13:48.917	0.84182	0.84246			6
2024.07.23	00:13:49.294	0.84183	0.84245			6
2024.07.23	00:13:51.021	0.84175	0.84232			6
2024.07.23	00:14:00.301	0.84175				2
2024.07.23	00:14:11.278		0.84233			4
2024.07.23	00:14:11.635	0.84169	0.84231			6
2024.07.23	00:14:11.959	0.84168				2
2024.07.23	00:14:12.278	0.84177	0.84234			6
2024.07.23	00:14:37.442	0.84176	0.84235			6
2024.07.23	00:14:40.237		0.84236			4
2024.07.23	00:14:43.844	0.84175				2
2024.07.23	00:14:47.510		0.84237			4
2024.07.23	00:14:57.636	0.84174				2
2024.07.23	00:15:00.891	0.84174				2
2024.07.23	00:15:01.381	0.84177	0.84234			6
2024.07.23	00:15:02.672	0.84180	0.84238			6
2024.07.23	00:15:04.273	0.84183	0.84240			6
2024.07.23	00:15:05.340		0.84241			4
2024.07.23	00:15:07.164	0.84182				2
2024.07.23	00:15:08.083		0.84242			4
2024.07.23	00:15:19.443	0.84183	0.84241			6
2024.07.23	00:15:28.351	0.84182	0.84242			6
2024.07.23	00:15:31.067	0.84174				2
2024.07.23	00:15:33.341	0.84175	0.84241			6
2024.07.23	00:15:37.744	0.84176	0.84240			6
2024.07.23	00:15:38.244	0.84177	0.84239			6
2024.07.23	00:15:40.591	0.84176				2
2024.07.23	00:15:42.226	0.84175				2
2024.07.23	00:15:42.667	0.84176	0.84238			6
2024.07.23	00:15:43.759		0.84237			4
2024.07.23	00:15:44.292	0.84178	0.84236			6
2024.07.23	00:15:45.127	0.84177	0.84237			6
2024.07.23	00:15:47.291	0.84174	0.84240			6
2024.07.23	00:15:48.918		0.84239			4
2024.07.23	00:15:57.952	0.84175	0.84238			6
2024.07.23	00:15:59.160	0.84174	0.84239			6
2024.07.23	00:16:00.657	0.84175	0.84238			6
2024.07.23	00:16:04.339	0.84176				2
2024.07.23	00:16:06.307	0.84173	0.84237			6
2024.07.23	00:16:07.226	0.84172	0.84238			6
2024.07.23	00:16:08.151	0.84167	0.84239			6
2024.07.23	00:16:11.779	0.84164	0.84233			6
2024.07.23	00:16:12.349		0.84234			4
2024.07.23	00:16:13.440		0.84236			4
2024.07.23	00:16:17.434		0.84235			4
2024.07.23	00:16:20.735	0.84165				2
2024.07.23	00:16:21.601	0.84167	0.84240			6
2024.07.23	00:16:22.236	0.84168				2
2024.07.23	00:16:22.927	0.84169	0.84244			6
2024.07.23	00:16:26.436	0.84170				2
2024.07.23	00:16:27.837	0.84171	0.84242			6
2024.07.23	00:16:35.793		0.84241			4
2024.07.23	00:16:36.947		0.84242			4
2024.07.23	00:16:37.575		0.84243			4
2024.07.23	00:16:41.278	0.84173				2
2024.07.23	00:16:48.964	0.84171	0.84242			6
2024.07.23	00:16:52.245		0.84243			4
2024.07.23	00:16:54.638	0.84170	0.84244			6
2024.07.23	00:16:55.232	0.84169	0.84243			6
2024.07.23	00:16:59.218	0.84168	0.84241			6
2024.07.23	00:17:00.435	0.84168				2
2024.07.23	00:17:12.700	0.84170	0.84238			6
2024.07.23	00:17:14.841	0.84171				2
2024.07.23	00:17:20.824	0.84168	0.84240			6
2024.07.23	00:17:30.877		0.84239			4
2024.07.23	00:17:41.129	0.84169				2
2024.07.23	00:17:44.442		0.84238			4
2024.07.23	00:17:46.242		0.84239			4
2024.07.23	00:17:47.582		0.84238			4
2024.07.23	00:17:48.932	0.84171	0.84242			6
2024.07.23	00:17:50.372		0.84245			4
2024.07.23	00:17:51.106	0.84172	0.84244			6
2024.07.23	00:17:51.417	0.84171	0.84245			6
2024.07.23	00:17:55.642		0.84244			4
2024.07.23	00:17:59.069	0.84177	0.84249			6
2024.07.23	00:17:59.589	0.84176	0.84248			6
2024.07.23	00:17:59.964		0.84250			4
2024.07.23	00:18:00.311	0.84176	0.84247			6
2024.07.23	00:18:01.357	0.84178	0.84253			6
2024.07.23	00:18:01.696		0.84252			4
2024.07.23	00:18:03.670		0.84249			4
2024.07.23	00:18:04.616		0.84252			4
2024.07.23	00:18:06.790	0.84191				2
2024.07.23	00:18:08.862		0.84251			4
2024.07.23	00:18:09.201	0.84192	0.84250			6
2024.07.23	00:18:13.840	0.84193	0.84251			6
2024.07.23	00:18:18.147	0.84199	0.84259			6
2024.07.23	00:18:18.637	0.84196	0.84254			6
2024.07.23	00:18:30.728	0.84189	0.84248			6
2024.07.23	00:18:31.536	0.84190	0.84249			6
2024.07.23	00:18:41.788	0.84189	0.84247			6
2024.07.23	00:19:00.402	0.84189				2
2024.07.23	00:19:14.137	0.84188				2
2024.07.23	00:19:23.136		0.84248			4
2024.07.23	00:19:40.792	0.84187	0.84249			6
2024.07.23	00:19:50.409	0.84188	0.84248			6
2024.07.23	00:20:00.404	0.84188				2
2024.07.23	00:20:04.626	0.84184				2
2024.07.23	00:20:06.723	0.84182	0.84251			6
2024.07.23	00:20:11.436	0.84178	0.84248			6
2024.07.23	00:20:13.133		0.84253			4
2024.07.23	00:20:13.541		0.84252			4
2024.07.23	00:20:16.871	0.84179	0.84249			6
2024.07.23	00:20:19.033	0.84180	0.84250			6
2024.07.23	00:20:20.400		0.84249			4
2024.07.23	00:20:22.427	0.84178				2
2024.07.23	00:20:26.344		0.84247			4
2024.07.23	00:20:26.761	0.84176	0.84248			6
2024.07.23	00:20:27.223	0.84177				2
2024.07.23	00:20:28.713		0.84250			4
2024.07.23	00:20:34.586		0.84249			4
2024.07.23	00:20:36.891	0.84178	0.84251			6
2024.07.23	00:20:38.684	0.84176	0.84242			6
2024.07.23	00:20:39.963	0.84175				2
2024.07.23	00:20:44.804		0.84241			4
2024.07.23	00:20:48.334		0.84242			4
2024.07.23	00:20:50.364		0.84244			4
2024.07.23	00:20:51.010	0.84172	0.84242			6
2024.07.23	00:20:53.781		0.84241			4
2024.07.23	00:20:57.642	0.84173				2
2024.07.23	00:20:58.477		0.84242			4
2024.07.23	00:21:00.520	0.84173	0.84244			6
2024.07.23	00:21:02.685		0.84242			4
2024.07.23	00:21:03.835		0.84241			4
2024.07.23	00:21:06.723		0.84240			4
2024.07.23	00:21:10.402	0.84172				2
2024.07.23	00:21:11.643	0.84171				2
2024.07.23	00:21:13.967	0.84172				2
2024.07.23	00:21:15.436		0.84241			4
2024.07.23	00:21:16.394	0.84173	0.84240			6
2024.07.23	00:21:18.755	0.84171				2
2024.07.23	00:21:20.398		0.84241			4
2024.07.23	00:21:23.737		0.84239			4
2024.07.23	00:21:25.535		0.84238			4
2024.07.23	00:21:26.937	0.84173	0.84239			6
2024.07.23	00:21:27.611	0.84169	0.84236			6
2024.07.23	00:21:28.674	0.84168	0.84237			6
2024.07.23	00:21:30.430	0.84165	0.84241			6
2024.07.23	00:21:32.580		0.84242			4
2024.07.23	00:21:33.421		0.84241			4
2024.07.23	00:21:34.671		0.84240			4
2024.07.23	00:21:35.644	0.84166	0.84239			6
2024.07.23	00:21:36.777	0.84168				2
2024.07.23	00:21:38.861	0.84172	0.84241			6
2024.07.23	00:21:40.365		0.84243			4
2024.07.23	00:21:43.288	0.84174	0.84241			6
2024.07.23	00:21:45.646		0.84243			4
2024.07.23	00:21:54.170	0.84175	0.84240			6
2024.07.23	00:21:55.848	0.84176	0.84241			6
2024.07.23	00:21:57.770		0.84242			4
2024.07.23	00:21:58.363		0.84241			4
2024.07.23	00:21:59.195		0.84242			4
2024.07.23	00:22:00.407	0.84175				2
2024.07.23	00:22:02.344		0.84243			4
2024.07.23	00:22:06.728		0.84242			4
2024.07.23	00:22:07.168		0.84243			4
2024.07.23	00:22:12.375		0.84242			4
2024.07.23	00:22:16.990		0.84243			4
2024.07.23	00:22:21.209	0.84176				2
2024.07.23	00:22:21.916		0.84241			4
2024.07.23	00:22:26.268		0.84242			4
2024.07.23	00:22:30.936	0.84177				2
2024.07.23	00:22:32.952	0.84174	0.84235			6
2024.07.23	00:22:34.354		0.84237			4
2024.07.23	00:22:35.023	0.84176	0.84240			6
2024.07.23	00:22:36.208	0.84177				2
2024.07.23	00:22:40.734	0.84176	0.84234			6
2024.07.23	00:22:44.363		0.84232			4
2024.07.23	00:22:51.252	0.84175				2
2024.07.23	00:23:00.880	0.84175				2
2024.07.23	00:23:07.115		0.84231			4
2024.07.23	00:23:23.126		0.84232			4
2024.07.23	00:23:35.595	0.84174				2
2024.07.23	00:23:36.344		0.84233			4
2024.07.23	00:23:39.895	0.84172				2
2024.07.23	00:23:42.432		0.84232			4
2024.07.23	00:23:44.112	0.84173				2
2024.07.23	00:23:51.241		0.84227			4
2024.07.23	00:23:52.028		0.84232			4
2024.07.23	00:24:00.814	0.84173	0.84233			6
2024.07.23	00:24:11.338		0.84234			4
2024.07.23	00:24:11.927	0.84174	0.84233			6
2024.07.23	00:24:16.350		0.84234			4
2024.07.23	00:24:17.557		0.84233			4
2024.07.23	00:24:17.992		0.84234			4
2024.07.23	00:24:20.401		0.84233			4
2024.07.23	00:24:21.927		0.84232			4
2024.07.23	00:24:30.335	0.84175				2
2024.07.23	00:24:30.637		0.84233			4
2024.07.23	00:24:34.350		0.84232			4
2024.07.23	00:24:35.136	0.84174				2
2024.07.23	00:24:36.345	0.84175				2
2024.07.23	00:24:51.274	0.84176				2
2024.07.23	00:24:57.639	0.84175				2
2024.07.23	00:25:00.316	0.84175	0.84234			6
2024.07.23	00:25:00.622		0.84229			4
2024.07.23	00:25:25.769		0.84228			4
2024.07.23	00:25:42.460		0.84229			4
2024.07.23	00:25:44.436	0.84174	0.84230			6
2024.07.23	00:26:00.724	0.84174				2
2024.07.23	00:26:17.586		0.84251			4
2024.07.23	00:26:18.036	0.84176				2
2024.07.23	00:26:19.819	0.84177				2
2024.07.23	00:26:21.120	0.84179				2
2024.07.23	00:26:22.228	0.84180				2
2024.07.23	00:26:28.336	0.84181				2
2024.07.23	00:26:28.838	0.84177				2
2024.07.23	00:26:30.937		0.84250			4
2024.07.23	00:26:32.077		0.84249			4
2024.07.23	00:26:32.437	0.84176	0.84248			6
2024.07.23	00:26:33.778		0.84247			4
2024.07.23	00:26:35.922	0.84177				2
2024.07.23	00:26:36.224	0.84176	0.84246			6
2024.07.23	00:26:38.737		0.84245			4
2024.07.23	00:26:40.412	0.84177				2
2024.07.23	00:26:41.682		0.84244			4
2024.07.23	00:26:44.736	0.84178	0.84243			6
2024.07.23	00:26:48.018		0.84242			4
2024.07.23	00:26:50.737	0.84177	0.84240			6
2024.07.23	00:26:53.100		0.84239			4
2024.07.23	00:26:55.335	0.84175	0.84241			6
2024.07.23	00:26:56.119	0.84176	0.84240			6
2024.07.23	00:26:58.839	0.84177				2
2024.07.23	00:26:59.409	0.84176				2
2024.07.23	00:26:59.722	0.84180	0.84236			6
2024.07.23	00:27:00.024	0.84180				2
2024.07.23	00:27:06.160	0.84181	0.84237			6
2024.07.23	00:27:53.179	0.84180	0.84238			6
2024.07.23	00:27:53.738	0.84182				2
2024.07.23	00:28:00.340	0.84180				2
2024.07.23	00:28:03.250	0.84182				2
2024.07.23	00:28:06.041	0.84183	0.84239			6
2024.07.23	00:29:00.844	0.84183				2
2024.07.23	00:29:10.707		0.84239			4
2024.07.23	00:29:26.446	0.84185	0.84242			6
2024.07.23	00:29:27.038	0.84186	0.84243			6
2024.07.23	00:29:28.496	0.84184	0.84240			6
2024.07.23	00:29:28.839	0.84182	0.84239			6
2024.07.23	00:29:31.242	0.84180	0.84237			6
2024.07.23	00:29:35.133		0.84236			4
2024.07.23	00:29:38.235	0.84175				2
2024.07.23	00:29:38.546	0.84176				2
2024.07.23	00:29:45.209	0.84178	0.84234			6
2024.07.23	00:29:57.784	0.84176	0.84236			6
2024.07.23	00:30:00.309	0.84176				2
2024.07.23	00:30:01.119	0.84180				2
2024.07.23	00:30:02.612		0.84237			4
2024.07.23	00:30:04.171		0.84236			4
2024.07.23	00:30:05.177	0.84181	0.84237			6
2024.07.23	00:30:09.970	0.84179	0.84239			6
2024.07.23	00:30:10.845	0.84180	0.84238			6
2024.07.23	00:30:13.204	0.84179				2
2024.07.23	00:30:14.128	0.84178	0.84239			6
2024.07.23	00:30:15.840	0.84180				2
2024.07.23	00:31:39.355	0.84182	0.84234			6
2024.07.23	00:33:01.068	0.84183	0.84234			6
2024.07.23	00:33:05.732		0.84233			4
2024.07.23	00:33:41.545	0.84182				2
2024.07.23	00:33:58.469		0.84232			4
2024.07.23	00:33:59.182	0.84183	0.84233			6
2024.07.23	00:34:01.152	0.84183				2
2024.07.23	00:34:14.127	0.84182	0.84232			6
2024.07.23	00:34:26.748	0.84181	0.84231			6
2024.07.23	00:34:29.793	0.84183	0.84233			6
2024.07.23	00:34:44.402	0.84182	0.84232			6
2024.07.23	00:34:48.037	0.84181	0.84235			6
2024.07.23	00:34:50.027		0.84233			4
2024.07.23	00:34:53.436	0.84182				2
2024.07.23	00:34:57.513	0.84181	0.84234			6
2024.07.23	00:34:58.941	0.84180				2
2024.07.23	00:34:59.438		0.84235			4
2024.07.23	00:35:00.111	0.84188	0.84246			6
2024.07.23	00:35:00.545	0.84191	0.84244			6
2024.07.23	00:35:00.849	0.84193	0.84242			6
2024.07.23	00:35:02.102		0.84241			4
2024.07.23	00:35:02.428	0.84194	0.84243			6
2024.07.23	00:35:02.739	0.84195				2
2024.07.23	00:35:03.041	0.84196	0.84246			6
2024.07.23	00:35:03.342		0.84245			4
2024.07.23	00:35:04.361		0.84244			4
2024.07.23	00:35:05.755	0.84197	0.84245			6
2024.07.23	00:35:10.890	0.84196	0.84244			6
2024.07.23	00:35:11.503	0.84195	0.84246			6
2024.07.23	00:35:11.808	0.84197	0.84244			6
2024.07.23	00:35:12.127	0.84195	0.84246			6
2024.07.23	00:35:12.442	0.84196	0.84247			6
2024.07.23	00:35:12.761	0.84197	0.84245			6
2024.07.23	00:35:14.351	0.84198	0.84247			6
2024.07.23	00:35:20.308	0.84199	0.84246			6
2024.07.23	00:35:25.265	0.84200				2
2024.07.23	00:35:27.040	0.84199				2
2024.07.23	00:35:27.345	0.84196	0.84245			6
2024.07.23	00:35:27.856	0.84197				2
2024.07.23	00:35:29.530	0.84195	0.84243			6
2024.07.23	00:35:30.039	0.84197	0.84244			6
2024.07.23	00:35:31.549		0.84245			4
2024.07.23	00:35:31.891	0.84196	0.84244			6
2024.07.23	00:35:32.193	0.84195	0.84242			6
2024.07.23	00:35:33.639	0.84197	0.84244			6
2024.07.23	00:35:34.315	0.84198				2
2024.07.23	00:35:34.983	0.84197	0.84243			6
2024.07.23	00:35:35.313	0.84195	0.84241			6
2024.07.23	00:35:35.627	0.84198	0.84243			6
2024.07.23	00:35:35.933	0.84195				2
2024.07.23	00:35:36.242	0.84194				2
2024.07.23	00:35:36.549		0.84246			4
2024.07.23	00:35:36.862		0.84241			4
2024.07.23	00:35:37.164	0.84197	0.84243			6
2024.07.23	00:35:37.476	0.84195	0.84241			6
2024.07.23	00:35:38.098	0.84196	0.84243			6
2024.07.23	00:35:38.408	0.84194	0.84240			6
2024.07.23	00:35:38.779	0.84189	0.84237			6
2024.07.23	00:35:40.295	0.84193	0.84239			6
2024.07.23	00:35:41.162	0.84192	0.84238			6
2024.07.23	00:35:42.168	0.84194	0.84239			6
2024.07.23	00:35:42.481		0.84240			4
2024.07.23	00:35:43.462	0.84195	0.84241			6
2024.07.23	00:35:46.045	0.84193	0.84239			6
2024.07.23	00:35:47.056	0.84195	0.84241			6
2024.07.23	00:35:53.752	0.84194	0.84239			6
2024.07.23	00:35:54.353	0.84193				2
2024.07.23	00:35:55.967		0.84238			4
2024.07.23	00:35:56.370	0.84192				2
2024.07.23	00:35:56.695		0.84237			4
2024.07.23	00:36:00.316	0.84192				2
2024.07.23	00:36:02.991		0.84242			4
2024.07.23	00:36:05.441	0.84193	0.84241			6
2024.07.23	00:36:05.742	0.84191				2
2024.07.23	00:36:06.424	0.84194	0.84238			6
2024.07.23	00:36:10.801	0.84193				2
2024.07.23	00:36:11.521	0.84192	0.84237			6
2024.07.23	00:36:16.069	0.84193				2
2024.07.23	00:36:16.387	0.84192				2
2024.07.23	00:36:19.782	0.84191	0.84236			6
2024.07.23	00:36:25.891	0.84192				2
2024.07.23	00:36:31.913	0.84191				2
2024.07.23	00:36:32.998	0.84192				2
2024.07.23	00:36:40.802		0.84237			4
2024.07.23	00:36:43.966		0.84236			4
2024.07.23	00:36:46.768	0.84191				2
2024.07.23	00:36:47.289	0.84190				2
2024.07.23	00:36:47.735	0.84191				2
2024.07.23	00:37:00.194	0.84191				2
2024.07.23	00:37:01.894	0.84189				2
2024.07.23	00:37:02.349	0.84190				2
2024.07.23	00:37:09.132	0.84191	0.84235			6
2024.07.23	00:37:16.997		0.84236			4
2024.07.23	00:37:18.794	0.84190	0.84235			6
2024.07.23	00:37:23.297	0.84191				2
2024.07.23	00:37:25.982	0.84190	0.84236			6
2024.07.23	00:37:29.437	0.84191	0.84235			6
2024.07.23	00:37:31.283	0.84189	0.84236			6
2024.07.23	00:37:39.362		0.84235			4
2024.07.23	00:37:39.686	0.84188	0.84236			6
2024.07.23	00:37:42.993	0.84189	0.84234			6
2024.07.23	00:37:50.790		0.84235			4
2024.07.23	00:37:58.594	0.84190				2
2024.07.23	00:37:59.836		0.84236			4
2024.07.23	00:38:03.414	0.84190				2
2024.07.23	00:38:03.739		0.84235			4
2024.07.23	00:38:08.436		0.84236			4
2024.07.23	00:38:10.402		0.84235			4
2024.07.23	00:38:22.245	0.84191				2
2024.07.23	00:38:22.582	0.84189	0.84236			6
2024.07.23	00:38:23.495		0.84237			4
2024.07.23	00:38:25.884	0.84190	0.84235			6
2024.07.23	00:38:39.973	0.84191	0.84236			6
2024.07.23	00:38:41.960	0.84189				2
2024.07.23	00:38:47.438	0.84190	0.84235			6
2024.07.23	00:38:53.694	0.84188	0.84236			6
2024.07.23	00:38:54.484	0.84189				2
2024.07.23	00:38:54.784	0.84190				2
2024.07.23	00:39:02.202	0.84190				2
2024.07.23	00:39:07.902	0.84191				2
2024.07.23	00:39:33.505	0.84189				2
2024.07.23	00:39:33.808	0.84191	0.84235			6
2024.07.23	00:39:34.151	0.84190	0.84236			6
2024.07.23	00:39:36.476	0.84188				2
2024.07.23	00:39:43.456	0.84189				2
2024.07.23	00:39:45.093	0.84190				2
2024.07.23	00:39:45.677	0.84188				2
2024.07.23	00:39:49.665	0.84189				2
2024.07.23	00:39:50.135	0.84191				2
2024.07.23	00:39:50.539		0.84237			4
2024.07.23	00:39:51.728	0.84192				2
2024.07.23	00:39:53.692	0.84190				2
2024.07.23	00:39:54.013	0.84191	0.84238			6
2024.07.23	00:39:54.850	0.84190	0.84239			6
2024.07.23	00:39:56.501	0.84191				2
2024.07.23	00:39:59.232	0.84195				2
2024.07.23	00:39:59.549	0.84187	0.84238			6
2024.07.23	00:39:59.890	0.84192				2
2024.07.23	00:40:00.264	0.84192				2
2024.07.23	00:40:02.723		0.84239			4
2024.07.23	00:40:10.848		0.84238			4
2024.07.23	00:40:12.393	0.84195	0.84239			6
2024.07.23	00:40:12.838	0.84191				2
2024.07.23	00:40:14.281	0.84194				2
2024.07.23	00:40:18.293	0.84195				2
2024.07.23	00:40:18.602	0.84194				2
2024.07.23	00:40:25.579	0.84193	0.84240			6
2024.07.23	00:40:25.948	0.84192	0.84239			6
2024.07.23	00:40:26.440	0.84193				2
2024.07.23	00:40:30.636		0.84240			4
2024.07.23	00:40:33.867	0.84195	0.84239			6
2024.07.23	00:40:34.182	0.84193				2
2024.07.23	00:40:36.003	0.84191	0.84238			6
2024.07.23	00:40:37.583	0.84192				2
2024.07.23	00:40:38.411	0.84193				2
2024.07.23	00:40:39.021	0.84191	0.84239			6
2024.07.23	00:40:39.341	0.84193	0.84238			6
2024.07.23	00:40:39.645	0.84194	0.84239			6
2024.07.23	00:40:40.087	0.84195	0.84240			6
2024.07.23	00:40:40.855	0.84194	0.84239			6
2024.07.23	00:40:41.501	0.84192				2
2024.07.23	00:40:41.821		0.84238			4
2024.07.23	00:40:42.123		0.84237			4
2024.07.23	00:40:42.424		0.84238			4
2024.07.23	00:40:42.735	0.84191				2
2024.07.23	00:40:43.042	0.84192				2
2024.07.23	00:40:43.349	0.84191	0.84239			6
2024.07.23	00:40:43.662		0.84238			4
2024.07.23	00:40:43.962	0.84193	0.84239			6
2024.07.23	00:40:44.290		0.84238			4
2024.07.23	00:40:44.594	0.84192				2
2024.07.23	00:40:44.901	0.84193	0.84239			6
2024.07.23	00:40:46.225	0.84192	0.84238			6
2024.07.23	00:40:48.698	0.84191				2
2024.07.23	00:40:50.800	0.84192				2
2024.07.23	00:40:51.406		0.84239			4
2024.07.23	00:40:51.739		0.84238			4
2024.07.23	00:40:53.570	0.84193	0.84239			6
2024.07.23	00:40:54.502	0.84192				2
2024.07.23	00:40:54.822		0.84238			4
2024.07.23	00:40:57.012		0.84239			4
2024.07.23	00:40:57.327		0.84238			4
2024.07.23	00:40:57.945	0.84191	0.84239			6
2024.07.23	00:40:58.801		0.84240			4
2024.07.23	00:40:59.104		0.84239			4
2024.07.23	00:40:59.452	0.84193				2
2024.07.23	00:41:00.590	0.84193				2
2024.07.23	00:41:02.404	0.84195	0.84240			6
2024.07.23	00:41:07.213	0.84194	0.84239			6
2024.07.23	00:41:07.550	0.84192				2
2024.07.23	00:41:07.862	0.84194				2
2024.07.23	00:41:08.182	0.84191				2
2024.07.23	00:41:08.566	0.84195	0.84240			6
2024.07.23	00:41:10.432	0.84193	0.84238			6
2024.07.23	00:41:18.168	0.84191	0.84237			6
2024.07.23	00:41:18.801		0.84236			4
2024.07.23	00:41:19.419	0.84190				2
2024.07.23	00:41:19.722	0.84191	0.84237			6
2024.07.23	00:41:20.343	0.84190	0.84239			6
2024.07.23	00:41:20.669	0.84191	0.84237			6
2024.07.23	00:41:22.265	0.84192	0.84238			6
2024.07.23	00:41:22.581		0.84237			4
2024.07.23	00:41:22.902	0.84191	0.84238			6
2024.07.23	00:41:23.412	0.84189	0.84239			6
2024.07.23	00:41:23.909	0.84188				2
2024.07.23	00:41:24.254	0.84192	0.84240			6
2024.07.23	00:41:24.565		0.84238			4
2024.07.23	00:41:25.524	0.84191	0.84239			6
2024.07.23	00:41:25.831	0.84190	0.84240			6
2024.07.23	00:41:26.883	0.84192	0.84238			6
2024.07.23	00:41:27.821		0.84237			4
2024.07.23	00:41:28.141	0.84191	0.84238			6
2024.07.23	00:41:28.461	0.84192	0.84237			6
2024.07.23	00:41:28.763		0.84238			4
2024.07.23	00:41:29.401	0.84190	0.84240			6
2024.07.23	00:41:29.721	0.84191	0.84238			6
2024.07.23	00:41:30.042		0.84239			4
2024.07.23	00:41:30.362		0.84237			4
2024.07.23	00:41:31.001	0.84192	0.84238			6
2024.07.23	00:41:31.643		0.84237			4
2024.07.23	00:41:35.272	0.84190	0.84239			6
2024.07.23	00:41:35.735	0.84189				2
2024.07.23	00:41:36.083	0.84193	0.84238			6
2024.07.23	00:41:36.389		0.84239			4
2024.07.23	00:41:36.702	0.84192	0.84237			6
2024.07.23	00:41:37.942	0.84193	0.84238			6
2024.07.23	00:41:39.411	0.84190	0.84239			6
2024.07.23	00:41:39.722	0.84192	0.84237			6
2024.07.23	00:41:40.042	0.84191				2
2024.07.23	00:41:40.361	0.84192	0.84238			6
2024.07.23	00:41:40.682		0.84237			4
2024.07.23	00:41:41.043	0.84191	0.84238			6
2024.07.23	00:41:42.496	0.84188	0.84242			6
2024.07.23	00:41:42.824	0.84193	0.84238			6
2024.07.23	00:41:43.761	0.84192	0.84237			6
2024.07.23	00:41:44.074	0.84191				2
2024.07.23	00:41:44.702	0.84192				2
2024.07.23	00:41:45.003		0.84238			4
2024.07.23	00:41:47.202	0.84191				2
2024.07.23	00:41:47.503	0.84192				2
2024.07.23	00:41:48.110	0.84191	0.84239			6
2024.07.23	00:41:48.422	0.84192	0.84238			6
2024.07.23	00:41:49.062	0.84191	0.84239			6
2024.07.23	00:41:49.397	0.84192	0.84238			6
2024.07.23	00:41:50.778	0.84191	0.84239			6
2024.07.23	00:41:51.126	0.84190	0.84241			6
2024.07.23	00:41:51.467	0.84189				2
2024.07.23	00:41:51.782	0.84192	0.84238			6
2024.07.23	00:41:54.619	0.84191	0.84239			6
2024.07.23	00:41:54.935	0.84192				2
2024.07.23	00:41:57.264		0.84240			4
2024.07.23	00:41:57.592		0.84239			4
2024.07.23	00:41:57.905	0.84191	0.84238			6
2024.07.23	00:41:58.246	0.84189	0.84240			6
2024.07.23	00:41:59.179	0.84191				2
2024.07.23	00:41:59.482	0.84192	0.84238			6
2024.07.23	00:42:00.122	0.84192				2
2024.07.23	00:42:00.758		0.84239			4
2024.07.23	00:42:01.982		0.84238			4
2024.07.23	00:42:02.321		0.84243			4
2024.07.23	00:42:02.641		0.84239			4
2024.07.23	00:42:02.962	0.84195	0.84241			6
2024.07.23	00:42:03.287		0.84242			4
2024.07.23	00:42:05.108	0.84193	0.84240			6
2024.07.23	00:42:05.722		0.84239			4
2024.07.23	00:42:06.040	0.84191	0.84241			6
2024.07.23	00:42:07.274		0.84239			4
2024.07.23	00:42:07.584	0.84190	0.84243			6
2024.07.23	00:42:07.892	0.84193	0.84239			6
2024.07.23	00:42:08.517	0.84192	0.84240			6
2024.07.23	00:42:08.824	0.84193	0.84239			6
2024.07.23	00:42:10.221		0.84240			4
2024.07.23	00:42:10.674		0.84241			4
2024.07.23	00:42:10.981		0.84239			4
2024.07.23	00:42:13.357	0.84192	0.84238			6
2024.07.23	00:42:13.665	0.84191	0.84241			6
2024.07.23	00:42:15.688	0.84190	0.84242			6
2024.07.23	00:42:24.880		0.84238			4
2024.07.23	00:42:25.180	0.84187	0.84242			6
2024.07.23	00:42:25.484	0.84195	0.84241			6
2024.07.23	00:42:25.788	0.84189				2
2024.07.23	00:42:26.101	0.84190	0.84238			6
2024.07.23	00:42:26.422		0.84241			4
2024.07.23	00:42:26.723	0.84192	0.84238			6
2024.07.23	00:42:27.034	0.84189	0.84240			6
2024.07.23	00:42:27.384	0.84191				2
2024.07.23	00:42:27.731	0.84190	0.84242			6
2024.07.23	00:42:28.042	0.84197	0.84244			6
2024.07.23	00:42:28.355	0.84192	0.84238			6
2024.07.23	00:42:28.662		0.84240			4
2024.07.23	00:42:28.992	0.84191	0.84242			6
2024.07.23	00:42:29.341	0.84193	0.84238			6
2024.07.23	00:42:29.662		0.84239			4
2024.07.23	00:42:29.969	0.84192	0.84238			6
2024.07.23	00:42:30.281	0.84193	0.84239			6
2024.07.23	00:42:30.600	0.84192	0.84238			6
2024.07.23	00:42:30.901		0.84239			4
2024.07.23	00:42:31.521	0.84193				2
2024.07.23	00:42:31.825	0.84190	0.84241			6
2024.07.23	00:42:32.144	0.84191	0.84240			6
2024.07.23	00:42:32.493	0.84190	0.84242			6
2024.07.23	00:42:34.025	0.84192	0.84241			6
2024.07.23	00:42:34.537	0.84193	0.84240			6
2024.07.23	00:42:35.260	0.84194	0.84241			6
2024.07.23	00:42:36.983		0.84240			4
2024.07.23	00:42:37.909	0.84195	0.84241			6
2024.07.23	00:42:38.220	0.84194	0.84240			6
2024.07.23	00:42:38.819	0.84196	0.84241			6
2024.07.23	00:42:39.642	0.84195				2
2024.07.23	00:42:40.010	0.84196				2
2024.07.23	00:42:42.169	0.84195				2
2024.07.23	00:42:48.139	0.84196				2
2024.07.23	00:42:49.180		0.84242			4
2024.07.23	00:42:50.546	0.84191	0.84240			6
2024.07.23	00:42:50.864	0.84194	0.84239			6
2024.07.23	00:42:51.166	0.84193				2
2024.07.23	00:42:51.802	0.84190	0.84244			6
2024.07.23	00:42:52.121	0.84192	0.84243			6
2024.07.23	00:42:52.442	0.84195	0.84240			6
2024.07.23	00:42:52.745	0.84192	0.84243			6
2024.07.23	00:42:53.062	0.84191	0.84244			6
2024.07.23	00:42:53.372	0.84194	0.84240			6
2024.07.23	00:42:53.681	0.84188	0.84246			6
2024.07.23	00:42:54.008	0.84191	0.84247			6
2024.07.23	00:42:54.332	0.84192	0.84239			6
2024.07.23	00:42:54.635	0.84194	0.84240			6
2024.07.23	00:42:54.980	0.84192	0.84242			6
2024.07.23	00:42:55.599	0.84195	0.84240			6
2024.07.23	00:42:59.410	0.84194	0.84239			6
2024.07.23	00:43:00.326	0.84195	0.84240			6
2024.07.23	00:43:01.657	0.84194				2
2024.07.23	00:43:01.973		0.84239			4
2024.07.23	00:43:09.870	0.84193	0.84238			6
2024.07.23	00:43:17.370	0.84194	0.84239			6
2024.07.23	00:43:40.152	0.84195				2
2024.07.23	00:43:40.498	0.84196	0.84240			6
2024.07.23	00:43:40.839	0.84194	0.84239			6
2024.07.23	00:43:41.637		0.84238			4
2024.07.23	00:43:42.246	0.84192	0.84237			6
2024.07.23	00:43:42.567	0.84191	0.84238			6
2024.07.23	00:43:42.908	0.84194				2
2024.07.23	00:43:49.169	0.84193	0.84239			6
2024.07.23	00:43:49.936		0.84238			4
2024.07.23	00:43:50.242		0.84239			4
2024.07.23	00:43:50.546	0.84194	0.84238			6
2024.07.23	00:43:51.161	0.84193	0.84239			6
2024.07.23	00:43:51.587	0.84192	0.84237			6
2024.07.23	00:43:53.146	0.84193	0.84238			6
2024.07.23	00:43:59.201		0.84239			4
2024.07.23	00:43:59.737	0.84194				2
2024.07.23	00:44:01.743	0.84194	0.84238			6
2024.07.23	00:44:02.051	0.84193				2
2024.07.23	00:44:03.250	0.84192				2
2024.07.23	00:44:03.565	0.84194				2
2024.07.23	00:44:04.966	0.84195	0.84239			6
2024.07.23	00:44:05.268	0.84194				2
2024.07.23	00:44:06.253		0.84240			4
2024.07.23	00:44:08.739	0.84195	0.84239			6
2024.07.23	00:44:09.921		0.84240			4
2024.07.23	00:44:11.941	0.84196				2
2024.07.23	00:44:13.917	0.84195	0.84239			6
2024.07.23	00:44:17.736	0.84196	0.84240			6
2024.07.23	00:44:19.791	0.84195	0.84239			6
2024.07.23	00:44:20.106	0.84194	0.84238			6
2024.07.23	00:44:30.112		0.84241			4
2024.07.23	00:44:30.425	0.84190	0.84240			6
2024.07.23	00:44:30.730	0.84193	0.84239			6
2024.07.23	00:44:31.044	0.84194				2
2024.07.23	00:44:33.185	0.84192	0.84241			6
2024.07.23	00:44:33.639	0.84194				2
2024.07.23	00:44:36.981	0.84195	0.84239			6
2024.07.23	00:44:37.300	0.84196	0.84240			6
2024.07.23	00:44:39.254	0.84197	0.84241			6
2024.07.23	00:44:40.240		0.84240			4
2024.07.23	00:44:41.255	0.84196	0.84239			6
2024.07.23	00:44:41.561		0.84240			4
2024.07.23	00:44:41.920	0.84194	0.84238			6
2024.07.23	00:44:46.588	0.84195	0.84239			6
2024.07.23	00:44:50.428	0.84197	0.84241			6
2024.07.23	00:44:51.462	0.84196	0.84240			6
2024.07.23	00:44:51.794	0.84195	0.84238			6
2024.07.23	00:44:52.149	0.84196	0.84240			6
2024.07.23	00:44:52.466	0.84195	0.84239			6
2024.07.23	00:44:52.780	0.84196	0.84240			6
2024.07.23	00:44:55.435	0.84186	0.84269			6
2024.07.23	00:44:55.741	0.84182				2
2024.07.23	00:44:56.062	0.84189				2
2024.07.23	00:44:56.371	0.84195	0.84265			6
2024.07.23	00:44:56.809	0.84196				2
2024.07.23	00:44:57.121	0.84194	0.84266			6
2024.07.23	00:44:57.522	0.84195				2
2024.07.23	00:44:58.301	0.84196	0.84263			6
2024.07.23	00:44:58.648	0.84201	0.84256			6
2024.07.23	00:44:58.962	0.84200	0.84257			6
2024.07.23	00:44:59.339	0.84199	0.84249			6
2024.07.23	00:44:59.736		0.84256			4
2024.07.23	00:45:00.164	0.84200				2
2024.07.23	00:45:00.533	0.84201	0.84254			6
2024.07.23	00:45:00.863	0.84199	0.84248			6
2024.07.23	00:45:01.231	0.84196	0.84245			6
2024.07.23	00:45:01.608	0.84193	0.84244			6
2024.07.23	00:45:01.908	0.84192	0.84246			6
2024.07.23	00:45:02.265	0.84195	0.84247			6
2024.07.23	00:45:02.665	0.84198	0.84252			6
2024.07.23	00:45:03.771		0.84251			4
2024.07.23	00:45:04.232	0.84193	0.84243			6
2024.07.23	00:45:06.233	0.84208	0.84236			6
2024.07.23	00:45:06.530	0.84207	0.84237			6
2024.07.23	00:45:06.935		0.84235			4
2024.07.23	00:45:07.796		0.84233			4
2024.07.23	00:45:08.107	0.84208	0.84234			6
2024.07.23	00:45:08.464	0.84207	0.84236			6
2024.07.23	00:45:08.799	0.84206	0.84237			6
2024.07.23	00:45:09.720	0.84207	0.84236			6
2024.07.23	00:45:10.426	0.84206				2
2024.07.23	00:45:10.730		0.84237			4
2024.07.23	00:45:11.180		0.84238			4
2024.07.23	00:45:14.301	0.84204	0.84242			6
2024.07.23	00:45:14.602		0.84243			4
2024.07.23	00:45:14.951		0.84242			4
2024.07.23	00:45:16.753	0.84203				2
2024.07.23	00:45:17.565	0.84204	0.84241			6
2024.07.23	00:45:21.067	0.84205	0.84236			6
2024.07.23	00:45:21.890		0.84235			4
2024.07.23	00:45:22.659	0.84208	0.84246			6
2024.07.23	00:45:22.968	0.84206	0.84247			6
2024.07.23	00:45:23.281	0.84209	0.84245			6
2024.07.23	00:45:23.585	0.84207	0.84237			6
2024.07.23	00:45:23.941	0.84208	0.84241			6
2024.07.23	00:45:24.562	0.84210	0.84239			6
2024.07.23	00:45:25.181		0.84243			4
2024.07.23	00:45:25.486	0.84212	0.84238			6
2024.07.23	00:45:25.821		0.84236			4
2024.07.23	00:45:26.609	0.84211				2
2024.07.23	00:45:27.086	0.84210	0.84237			6
2024.07.23	00:45:29.137	0.84209	0.84233			6
2024.07.23	00:45:29.443		0.84235			4
2024.07.23	00:45:29.838		0.84234			4
2024.07.23	00:45:31.249	0.84208	0.84233			6
2024.07.23	00:45:32.710	0.84209	0.84235			6
2024.07.23	00:45:33.436		0.84234			4
2024.07.23	00:45:33.828	0.84208	0.84235			6
2024.07.23	00:45:35.571	0.84209	0.84234			6
2024.07.23	00:45:36.051		0.84237			4
2024.07.23	00:45:36.760	0.84210	0.84235			6
2024.07.23	00:45:37.212		0.84238			4
2024.07.23	00:45:37.835	0.84209	0.84239			6
2024.07.23	00:45:38.606	0.84210				2
2024.07.23	00:45:38.922	0.84213	0.84240			6
2024.07.23	00:45:39.902		0.84244			4
2024.07.23	00:45:40.208		0.84246			4
2024.07.23	00:45:40.523		0.84239			4
2024.07.23	00:45:40.826		0.84245			4
2024.07.23	00:45:41.138	0.84212	0.84235			6
2024.07.23	00:45:41.451		0.84240			4
2024.07.23	00:45:41.766	0.84214	0.84244			6
2024.07.23	00:45:42.086	0.84213	0.84240			6
2024.07.23	00:45:42.389	0.84214	0.84248			6
2024.07.23	00:45:42.702	0.84215				2
2024.07.23	00:45:43.005		0.84247			4
2024.07.23	00:45:43.338		0.84242			4
2024.07.23	00:45:43.643		0.84245			4
2024.07.23	00:45:44.696	0.84214	0.84241			6
2024.07.23	00:45:45.002		0.84239			4
2024.07.23	00:45:46.347		0.84244			4
2024.07.23	00:45:46.662		0.84240			4
2024.07.23	00:45:47.882	0.84213				2
2024.07.23	00:45:48.187	0.84214	0.84239			6
2024.07.23	00:45:48.999	0.84213	0.84241			6
2024.07.23	00:45:49.302		0.84243			4
2024.07.23	00:45:49.620		0.84244			4
2024.07.23	00:45:50.135		0.84242			4
2024.07.23	00:45:51.664	0.84211	0.84244			6
2024.07.23	00:45:52.577	0.84212	0.84245			6
2024.07.23	00:45:52.882	0.84213	0.84242			6
2024.07.23	00:45:53.189		0.84243			4
2024.07.23	00:45:53.539		0.84239			4
2024.07.23	00:45:53.841	0.84214	0.84242			6
2024.07.23	00:45:54.151	0.84213	0.84244			6
2024.07.23	00:45:54.636	0.84214	0.84243			6
2024.07.23	00:45:54.941	0.84212	0.84245			6
2024.07.23	00:45:55.261	0.84213	0.84243			6
2024.07.23	00:45:55.562	0.84212	0.84238			6
2024.07.23	00:45:55.884	0.84214	0.84239			6
2024.07.23	00:45:56.198	0.84213	0.84243			6
2024.07.23	00:45:56.507	0.84214	0.84240			6
2024.07.23	00:45:57.446	0.84215	0.84239			6
2024.07.23	00:45:57.783	0.84214	0.84240			6
2024.07.23	00:45:58.141	0.84213				2
2024.07.23	00:45:58.442	0.84212	0.84241			6
2024.07.23	00:45:59.072	0.84213	0.84240			6
2024.07.23	00:46:00.443	0.84213				2
2024.07.23	00:46:00.789	0.84212	0.84242			6
2024.07.23	00:46:01.140	0.84213	0.84240			6
2024.07.23	00:46:01.441	0.84212	0.84241			6
2024.07.23	00:46:01.742	0.84214	0.84240			6
2024.07.23	00:46:02.063	0.84213	0.84241			6
2024.07.23	00:46:02.363	0.84215	0.84238			6
2024.07.23	00:46:02.665	0.84213	0.84239			6
2024.07.23	00:46:02.972	0.84214	0.84240			6
2024.07.23	00:46:08.426		0.84241			4
2024.07.23	00:46:08.778	0.84215	0.84237			6
2024.07.23	00:46:09.083	0.84212	0.84240			6
2024.07.23	00:46:09.392	0.84213	0.84239			6
2024.07.23	00:46:09.702	0.84214	0.84238			6
2024.07.23	00:46:11.176	0.84215	0.84243			6
2024.07.23	00:46:11.482	0.84214				2
2024.07.23	00:46:11.784	0.84217	0.84241			6
2024.07.23	00:46:12.104	0.84216	0.84242			6
2024.07.23	00:46:12.431		0.84241			4
2024.07.23	00:46:12.747		0.84240			4
2024.07.23	00:46:13.070	0.84215	0.84241			6
2024.07.23	00:46:13.373	0.84214	0.84242			6
2024.07.23	00:46:13.681	0.84216	0.84240			6
2024.07.23	00:46:13.989	0.84215	0.84241			6
2024.07.23	00:46:14.334	0.84216	0.84239			6
2024.07.23	00:46:15.232	0.84214	0.84244			6
2024.07.23	00:46:15.542	0.84216	0.84240			6
2024.07.23	00:46:15.847	0.84214	0.84242			6
2024.07.23	00:46:16.163		0.84240			4
2024.07.23	00:46:16.489	0.84215	0.84237			6
2024.07.23	00:46:17.785	0.84213	0.84240			6
2024.07.23	00:46:18.103	0.84214	0.84236			6
2024.07.23	00:46:18.421		0.84238			4
2024.07.23	00:46:18.723	0.84213	0.84235			6
2024.07.23	00:46:19.037	0.84211	0.84233			6
2024.07.23	00:46:19.681	0.84212	0.84235			6
2024.07.23	00:46:20.001	0.84210	0.84232			6
2024.07.23	00:46:20.322	0.84211	0.84233			6
2024.07.23	00:46:20.961	0.84213	0.84235			6
2024.07.23	00:46:21.266	0.84211	0.84236			6
2024.07.23	00:46:21.759	0.84210	0.84232			6
2024.07.23	00:46:22.062	0.84207	0.84229			6
2024.07.23	00:46:22.370	0.84208	0.84237			6
2024.07.23	00:46:22.701	0.84210	0.84233			6
2024.07.23	00:46:23.302	0.84209	0.84234			6
2024.07.23	00:46:23.622		0.84233			4
2024.07.23	00:46:23.925	0.84210				2
2024.07.23	00:46:24.286		0.84232			4
2024.07.23	00:46:24.968	0.84209	0.84233			6
2024.07.23	00:46:25.921	0.84208	0.84230			6
2024.07.23	00:46:26.243	0.84210	0.84233			6
2024.07.23	00:46:26.863	0.84209				2
2024.07.23	00:46:27.506	0.84208	0.84230			6
2024.07.23	00:46:27.830	0.84209				2
2024.07.23	00:46:28.168	0.84208				2
2024.07.23	00:46:30.157		0.84231			4
2024.07.23	00:46:31.318		0.84232			4
2024.07.23	00:46:31.724		0.84231			4
2024.07.23	00:46:32.042		0.84229			4
2024.07.23	00:46:32.361	0.84210	0.84231			6
2024.07.23	00:46:32.671	0.84208	0.84229			6
2024.07.23	00:46:33.790	0.84209	0.84230			6
2024.07.23	00:46:37.348	0.84204	0.84229			6
2024.07.23	00:46:37.661	0.84201	0.84228			6
2024.07.23	00:46:38.011	0.84205	0.84229			6
2024.07.23	00:46:38.323		0.84228			4
2024.07.23	00:46:38.637	0.84206				2
2024.07.23	00:46:40.560	0.84202				2
2024.07.23	00:46:40.984	0.84203				2
2024.07.23	00:46:42.743	0.84205	0.84226			6
2024.07.23	00:46:45.230	0.84207	0.84227			6
2024.07.23	00:46:46.746	0.84209	0.84229			6
2024.07.23	00:46:47.285	0.84210	0.84230			6
2024.07.23	00:46:50.029	0.84207	0.84228			6
2024.07.23	00:46:52.693		0.84227			4
2024.07.23	00:46:53.024	0.84204	0.84225			6
2024.07.23	00:46:55.867		0.84224			4
2024.07.23	00:46:56.803	0.84205	0.84226			6
2024.07.23	00:46:58.096	0.84204	0.84225			6
2024.07.23	00:46:58.558	0.84205				2
2024.07.23	00:46:59.228	0.84204				2
2024.07.23	00:46:59.926	0.84203				2
2024.07.23	00:47:00.336	0.84210	0.84230			6
2024.07.23	00:47:01.033	0.84208	0.84228			6
2024.07.23	00:47:01.455	0.84212	0.84232			6
2024.07.23	00:47:02.007	0.84213				2
2024.07.23	00:47:02.334	0.84214	0.84233			6
2024.07.23	00:47:02.651	0.84208	0.84228			6
2024.07.23	00:47:02.962	0.84209	0.84230			6
2024.07.23	00:47:03.391	0.84210				2
2024.07.23	00:47:03.921	0.84209	0.84229			6
2024.07.23	00:47:06.661	0.84215	0.84244			6
2024.07.23	00:47:06.990	0.84216	0.84242			6
2024.07.23	00:47:07.490	0.84215	0.84244			6
2024.07.23	00:47:08.126		0.84241			4
2024.07.23	00:47:08.448	0.84216	0.84240			6
2024.07.23	00:47:09.514		0.84241			4
2024.07.23	00:47:09.967		0.84240			4
2024.07.23	00:47:12.947	0.84217				2
2024.07.23	00:47:14.114		0.84245			4
2024.07.23	00:47:15.960	0.84216	0.84246			6
2024.07.23	00:47:16.278		0.84247			4
2024.07.23	00:47:16.604	0.84218	0.84245			6
2024.07.23	00:47:16.905	0.84217	0.84246			6
2024.07.23	00:47:18.565	0.84218	0.84245			6
2024.07.23	00:47:18.978	0.84217	0.84246			6
2024.07.23	00:47:23.736	0.84216	0.84244			6
2024.07.23	00:47:24.623		0.84247			4
2024.07.23	00:47:24.922	0.84215	0.84245			6
2024.07.23	00:47:26.323		0.84247			4
2024.07.23	00:47:27.613	0.84214	0.84248			6
2024.07.23	00:47:27.949	0.84215	0.84247			6
2024.07.23	00:47:32.782	0.84216	0.84246			6
2024.07.23	00:47:33.568	0.84215				2
2024.07.23	00:47:34.658	0.84216	0.84245			6
2024.07.23	00:47:34.964		0.84246			4
2024.07.23	00:47:35.290		0.84247			4
2024.07.23	00:47:35.601	0.84217	0.84246			6
2024.07.23	00:47:37.607	0.84216				2
2024.07.23	00:47:37.924		0.84245			4
2024.07.23	00:47:38.226		0.84246			4
2024.07.23	00:47:40.641		0.84245			4
2024.07.23	00:47:40.943	0.84217	0.84246			6
2024.07.23	00:47:41.270	0.84218	0.84245			6
2024.07.23	00:47:41.652	0.84217				2
2024.07.23	00:47:43.351	0.84216	0.84246			6
2024.07.23	00:47:43.718	0.84215	0.84247			6
2024.07.23	00:47:44.254		0.84248			4
2024.07.23	00:47:44.930	0.84214	0.84249			6
2024.07.23	00:47:47.797	0.84213	0.84250			6
2024.07.23	00:47:48.102	0.84214	0.84248			6
2024.07.23	00:47:51.741	0.84215				2
2024.07.23	00:47:54.233	0.84216	0.84247			6
2024.07.23	00:48:00.366	0.84216				2
2024.07.23	00:48:04.096		0.84248			4
2024.07.23	00:48:14.163		0.84247			4
2024.07.23	00:48:25.838	0.84217	0.84246			6
2024.07.23	00:48:30.618		0.84247			4
2024.07.23	00:48:30.922	0.84216				2
2024.07.23	00:48:31.307	0.84215	0.84248			6
2024.07.23	00:48:32.133	0.84216				2
2024.07.23	00:48:34.206		0.84249			4
2024.07.23	00:48:43.741	0.84215	0.84250			6
2024.07.23	00:48:44.042		0.84248			4
2024.07.23	00:48:44.435		0.84249			4
2024.07.23	00:48:45.272		0.84248			4
2024.07.23	00:48:46.396		0.84249			4
2024.07.23	00:48:49.346		0.84248			4
2024.07.23	00:48:49.856	0.84216	0.84252			6
2024.07.23	00:48:52.207	0.84214	0.84251			6
2024.07.23	00:48:52.534	0.84215	0.84250			6
2024.07.23	00:48:52.866		0.84248			4
2024.07.23	00:48:53.267		0.84249			4
2024.07.23	00:48:54.420	0.84214	0.84250			6
2024.07.23	00:49:00.625	0.84214				2
2024.07.23	00:49:01.498		0.84248			4
2024.07.23	00:49:12.186	0.84213				2
2024.07.23	00:49:12.696		0.84247			4
2024.07.23	00:49:13.326	0.84212				2
2024.07.23	00:49:16.694		0.84248			4
2024.07.23	00:49:17.471	0.84213	0.84241			6
2024.07.23	00:49:17.782	0.84212	0.84242			6
2024.07.23	00:49:19.217		0.84241			4
2024.07.23	00:49:20.397	0.84211	0.84242			6
2024.07.23	00:49:35.622	0.84212				2
2024.07.23	00:49:36.644	0.84211				2
2024.07.23	00:49:40.751		0.84241			4
2024.07.23	00:49:44.145	0.84208	0.84235			6
2024.07.23	00:49:44.559		0.84236			4
2024.07.23	00:49:44.894		0.84235			4
2024.07.23	00:49:45.277		0.84236			4
2024.07.23	00:49:45.691	0.84207	0.84237			6
2024.07.23	00:49:48.174	0.84208	0.84234			6
2024.07.23	00:49:48.696		0.84238			4
2024.07.23	00:49:49.003		0.84237			4
2024.07.23	00:49:49.334	0.84209				2
2024.07.23	00:49:50.780	0.84208	0.84238			6
2024.07.23	00:49:54.361	0.84207	0.84235			6
2024.07.23	00:49:55.816		0.84238			4
2024.07.23	00:49:58.178	0.84204	0.84236			6
2024.07.23	00:49:58.482		0.84235			4
2024.07.23	00:49:58.797	0.84205	0.84233			6
2024.07.23	00:50:00.373	0.84206	0.84237			6
2024.07.23	00:50:10.837	0.84207				2
2024.07.23	00:50:12.091		0.84234			4
2024.07.23	00:50:39.333		0.84235			4
2024.07.23	00:50:40.721		0.84234			4
2024.07.23	00:50:41.023	0.84206	0.84235			6
2024.07.23	00:50:42.107	0.84205	0.84236			6
2024.07.23	00:50:47.107	0.84206	0.84235			6
2024.07.23	00:50:53.626	0.84202	0.84231			6
2024.07.23	00:50:53.943		0.84232			4
2024.07.23	00:50:54.257	0.84203	0.84231			6
2024.07.23	00:50:54.862	0.84202	0.84232			6
2024.07.23	00:50:55.194	0.84203	0.84231			6
2024.07.23	00:50:55.502	0.84204	0.84230			6
2024.07.23	00:50:55.814	0.84203	0.84231			6
2024.07.23	00:50:57.615	0.84204	0.84230			6
2024.07.23	00:50:57.921		0.84231			4
2024.07.23	00:50:58.232	0.84203				2
2024.07.23	00:50:58.542	0.84205	0.84229			6
2024.07.23	00:50:58.863		0.84230			4
2024.07.23	00:51:00.891	0.84205				2
2024.07.23	00:51:03.826	0.84204				2
2024.07.23	00:51:07.307	0.84199	0.84225			6
2024.07.23	00:51:08.136		0.84224			4
2024.07.23	00:51:09.349	0.84198	0.84225			6
2024.07.23	00:51:12.835	0.84199	0.84224			6
2024.07.23	00:51:19.496	0.84204	0.84231			6
2024.07.23	00:51:20.034	0.84205	0.84230			6
2024.07.23	00:51:22.414		0.84231			4
2024.07.23	00:51:26.440	0.84201	0.84224			6
2024.07.23	00:51:26.764	0.84200	0.84223			6
2024.07.23	00:51:27.078	0.84199	0.84224			6
2024.07.23	00:51:27.398	0.84200				2
2024.07.23	00:51:29.049	0.84201	0.84223			6
2024.07.23	00:51:31.817	0.84199	0.84224			6
2024.07.23	00:51:32.327	0.84200				2
2024.07.23	00:51:36.395		0.84223			4
2024.07.23	00:51:53.724	0.84199	0.84221			6
2024.07.23	00:51:56.427	0.84198				2
2024.07.23	00:51:58.076	0.84199	0.84222			6
2024.07.23	00:52:00.461	0.84199				2
2024.07.23	00:52:04.358	0.84206	0.84244			6
2024.07.23	00:52:04.664	0.84209	0.84241			6
2024.07.23	00:52:05.811	0.84210				2
2024.07.23	00:52:06.138	0.84212	0.84245			6
2024.07.23	00:52:06.440	0.84213	0.84244			6
2024.07.23	00:52:06.744		0.84243			4
2024.07.23	00:52:07.894		0.84244			4
2024.07.23	00:52:09.265		0.84243			4
2024.07.23	00:52:11.218	0.84214				2
2024.07.23	00:52:14.422		0.84238			4
2024.07.23	00:52:14.724	0.84213	0.84239			6
2024.07.23	00:52:15.659	0.84214	0.84238			6
2024.07.23	00:52:15.997	0.84213				2
2024.07.23	00:52:16.301	0.84214	0.84239			6
2024.07.23	00:52:26.056	0.84215	0.84235			6
2024.07.23	00:52:26.406	0.84214	0.84238			6
2024.07.23	00:52:28.815	0.84215	0.84236			6
2024.07.23	00:52:29.121		0.84237			4
2024.07.23	00:52:33.101	0.84212	0.84234			6
2024.07.23	00:52:33.637	0.84211	0.84232			6
2024.07.23	00:52:34.136	0.84210	0.84233			6
2024.07.23	00:52:34.472		0.84232			4
2024.07.23	00:52:37.346		0.84228			4
2024.07.23	00:52:37.661	0.84209				2
2024.07.23	00:52:37.979	0.84207				2
2024.07.23	00:52:39.216	0.84206	0.84227			6
2024.07.23	00:52:39.635		0.84230			4
2024.07.23	00:52:40.509		0.84227			4
2024.07.23	00:52:40.822		0.84228			4
2024.07.23	00:52:41.124	0.84207	0.84229			6
2024.07.23	00:52:41.441	0.84206	0.84227			6
2024.07.23	00:52:43.174		0.84228			4
2024.07.23	00:52:43.484		0.84229			4
2024.07.23	00:52:44.379		0.84227			4
2024.07.23	00:52:44.892	0.84205				2
2024.07.23	00:52:50.020	0.84204	0.84234			6
2024.07.23	00:52:50.322	0.84205				2
2024.07.23	00:52:50.625	0.84203	0.84227			6
2024.07.23	00:52:54.393	0.84202				2
2024.07.23	00:52:57.485	0.84206	0.84230			6
2024.07.23	00:52:57.813	0.84205				2
2024.07.23	00:53:00.400	0.84205				2
2024.07.23	00:53:02.091	0.84204	0.84225			6
2024.07.23	00:53:02.409		0.84223			4
2024.07.23	00:53:14.861	0.84202	0.84225			6
2024.07.23	00:53:15.399	0.84203				2
2024.07.23	00:53:19.209	0.84202	0.84226			6
2024.07.23	00:53:22.527	0.84199	0.84225			6
2024.07.23	00:53:23.773	0.84197	0.84226			6
2024.07.23	00:53:24.081	0.84198	0.84225			6
2024.07.23	00:53:27.892	0.84197	0.84227			6
2024.07.23	00:53:28.217		0.84225			4
2024.07.23	00:53:30.175		0.84226			4
2024.07.23	00:53:33.951	0.84196	0.84225			6
2024.07.23	00:53:34.535	0.84195	0.84224			6
2024.07.23	00:53:40.399		0.84225			4
2024.07.23	00:53:50.066	0.84194				2
2024.07.23	00:53:50.567		0.84224			4
2024.07.23	00:53:55.452	0.84193	0.84225			6
2024.07.23	00:53:59.294	0.84194				2
2024.07.23	00:53:59.620		0.84223			4
2024.07.23	00:54:00.095	0.84194				2
2024.07.23	00:54:00.769		0.84220			4
2024.07.23	00:54:01.081	0.84195	0.84222			6
2024.07.23	00:54:01.536		0.84223			4
2024.07.23	00:54:02.081	0.84194	0.84222			6
2024.07.23	00:54:06.391	0.84196	0.84224			6
2024.07.23	00:54:10.849	0.84195	0.84226			6
2024.07.23	00:54:15.473		0.84225			4
2024.07.23	00:54:18.936	0.84194	0.84226			6
2024.07.23	00:54:21.159	0.84192	0.84224			6
2024.07.23	00:54:31.185	0.84193	0.84223			6
2024.07.23	00:54:33.440	0.84192	0.84224			6
2024.07.23	00:54:37.228		0.84225			4
2024.07.23	00:54:48.516	0.84194	0.84227			6
2024.07.23	00:54:51.572		0.84226			4
2024.07.23	00:54:53.501	0.84195	0.84227			6
2024.07.23	00:54:55.696	0.84199	0.84240			6
2024.07.23	00:54:56.001	0.84202	0.84237			6
2024.07.23	00:54:56.302	0.84200	0.84239			6
2024.07.23	00:54:57.020	0.84203	0.84236			6
2024.07.23	00:54:57.322	0.84200	0.84239			6
2024.07.23	00:54:57.942	0.84201	0.84232			6
2024.07.23	00:54:58.288	0.84203	0.84231			6
2024.07.23	00:55:00.180	0.84203				2
2024.07.23	00:55:01.428	0.84201	0.84229			6
2024.07.23	00:55:01.815	0.84202	0.84228			6
2024.07.23	00:55:02.122	0.84201	0.84232			6
2024.07.23	00:55:02.423	0.84202	0.84230			6
2024.07.23	00:55:08.427	0.84201				2
2024.07.23	00:55:12.000	0.84203				2
2024.07.23	00:55:12.358	0.84204	0.84233			6
2024.07.23	00:55:13.087	0.84205	0.84234			6
2024.07.23	00:55:13.401	0.84204	0.84230			6
2024.07.23	00:55:13.703	0.84205	0.84229			6
2024.07.23	00:55:14.017		0.84230			4
2024.07.23	00:55:14.736		0.84234			4
2024.07.23	00:55:15.128		0.84235			4
2024.07.23	00:55:15.464		0.84236			4
2024.07.23	00:55:18.001		0.84232			4
2024.07.23	00:55:22.210	0.84207				2
2024.07.23	00:55:22.535		0.84234			4
2024.07.23	00:55:27.950	0.84206	0.84236			6
2024.07.23	00:55:28.536	0.84205	0.84234			6
2024.07.23	00:55:30.173	0.84206				2
2024.07.23	00:55:30.478		0.84232			4
2024.07.23	00:55:30.936		0.84236			4
2024.07.23	00:55:31.536		0.84234			4
2024.07.23	00:55:32.365		0.84230			4
2024.07.23	00:55:32.834	0.84207	0.84232			6
2024.07.23	00:55:33.191		0.84233			4
2024.07.23	00:55:34.620		0.84230			4
2024.07.23	00:55:40.890	0.84206	0.84232			6
2024.07.23	00:55:42.636		0.84230			4
2024.07.23	00:55:47.773		0.84231			4
2024.07.23	00:55:50.974	0.84205	0.84229			6
2024.07.23	00:55:52.843	0.84204	0.84231			6
2024.07.23	00:55:53.374		0.84233			4
2024.07.23	00:55:53.961		0.84231			4
2024.07.23	00:56:00.240	0.84205	0.84229			6
2024.07.23	00:56:02.472	0.84204	0.84230			6
2024.07.23	00:56:03.034	0.84205				2
2024.07.23	00:56:06.118	0.84206	0.84231			6
2024.07.23	00:56:13.554	0.84207	0.84232			6
2024.07.23	00:56:15.255	0.84206	0.84233			6
2024.07.23	00:56:15.936		0.84231			4
2024.07.23	00:56:23.437		0.84229			4
2024.07.23	00:56:23.835	0.84208	0.84232			6
2024.07.23	00:56:24.888		0.84235			4
2024.07.23	00:56:25.195		0.84232			4
2024.07.23	00:56:32.751	0.84209	0.84231			6
2024.07.23	00:56:33.652	0.84210	0.84233			6
2024.07.23	00:56:35.426	0.84208	0.84232			6
2024.07.23	00:56:36.088		0.84233			4
2024.07.23	00:56:37.678		0.84234			4
2024.07.23	00:56:39.968		0.84235			4
2024.07.23	00:56:40.301		0.84234			4
2024.07.23	00:56:43.835	0.84207	0.84235			6
2024.07.23	00:56:49.820	0.84208	0.84239			6
2024.07.23	00:56:55.885	0.84209	0.84236			6
2024.07.23	00:56:56.529		0.84233			4
2024.07.23	00:56:57.466	0.84210	0.84237			6
2024.07.23	00:56:57.801	0.84211	0.84238			6
2024.07.23	00:56:59.137		0.84237			4
2024.07.23	00:57:01.877	0.84211				2
2024.07.23	00:57:03.035		0.84238			4
2024.07.23	00:57:15.112	0.84208	0.84236			6
2024.07.23	00:57:15.423		0.84238			4
2024.07.23	00:57:15.801	0.84207	0.84236			6
2024.07.23	00:57:17.097	0.84208	0.84239			6
2024.07.23	00:57:20.740		0.84238			4
2024.07.23	00:57:22.283	0.84207	0.84237			6
2024.07.23	00:57:24.788	0.84208	0.84236			6
2024.07.23	00:57:27.327	0.84207	0.84237			6
2024.07.23	00:57:30.717	0.84209	0.84236			6
2024.07.23	00:57:32.360	0.84208	0.84235			6
2024.07.23	00:57:35.523	0.84207	0.84236			6
2024.07.23	00:57:39.975	0.84208	0.84235			6
2024.07.23	00:57:40.671	0.84209				2
2024.07.23	00:57:40.989	0.84208				2
2024.07.23	00:57:42.036		0.84234			4
2024.07.23	00:57:43.536		0.84235			4
2024.07.23	00:57:46.091	0.84209	0.84236			6
2024.07.23	00:57:47.260		0.84238			4
2024.07.23	00:57:51.141	0.84208	0.84233			6
2024.07.23	00:57:51.537		0.84237			4
2024.07.23	00:57:53.123		0.84236			4
2024.07.23	00:57:54.206	0.84209				2
2024.07.23	00:57:54.556		0.84235			4
2024.07.23	00:57:57.374	0.84208	0.84236			6
2024.07.23	00:57:57.681	0.84207	0.84237			6
2024.07.23	00:58:00.364	0.84208				2
2024.07.23	00:58:02.060	0.84210	0.84235			6
2024.07.23	00:58:03.137	0.84209				2
2024.07.23	00:58:03.877	0.84213				2
2024.07.23	00:58:05.246		0.84236			4
2024.07.23	00:58:05.563	0.84211	0.84238			6
2024.07.23	00:58:18.056	0.84212	0.84239			6
2024.07.23	00:58:20.433	0.84213	0.84238			6
2024.07.23	00:58:22.781		0.84239			4
2024.07.23	00:58:23.081	0.84212				2
2024.07.23	00:58:23.386		0.84237			4
2024.07.23	00:58:29.612		0.84239			4
2024.07.23	00:58:29.937		0.84237			4
2024.07.23	00:58:30.280		0.84239			4
2024.07.23	00:58:30.581		0.84236			4
2024.07.23	00:58:30.895		0.84238			4
2024.07.23	00:58:31.236		0.84239			4
2024.07.23	00:58:35.833	0.84213	0.84238			6
2024.07.23	00:58:36.817	0.84212	0.84239			6
2024.07.23	00:58:37.138		0.84240			4
2024.07.23	00:58:43.137	0.84213	0.84241			6
2024.07.23	00:58:43.841		0.84240			4
2024.07.23	00:58:45.021	0.84214	0.84239			6
2024.07.23	00:58:49.821		0.84240			4
2024.07.23	00:58:56.346	0.84215				2
2024.07.23	00:58:59.486		0.84238			4
2024.07.23	00:59:00.248	0.84215				2
2024.07.23	00:59:00.636	0.84214	0.84237			6
2024.07.23	00:59:01.008	0.84211	0.84239			6
2024.07.23	00:59:01.348	0.84213	0.84238			6
2024.07.23	00:59:08.329		0.84237			4
2024.07.23	00:59:14.957	0.84212	0.84238			6
2024.07.23	00:59:18.406		0.84236			4
2024.07.23	00:59:23.294	0.84213				2
2024.07.23	00:59:27.583	0.84214	0.84237			6
2024.07.23	00:59:31.186		0.84235			4
2024.07.23	00:59:44.436		0.84236			4
2024.07.23	00:59:45.950	0.84213	0.84235			6
2024.07.23	00:59:49.161	0.84212				2
2024.07.23	00:59:50.891		0.84237			4
2024.07.23	00:59:53.780	0.84213	0.84235			6
2024.07.23	01:00:00.307	0.84213	0.84234			6
2024.07.23	01:00:00.631	0.84212				2
2024.07.23	01:00:00.944	0.84211	0.84229			6
2024.07.23	01:00:01.264	0.84210	0.84228			6
2024.07.23	01:00:01.565	0.84206	0.84229			6
2024.07.23	01:00:01.871	0.84205	0.84224			6
2024.07.23	01:00:02.184	0.84206	0.84222			6
2024.07.23	01:00:03.013	0.84207				2
2024.07.23	01:00:03.343	0.84206	0.84230			6
2024.07.23	01:00:04.331	0.84207	0.84235			6
2024.07.23	01:00:04.672	0.84206				2
2024.07.23	01:00:05.446	0.84204	0.84233			6
2024.07.23	01:00:06.725		0.84234			4
2024.07.23	01:00:07.046	0.84206	0.84235			6
2024.07.23	01:00:08.310	0.84208	0.84234			6
2024.07.23	01:00:08.737	0.84206	0.84235			6
2024.07.23	01:00:11.483	0.84210	0.84234			6
2024.07.23	01:00:12.117	0.84213	0.84232			6
2024.07.23	01:00:12.424	0.84216	0.84235			6
2024.07.23	01:00:12.772	0.84217	0.84233			6
2024.07.23	01:00:13.083	0.84219	0.84239			6
2024.07.23	01:00:13.387	0.84217	0.84241			6
2024.07.23	01:00:13.718		0.84242			4
2024.07.23	01:00:18.037		0.84243			4
2024.07.23	01:00:20.314		0.84242			4
2024.07.23	01:00:20.772		0.84233			4
2024.07.23	01:00:22.381		0.84232			4
2024.07.23	01:00:26.645		0.84233			4
2024.07.23	01:00:29.130		0.84232			4
2024.07.23	01:00:29.438		0.84238			4
2024.07.23	01:00:29.933		0.84239			4
2024.07.23	01:00:31.837	0.84218	0.84240			6
2024.07.23	01:00:37.198	0.84216	0.84234			6
2024.07.23	01:00:37.503		0.84233			4
2024.07.23	01:00:37.805		0.84232			4
2024.07.23	01:00:38.806	0.84218	0.84233			6
2024.07.23	01:00:42.121		0.84234			4
2024.07.23	01:00:43.841	0.84219	0.84235			6
2024.07.23	01:00:44.437		0.84234			4
2024.07.23	01:00:48.937	0.84218	0.84233			6
2024.07.23	01:00:53.437	0.84219	0.84234			6
2024.07.23	01:00:54.573		0.84236			4
2024.07.23	01:00:58.602		0.84237			4
2024.07.23	01:01:00.226	0.84219				2
2024.07.23	01:01:01.441	0.84218	0.84239			6
2024.07.23	01:01:01.826	0.84219	0.84237			6
2024.07.23	01:01:03.516		0.84238			4
2024.07.23	01:01:06.251		0.84237			4
2024.07.23	01:01:07.237		0.84236			4
2024.07.23	01:01:07.729	0.84220	0.84235			6
2024.07.23	01:01:08.415	0.84219	0.84236			6
2024.07.23	01:01:09.488		0.84235			4
2024.07.23	01:01:13.571		0.84236			4
2024.07.23	01:01:16.999		0.84235			4
2024.07.23	01:01:18.953		0.84232			4
2024.07.23	01:01:21.336	0.84217	0.84230			6
2024.07.23	01:01:37.031		0.84229			4
2024.07.23	01:01:37.414	0.84216				2
2024.07.23	01:01:42.360	0.84215	0.84228			6
2024.07.23	01:01:47.736		0.84227			4
2024.07.23	01:01:54.321	0.84214				2
2024.07.23	01:01:54.987	0.84215				2
2024.07.23	01:01:59.963	0.84214	0.84228			6
2024.07.23	01:02:00.890	0.84214				2
2024.07.23	01:02:07.691		0.84229			4
2024.07.23	01:02:30.838	0.84215	0.84228			6
2024.07.23	01:02:41.436	0.84214	0.84229			6
2024.07.23	01:02:47.435	0.84215	0.84228			6
2024.07.23	01:02:53.347	0.84214	0.84229			6
2024.07.23	01:03:00.285	0.84214				2
2024.07.23	01:03:08.084	0.84215	0.84228			6
2024.07.23	01:03:08.410	0.84217	0.84229			6
2024.07.23	01:03:09.880	0.84218	0.84232			6
2024.07.23	01:03:12.301	0.84217				2
2024.07.23	01:03:18.394	0.84218				2
2024.07.23	01:03:30.381		0.84231			4
2024.07.23	01:03:44.899		0.84236			4
2024.07.23	01:03:46.861	0.84220	0.84237			6
2024.07.23	01:03:48.087	0.84218	0.84234			6
2024.07.23	01:03:48.405	0.84221	0.84237			6
2024.07.23	01:03:48.738		0.84238			4
2024.07.23	01:03:49.442	0.84220	0.84234			6
2024.07.23	01:03:49.846		0.84233			4
2024.07.23	01:03:50.150	0.84221				2
2024.07.23	01:03:51.679	0.84222				2
2024.07.23	01:03:54.405		0.84232			4
2024.07.23	01:03:58.289	0.84220	0.84235			6
2024.07.23	01:03:59.719		0.84234			4
2024.07.23	01:04:00.443	0.84220				2
2024.07.23	01:04:10.571		0.84233			4
2024.07.23	01:04:21.635		0.84234			4
2024.07.23	01:04:31.510		0.84232			4
2024.07.23	01:04:32.481		0.84230			4
2024.07.23	01:04:41.632	0.84221				2
2024.07.23	01:04:42.321	0.84220	0.84232			6
2024.07.23	01:04:46.428		0.84231			4
2024.07.23	01:04:49.581	0.84221				2
2024.07.23	01:04:51.404	0.84219	0.84232			6
2024.07.23	01:04:51.717	0.84218				2
2024.07.23	01:04:56.438		0.84233			4
2024.07.23	01:04:58.641		0.84232			4
2024.07.23	01:04:59.736		0.84231			4
2024.07.23	01:05:00.393	0.84218	0.84232			6
2024.07.23	01:05:00.720		0.84233			4
2024.07.23	01:05:01.022		0.84231			4
2024.07.23	01:05:03.571		0.84230			4
2024.07.23	01:05:20.475		0.84229			4
2024.07.23	01:05:21.549		0.84228			4
2024.07.23	01:05:24.310	0.84219	0.84227			6
2024.07.23	01:05:26.136	0.84218				2
2024.07.23	01:05:50.773		0.84228			4
2024.07.23	01:05:59.297		0.84227			4
2024.07.23	01:06:00.711	0.84218				2
2024.07.23	01:06:03.393	0.84217	0.84226			6
2024.07.23	01:06:30.859	0.84216				2
2024.07.23	01:06:38.135	0.84217				2
2024.07.23	01:06:43.944	0.84216				2
2024.07.23	01:06:48.840	0.84217	0.84225			6
2024.07.23	01:07:00.029	0.84217				2
2024.07.23	01:07:01.598	0.84216	0.84226			6
2024.07.23	01:07:02.135		0.84227			4
2024.07.23	01:07:17.374	0.84217	0.84226			6
2024.07.23	01:07:20.558	0.84216	0.84227			6
2024.07.23	01:07:32.380		0.84226			4
2024.07.23	01:07:35.436		0.84227			4
2024.07.23	01:07:36.352		0.84224			4
2024.07.23	01:07:43.376	0.84217	0.84225			6
2024.07.23	01:07:46.541	0.84216	0.84226			6
2024.07.23	01:07:49.078		0.84225			4
2024.07.23	01:07:58.483	0.84217	0.84228			6
2024.07.23	01:07:58.950		0.84229			4
2024.07.23	01:08:00.889	0.84217				2
2024.07.23	01:08:07.651	0.84216	0.84227			6
2024.07.23	01:08:28.363		0.84226			4
2024.07.23	01:09:01.251	0.84216				2
2024.07.23	01:09:06.688	0.84217	0.84227			6
2024.07.23	01:09:11.137	0.84218				2
2024.07.23	01:09:40.449		0.84226			4
2024.07.23	01:09:44.175	0.84217				2
2024.07.23	01:09:45.972	0.84216	0.84227			6
2024.07.23	01:10:00.336	0.84217	0.84226			6
2024.07.23	01:10:10.713		0.84225			4
2024.07.23	01:10:13.836	0.84216				2
2024.07.23	01:10:15.823	0.84217				2
2024.07.23	01:11:00.223	0.84217				2
2024.07.23	01:11:11.472		0.84225			4
2024.07.23	01:11:38.847	0.84218				2
2024.07.23	01:11:42.114	0.84217				2
2024.07.23	01:11:46.933	0.84218				2
2024.07.23	01:12:00.134	0.84218				2
2024.07.23	01:12:04.281	0.84217				2
2024.07.23	01:12:08.565		0.84223			4
2024.07.23	01:12:13.794	0.84218				2
2024.07.23	01:12:19.002	0.84217				2
2024.07.23	01:12:28.049	0.84218				2
2024.07.23	01:12:33.628	0.84217				2
2024.07.23	01:12:35.491	0.84218				2
2024.07.23	01:13:00.422	0.84218				2
2024.07.23	01:13:09.042		0.84223			4
2024.07.23	01:13:26.436	0.84217				2
2024.07.23	01:13:27.154	0.84218				2
2024.07.23	01:13:49.603	0.84217				2
2024.07.23	01:13:56.240	0.84218				2
2024.07.23	01:13:58.599	0.84217	0.84222			6
2024.07.23	01:13:59.094	0.84216				2
2024.07.23	01:14:01.433	0.84216				2
2024.07.23	01:14:03.479	0.84217				2
2024.07.23	01:14:58.670		0.84222			4
2024.07.23	01:15:00.407	0.84216				2
2024.07.23	01:15:00.850	0.84217				2
2024.07.23	01:15:04.535	0.84216				2
2024.07.23	01:15:35.435		0.84221			4
2024.07.23	01:15:59.372		0.84222			4
2024.07.23	01:16:00.479	0.84216				2
2024.07.23	01:16:04.147		0.84221			4
2024.07.23	01:16:53.885	0.84215	0.84220			6
2024.07.23	01:16:55.145	0.84216				2
2024.07.23	01:17:00.338	0.84216				2
2024.07.23	01:17:00.890		0.84221			4
2024.07.23	01:17:01.835	0.84215				2
2024.07.23	01:17:11.135	0.84216				2
2024.07.23	01:17:45.391		0.84222			4
2024.07.23	01:18:00.627	0.84216				2
2024.07.23	01:18:37.312	0.84217	0.84221			6
2024.07.23	01:18:46.451	0.84216				2
2024.07.23	01:18:49.622		0.84222			4
2024.07.23	01:18:50.735		0.84221			4
2024.07.23	01:19:00.889	0.84216				2
2024.07.23	01:19:35.382		0.84222			4
2024.07.23	01:19:40.375		0.84221			4
2024.07.23	01:20:00.439	0.84216				2
2024.07.23	01:20:42.594		0.84221			4
2024.07.23	01:20:44.605	0.84215				2
2024.07.23	01:20:49.075	0.84216				2
2024.07.23	01:21:00.374	0.84216				2
2024.07.23	01:21:42.761		0.84221			4
2024.07.23	01:22:14.403	0.84216				2
2024.07.23	01:22:44.159	0.84217	0.84221			6
2024.07.23	01:22:52.368	0.84216				2
2024.07.23	01:23:01.043	0.84216				2
2024.07.23	01:23:21.264	0.84217				2
2024.07.23	01:23:30.937	0.84216				2
2024.07.23	01:23:42.573	0.84214	0.84220			6
2024.07.23	01:23:49.342		0.84219			4
2024.07.23	01:23:55.051	0.84213				2
2024.07.23	01:24:00.579	0.84213				2
2024.07.23	01:24:19.239	0.84214				2
2024.07.23	01:24:50.172		0.84219			4
2024.07.23	01:24:56.068		0.84220			4
2024.07.23	01:24:58.016	0.84213				2
2024.07.23	01:24:58.945		0.84222			4
2024.07.23	01:25:00.067	0.84213	0.84220			6
2024.07.23	01:25:00.638		0.84219			4
2024.07.23	01:25:01.065	0.84214				2
2024.07.23	01:25:13.723	0.84213				2
2024.07.23	01:25:19.120	0.84214	0.84222			6
2024.07.23	01:25:19.432	0.84213				2
2024.07.23	01:25:21.088	0.84214				2
2024.07.23	01:25:21.406	0.84213				2
2024.07.23	01:25:22.689	0.84214				2
2024.07.23	01:25:23.501		0.84221			4
2024.07.23	01:25:23.876	0.84213				2
2024.07.23	01:25:29.160		0.84222			4
2024.07.23	01:25:30.256	0.84214				2
2024.07.23	01:25:32.247	0.84213				2
2024.07.23	01:25:52.614	0.84214				2
2024.07.23	01:25:52.929		0.84223			4
2024.07.23	01:25:53.250		0.84222			4
2024.07.23	01:25:56.106		0.84223			4
2024.07.23	01:26:03.385	0.84214				2
2024.07.23	01:26:16.442	0.84215				2
2024.07.23	01:26:21.465		0.84222			4
2024.07.23	01:26:50.891	0.84214				2
2024.07.23	01:26:57.068		0.84223			4
2024.07.23	01:26:57.819	0.84215	0.84221			6
2024.07.23	01:27:00.958	0.84215				2
2024.07.23	01:27:02.436	0.84216	0.84222			6
2024.07.23	01:27:10.113	0.84215				2
2024.07.23	01:27:13.034	0.84216				2
2024.07.23	01:27:19.293	0.84215				2
2024.07.23	01:27:21.413	0.84216				2
2024.07.23	01:27:29.438	0.84215	0.84223			6
2024.07.23	01:27:39.508	0.84216	0.84222			6
2024.07.23	01:27:50.135	0.84215				2
2024.07.23	01:28:02.404	0.84215	0.84223			6
2024.07.23	01:28:04.133	0.84216	0.84222			6
2024.07.23	01:28:04.742	0.84215				2
2024.07.23	01:28:11.617	0.84217				2
2024.07.23	01:28:39.907		0.84221			4
2024.07.23	01:29:01.623	0.84217				2
2024.07.23	01:29:20.339		0.84222			4
2024.07.23	01:29:22.706		0.84221			4
2024.07.23	01:29:33.035		0.84222			4
2024.07.23	01:29:41.714		0.84221			4
2024.07.23	01:29:56.039		0.84222			4
2024.07.23	01:30:00.309	0.84217				2
2024.07.23	01:30:01.212		0.84223			4
2024.07.23	01:30:02.674		0.84222			4
2024.07.23	01:30:06.704		0.84221			4
2024.07.23	01:30:15.075		0.84222			4
2024.07.23	01:30:35.700		0.84221			4
2024.07.23	01:31:00.376	0.84217				2
2024.07.23	01:31:01.883		0.84222			4
2024.07.23	01:31:35.035		0.84221			4
2024.07.23	01:31:52.171		0.84222			4
2024.07.23	01:32:00.318	0.84217				2
2024.07.23	01:32:05.782		0.84221			4
2024.07.23	01:33:01.170	0.84217				2
2024.07.23	01:33:05.956		0.84221			4
2024.07.23	01:34:00.376	0.84217				2
2024.07.23	01:34:06.121		0.84221			4
2024.07.23	01:35:00.376	0.84217				2
2024.07.23	01:35:06.972		0.84221			4
2024.07.23	01:35:26.071	0.84213	0.84216			6
2024.07.23	01:35:30.888		0.84215			4
2024.07.23	01:35:34.897	0.84212				2
2024.07.23	01:35:58.382	0.84211				2
2024.07.23	01:36:02.132	0.84211				2
2024.07.23	01:36:34.611		0.84215			4
2024.07.23	01:37:00.487	0.84211				2
2024.07.23	01:37:34.996		0.84215			4
2024.07.23	01:38:00.888	0.84211				2
2024.07.23	01:38:03.888		0.84214			4
2024.07.23	01:38:57.961	0.84208	0.84210			6
2024.07.23	01:38:58.265	0.84205	0.84209			6
2024.07.23	01:39:00.394	0.84205				2
2024.07.23	01:39:01.094	0.84206				2
2024.07.23	01:39:08.691		0.84208			4
2024.07.23	01:40:07.836	0.84206				2
2024.07.23	01:40:18.690		0.84208			4
2024.07.23	01:41:00.888	0.84206				2
2024.07.23	01:41:01.886	0.84204				2
2024.07.23	01:41:21.278		0.84208			4
2024.07.23	01:42:00.004	0.84204				2
2024.07.23	01:42:18.636	0.84205				2
2024.07.23	01:42:24.388		0.84208			4
2024.07.23	01:42:31.298	0.84206				2
2024.07.23	01:43:00.025	0.84206				2
2024.07.23	01:43:25.761		0.84208			4
2024.07.23	01:44:00.385	0.84206				2
2024.07.23	01:44:02.365	0.84205	0.84207			6
2024.07.23	01:44:18.373	0.84204				2
2024.07.23	01:44:19.338	0.84203				2
2024.07.23	01:44:26.324		0.84206			4
2024.07.23	01:44:27.903	0.84202	0.84204			6
2024.07.23	01:44:54.636	0.84203				2
2024.07.23	01:45:00.388	0.84202				2
2024.07.23	01:45:01.619	0.84203				2
2024.07.23	01:45:12.139		0.84206			4
2024.07.23	01:46:00.537	0.84203	0.84208			6
2024.07.23	01:46:00.875	0.84205				2
2024.07.23	01:46:06.036	0.84204				2
2024.07.23	01:46:49.235	0.84205				2
2024.07.23	01:47:00.547	0.84205	0.84208			6
2024.07.23	01:47:09.729		0.84209			4
2024.07.23	01:47:10.092		0.84208			4
2024.07.23	01:47:37.380		0.84209			4
2024.07.23	01:47:44.060	0.84214	0.84215			6
2024.07.23	01:48:00.452	0.84214				2
2024.07.23	01:48:10.371		0.84216			4
2024.07.23	01:48:15.635	0.84213				2
2024.07.23	01:48:45.380		0.84217			4
2024.07.23	01:49:00.328	0.84213				2
2024.07.23	01:49:02.855		0.84216			4
2024.07.23	01:50:01.375	0.84213				2
2024.07.23	01:50:03.098		0.84216			4
2024.07.23	01:50:51.277		0.84217			4
2024.07.23	01:51:00.374	0.84213				2
2024.07.23	01:51:52.060		0.84217			4
2024.07.23	01:52:00.135	0.84213	0.84218			6
2024.07.23	01:52:30.043		0.84217			4
2024.07.23	01:52:33.657	0.84210				2
2024.07.23	01:52:38.721	0.84211				2
2024.07.23	01:52:49.330	0.84210				2
2024.07.23	01:53:00.084	0.84210				2
2024.07.23	01:53:20.039	0.84209	0.84216			6
2024.07.23	01:53:50.714	0.84212	0.84218			6
2024.07.23	01:53:51.036	0.84213	0.84219			6
2024.07.23	01:54:10.314	0.84213				2
2024.07.23	01:54:49.651	0.84214				2
2024.07.23	01:54:51.039		0.84219			4
2024.07.23	01:55:00.730	0.84214				2
2024.07.23	01:55:07.354		0.84217			4
2024.07.23	01:55:38.435	0.84213				2
2024.07.23	01:55:50.975		0.84219			4
2024.07.23	01:56:00.811	0.84213				2
2024.07.23	01:56:25.283		0.84216			4
2024.07.23	01:56:25.630		0.84219			4
2024.07.23	01:56:42.936	0.84214				2
2024.07.23	01:56:57.361		0.84220			4
2024.07.23	01:57:03.215	0.84214				2
2024.07.23	01:57:05.736	0.84213				2
2024.07.23	01:57:07.493	0.84214	0.84219			6
2024.07.23	01:57:30.337		0.84218			4
2024.07.23	01:57:54.423	0.84213				2
2024.07.23	01:58:00.742	0.84213				2
2024.07.23	01:58:35.008		0.84217			4
2024.07.23	01:58:51.322		0.84215			4
2024.07.23	01:59:00.325	0.84213				2
2024.07.23	01:59:33.362	0.84212				2
2024.07.23	01:59:50.502	0.84211	0.84214			6
2024.07.23	01:59:50.838		0.84213			4
2024.07.23	01:59:55.681		0.84214			4
2024.07.23	01:59:57.534	0.84212				2
2024.07.23	02:00:00.321	0.84212				2
2024.07.23	02:00:05.665	0.84213				2
2024.07.23	02:00:06.365	0.84212	0.84215			6
2024.07.23	02:00:29.701	0.84211				2
2024.07.23	02:00:39.743	0.84212				2
2024.07.23	02:00:44.872	0.84211				2
2024.07.23	02:00:54.459	0.84212				2
2024.07.23	02:00:57.526	0.84211				2
2024.07.23	02:01:00.386	0.84212				2
2024.07.23	02:01:02.922	0.84211				2
2024.07.23	02:01:03.652	0.84212				2
2024.07.23	02:01:06.698		0.84215			4
2024.07.23	02:01:11.402		0.84214			4
2024.07.23	02:01:34.817		0.84215			4
2024.07.23	02:01:51.834		0.84217			4
2024.07.23	02:02:03.295	0.84212				2
2024.07.23	02:02:22.706		0.84216			4
2024.07.23	02:02:34.741		0.84217			4
2024.07.23	02:02:36.584		0.84216			4
2024.07.23	02:02:37.153	0.84211				2
2024.07.23	02:02:43.263		0.84217			4
2024.07.23	02:02:50.285		0.84216			4
2024.07.23	02:02:51.531		0.84217			4
2024.07.23	02:03:00.402	0.84211				2
2024.07.23	02:03:03.767		0.84216			4
2024.07.23	02:03:12.888		0.84215			4
2024.07.23	02:03:22.987	0.84212				2
2024.07.23	02:03:28.155		0.84214			4
2024.07.23	02:03:33.108	0.84211				2
2024.07.23	02:03:35.486	0.84212				2
2024.07.23	02:03:36.674	0.84211	0.84215			6
2024.07.23	02:03:37.579	0.84212				2
2024.07.23	02:03:43.104	0.84211				2
2024.07.23	02:03:44.540	0.84212				2
2024.07.23	02:03:46.891	0.84211				2
2024.07.23	02:04:00.936	0.84211				2
2024.07.23	02:04:08.301		0.84216			4
2024.07.23	02:04:10.382		0.84217			4
2024.07.23	02:04:14.409		0.84216			4
2024.07.23	02:04:15.385		0.84217			4
2024.07.23	02:04:16.113		0.84216			4
2024.07.23	02:04:17.143		0.84217			4
2024.07.23	02:04:18.738		0.84216			4
2024.07.23	02:04:19.337		0.84215			4
2024.07.23	02:04:19.694		0.84216			4
2024.07.23	02:04:21.002	0.84212				2
2024.07.23	02:04:31.571	0.84213				2
2024.07.23	02:05:00.545	0.84213				2
2024.07.23	02:05:01.648	0.84214	0.84218			6
2024.07.23	02:05:02.027	0.84213				2
2024.07.23	02:05:12.099	0.84212	0.84217			6
2024.07.23	02:05:19.797	0.84213				2
2024.07.23	02:05:20.206		0.84218			4
2024.07.23	02:05:32.099	0.84214				2
2024.07.23	02:05:33.562	0.84213				2
2024.07.23	02:05:55.445	0.84214	0.84217			6
2024.07.23	02:06:00.715	0.84214				2
2024.07.23	02:06:02.028	0.84213	0.84218			6
2024.07.23	02:06:02.750	0.84215				2
2024.07.23	02:06:04.774		0.84219			4
2024.07.23	02:06:05.624		0.84217			4
2024.07.23	02:06:10.184	0.84213				2
2024.07.23	02:06:10.486	0.84212				2
2024.07.23	02:06:10.869		0.84216			4
2024.07.23	02:06:12.862		0.84217			4
2024.07.23	02:06:13.199		0.84216			4
2024.07.23	02:06:13.935	0.84211				2
2024.07.23	02:06:18.030		0.84217			4
2024.07.23	02:06:19.186	0.84213				2
2024.07.23	02:06:20.169		0.84218			4
2024.07.23	02:06:20.675	0.84212				2
2024.07.23	02:06:30.315	0.84213				2
2024.07.23	02:06:31.521		0.84217			4
2024.07.23	02:06:33.682	0.84212				2
2024.07.23	02:06:43.226	0.84211				2
2024.07.23	02:06:45.181	0.84212				2
2024.07.23	02:06:57.329	0.84213				2
2024.07.23	02:06:57.681	0.84212				2
2024.07.23	02:06:58.319	0.84213				2
2024.07.23	02:06:58.754	0.84212				2
2024.07.23	02:07:00.378	0.84212				2
2024.07.23	02:07:01.004	0.84213				2
2024.07.23	02:07:02.436	0.84212				2
2024.07.23	02:07:02.760	0.84213				2
2024.07.23	02:07:05.440	0.84212				2
2024.07.23	02:07:05.773		0.84218			4
2024.07.23	02:07:08.188		0.84217			4
2024.07.23	02:07:08.667	0.84213				2
2024.07.23	02:07:09.383	0.84212				2
2024.07.23	02:07:10.903		0.84218			4
2024.07.23	02:07:11.238	0.84213				2
2024.07.23	02:07:11.616		0.84217			4
2024.07.23	02:07:11.920	0.84212				2
2024.07.23	02:07:14.932	0.84213				2
2024.07.23	02:07:15.462	0.84212				2
2024.07.23	02:07:18.737	0.84213				2
2024.07.23	02:07:19.040	0.84212				2
2024.07.23	02:07:19.471	0.84213				2
2024.07.23	02:07:20.071	0.84212				2
2024.07.23	02:07:21.454	0.84213				2
2024.07.23	02:07:24.170	0.84212				2
2024.07.23	02:07:26.213	0.84213				2
2024.07.23	02:07:30.408	0.84212				2
2024.07.23	02:07:42.167	0.84213				2
2024.07.23	02:07:45.002	0.84212	0.84218			6
2024.07.23	02:07:46.873	0.84213				2
2024.07.23	02:07:48.174	0.84212				2
2024.07.23	02:07:55.595	0.84213				2
2024.07.23	02:07:56.606	0.84212				2
2024.07.23	02:07:58.640	0.84213				2
2024.07.23	02:07:59.329	0.84212	0.84217			6
2024.07.23	02:08:00.421	0.84212				2
2024.07.23	02:08:00.858		0.84218			4
2024.07.23	02:08:01.225	0.84213	0.84217			6
2024.07.23	02:08:17.272	0.84214				2
2024.07.23	02:08:22.259	0.84213				2
2024.07.23	02:08:23.292	0.84214				2
2024.07.23	02:08:30.797	0.84213				2
2024.07.23	02:08:36.246	0.84214				2
2024.07.23	02:08:37.118	0.84213				2
2024.07.23	02:08:38.996	0.84214				2
2024.07.23	02:08:47.295	0.84213				2
2024.07.23	02:08:47.635	0.84214				2
2024.07.23	02:08:48.479	0.84212				2
2024.07.23	02:09:00.456	0.84213				2
2024.07.23	02:09:01.262		0.84217			4
2024.07.23	02:09:02.300	0.84212				2
2024.07.23	02:09:02.860	0.84213				2
2024.07.23	02:09:32.349	0.84214				2
2024.07.23	02:09:47.356	0.84213				2
2024.07.23	02:09:50.683	0.84214				2
2024.07.23	02:09:52.484	0.84213				2
2024.07.23	02:09:54.570	0.84214				2
2024.07.23	02:10:00.316	0.84214				2
2024.07.23	02:10:00.621		0.84216			4
2024.07.23	02:10:19.511	0.84213				2
2024.07.23	02:10:20.594	0.84214				2
2024.07.23	02:10:30.314	0.84213	0.84217			6
2024.07.23	02:10:40.534	0.84214				2
2024.07.23	02:10:50.431	0.84212				2
2024.07.23	02:10:56.374	0.84213				2
2024.07.23	02:11:01.299	0.84212				2
2024.07.23	02:11:03.224	0.84213				2
2024.07.23	02:11:10.817	0.84212				2
2024.07.23	02:11:11.375	0.84213				2
2024.07.23	02:11:31.277		0.84217			4
2024.07.23	02:11:32.170		0.84218			4
2024.07.23	02:11:34.956	0.84212				2
2024.07.23	02:11:36.048		0.84217			4
2024.07.23	02:11:38.457	0.84213				2
2024.07.23	02:11:43.058	0.84212				2
2024.07.23	02:11:43.452	0.84213				2
2024.07.23	02:11:51.016		0.84218			4
2024.07.23	02:12:00.368	0.84213				2
2024.07.23	02:12:05.165	0.84214				2
2024.07.23	02:12:51.560		0.84218			4
2024.07.23	02:13:00.485	0.84214				2
2024.07.23	02:13:10.888		0.84217			4
2024.07.23	02:13:17.404	0.84213				2
2024.07.23	02:13:42.597	0.84214				2
2024.07.23	02:13:51.182	0.84213				2
2024.07.23	02:14:00.378	0.84213				2
2024.07.23	02:14:10.913		0.84217			4
2024.07.23	02:14:26.437	0.84214				2
2024.07.23	02:14:34.730	0.84213				2
2024.07.23	02:14:59.837	0.84214	0.84218			6
2024.07.23	02:15:00.349	0.84214				2
2024.07.23	02:15:30.285	0.84213	0.84217			6
2024.07.23	02:16:00.206	0.84213				2
2024.07.23	02:16:31.390		0.84217			4
2024.07.23	02:16:36.673	0.84214				2
2024.07.23	02:16:55.484		0.84218			4
2024.07.23	02:17:00.889	0.84214				2
2024.07.23	02:17:34.539		0.84217			4
2024.07.23	02:18:00.225	0.84214				2
2024.07.23	02:18:36.390		0.84217			4
2024.07.23	02:18:46.188	0.84213				2
2024.07.23	02:18:46.495		0.84216			4
2024.07.23	02:18:47.733		0.84217			4
2024.07.23	02:18:49.248	0.84214				2
2024.07.23	02:19:00.435	0.84214				2
2024.07.23	02:19:48.635		0.84217			4
2024.07.23	02:20:01.142	0.84214				2
2024.07.23	02:20:35.105		0.84216			4
2024.07.23	02:20:41.743		0.84217			4
2024.07.23	02:20:49.482	0.84213				2
2024.07.23	02:21:00.416	0.84213				2
2024.07.23	02:21:43.491		0.84217			4
2024.07.23	02:22:00.364	0.84213				2
2024.07.23	02:22:43.054		0.84216			4
2024.07.23	02:23:00.827	0.84213				2
2024.07.23	02:23:13.445		0.84217			4
2024.07.23	02:24:00.889	0.84213				2
2024.07.23	02:24:14.053		0.84217			4
2024.07.23	02:25:00.106	0.84213				2
2024.07.23	02:25:14.269		0.84217			4
2024.07.23	02:25:53.140		0.84216			4
2024.07.23	02:25:59.639		0.84217			4
2024.07.23	02:26:00.721	0.84213				2
2024.07.23	02:26:59.841		0.84217			4
2024.07.23	02:27:00.691	0.84213				2
2024.07.23	02:28:01.280	0.84213	0.84217			6
2024.07.23	02:29:02.443	0.84213	0.84217			6
2024.07.23	02:30:00.282	0.84213				2
2024.07.23	02:30:02.821		0.84217			4
2024.07.23	02:31:02.806	0.84213				2
2024.07.23	02:31:05.893		0.84217			4
2024.07.23	02:32:00.333	0.84213				2
2024.07.23	02:32:06.954		0.84217			4
2024.07.23	02:33:01.193	0.84213				2
2024.07.23	02:33:10.112		0.84217			4
2024.07.23	02:33:15.760	0.84214				2
2024.07.23	02:33:48.676	0.84213				2
2024.07.23	02:34:00.389	0.84213				2
2024.07.23	02:34:10.889	0.84214	0.84218			6
2024.07.23	02:35:05.892	0.84214				2
2024.07.23	02:35:10.897		0.84218			4
2024.07.23	02:35:26.149	0.84213	0.84217			6
2024.07.23	02:35:26.467		0.84216			4
2024.07.23	02:36:00.891	0.84213				2
2024.07.23	02:36:21.354	0.84212				2
2024.07.23	02:36:26.639		0.84216			4
2024.07.23	02:37:00.430	0.84212				2
2024.07.23	02:37:27.106		0.84216			4
2024.07.23	02:38:02.119	0.84212				2
2024.07.23	02:38:07.194		0.84215			4
2024.07.23	02:38:07.504		0.84216			4
2024.07.23	02:39:02.695	0.84212				2
2024.07.23	02:39:11.805		0.84216			4
2024.07.23	02:40:00.156	0.84212				2
2024.07.23	02:40:12.875		0.84216			4
2024.07.23	02:40:25.344	0.84213				2
2024.07.23	02:40:32.862		0.84215			4
2024.07.23	02:40:56.313		0.84217			4
2024.07.23	02:41:02.596	0.84213				2
2024.07.23	02:41:12.352		0.84216			4
2024.07.23	02:41:13.940		0.84215			4
2024.07.23	02:41:15.073		0.84216			4
2024.07.23	02:41:15.380		0.84215			4
2024.07.23	02:41:17.862		0.84216			4
2024.07.23	02:41:21.199		0.84217			4
2024.07.23	02:41:22.377		0.84216			4
2024.07.23	02:41:23.220		0.84215			4
2024.07.23	02:41:23.876		0.84217			4
2024.07.23	02:41:32.374		0.84216			4
2024.07.23	02:41:32.688	0.84212	0.84213			6
2024.07.23	02:41:33.651	0.84211				2
2024.07.23	02:42:01.278	0.84211				2
2024.07.23	02:42:28.434	0.84210				2
2024.07.23	02:42:32.893		0.84213			4
2024.07.23	02:43:00.361	0.84210				2
2024.07.23	02:43:02.492		0.84212			4
2024.07.23	02:43:13.134		0.84213			4
2024.07.23	02:44:00.291	0.84210				2
2024.07.23	02:44:09.894		0.84212			4
2024.07.23	02:44:26.597		0.84213			4
2024.07.23	02:44:28.244		0.84214			4
2024.07.23	02:44:49.385		0.84212			4
2024.07.23	02:45:00.099	0.84210				2
2024.07.23	02:45:05.424		0.84214			4
2024.07.23	02:45:06.538		0.84212			4
2024.07.23	02:45:07.490		0.84214			4
2024.07.23	02:45:08.839		0.84212			4
2024.07.23	02:45:09.196		0.84214			4
2024.07.23	02:45:10.708		0.84212			4
2024.07.23	02:45:11.688		0.84214			4
2024.07.23	02:45:13.664	0.84211	0.84215			6
2024.07.23	02:45:21.620	0.84212	0.84216			6
2024.07.23	02:45:27.032	0.84209	0.84210			6
2024.07.23	02:45:42.180	0.84208	0.84209			6
2024.07.23	02:46:00.051	0.84208				2
2024.07.23	02:46:37.386	0.84207				2
2024.07.23	02:46:42.332		0.84209			4
2024.07.23	02:46:44.526		0.84210			4
2024.07.23	02:46:53.659		0.84211			4
2024.07.23	02:46:54.247	0.84208				2
2024.07.23	02:46:54.563		0.84212			4
2024.07.23	02:47:00.284	0.84208				2
2024.07.23	02:47:02.386		0.84211			4
2024.07.23	02:47:13.400		0.84212			4
2024.07.23	02:47:23.531	0.84209	0.84213			6
2024.07.23	02:48:00.495	0.84209				2
2024.07.23	02:48:11.628	0.84208	0.84210			6
2024.07.23	02:48:35.786	0.84206	0.84208			6
2024.07.23	02:48:43.311		0.84209			4
2024.07.23	02:48:58.045		0.84210			4
2024.07.23	02:49:00.435	0.84206				2
2024.07.23	02:49:30.797		0.84209			4
2024.07.23	02:49:46.899	0.84205				2
2024.07.23	02:49:48.278	0.84206				2
2024.07.23	02:50:00.506	0.84206				2
2024.07.23	02:50:15.229	0.84207	0.84211			6
2024.07.23	02:50:15.543	0.84208				2
2024.07.23	02:50:32.898		0.84212			4
2024.07.23	02:50:33.202		0.84211			4
2024.07.23	02:50:33.684		0.84209			4
2024.07.23	02:50:37.174	0.84207				2
2024.07.23	02:50:45.478		0.84210			4
2024.07.23	02:51:01.021	0.84207				2
2024.07.23	02:51:41.707	0.84208				2
2024.07.23	02:51:45.892		0.84210			4
2024.07.23	02:51:53.033	0.84207				2
2024.07.23	02:52:01.159	0.84207				2
2024.07.23	02:52:23.715		0.84211			4
2024.07.23	02:52:37.771	0.84208				2
2024.07.23	02:52:45.385	0.84207	0.84210			6
2024.07.23	02:52:48.293		0.84209			4
2024.07.23	02:52:53.781	0.84206				2
2024.07.23	02:52:59.535	0.84205	0.84208			6
2024.07.23	02:53:00.888	0.84205				2
2024.07.23	02:53:24.115	0.84207				2
2024.07.23	02:53:24.424		0.84209			4
2024.07.23	02:53:44.436		0.84210			4
2024.07.23	02:53:55.289	0.84206	0.84209			6
2024.07.23	02:53:55.599	0.84207				2
2024.07.23	02:53:57.324	0.84206				2
2024.07.23	02:53:57.686	0.84207				2
2024.07.23	02:53:58.004	0.84206				2
2024.07.23	02:53:59.092	0.84207				2
2024.07.23	02:53:59.425	0.84205				2
2024.07.23	02:53:59.802	0.84207				2
2024.07.23	02:54:00.170	0.84206				2
2024.07.23	02:54:00.575	0.84207				2
2024.07.23	02:54:04.471		0.84210			4
2024.07.23	02:54:14.411		0.84209			4
2024.07.23	02:54:37.145		0.84210			4
2024.07.23	02:54:39.931	0.84206				2
2024.07.23	02:54:41.039	0.84205				2
2024.07.23	02:54:48.059		0.84209			4
2024.07.23	02:54:50.890	0.84206				2
2024.07.23	02:55:00.347	0.84206				2
2024.07.23	02:55:01.277	0.84205				2
2024.07.23	02:55:06.055	0.84206				2
2024.07.23	02:55:06.380		0.84210			4
2024.07.23	02:55:31.838		0.84209			4
2024.07.23	02:55:47.107	0.84207				2
2024.07.23	02:56:00.539	0.84207				2
2024.07.23	02:56:05.641		0.84210			4
2024.07.23	02:56:09.630	0.84206				2
2024.07.23	02:56:10.228	0.84207				2
2024.07.23	02:56:20.845	0.84210	0.84214			6
2024.07.23	02:56:22.577	0.84209	0.84213			6
2024.07.23	02:56:22.882	0.84210	0.84214			6
2024.07.23	02:56:27.378	0.84209	0.84213			6
2024.07.23	02:56:33.110	0.84210				2
2024.07.23	02:56:42.396	0.84209				2
2024.07.23	02:56:43.394		0.84212			4
2024.07.23	02:56:46.247		0.84213			4
2024.07.23	02:56:46.566	0.84208	0.84212			6
2024.07.23	02:56:50.484		0.84211			4
2024.07.23	02:56:52.510		0.84212			4
2024.07.23	02:56:57.591		0.84211			4
2024.07.23	02:56:58.599	0.84209	0.84212			6
2024.07.23	02:57:00.686	0.84209				2
2024.07.23	02:57:10.999		0.84211			4
2024.07.23	02:57:11.878	0.84208	0.84212			6
2024.07.23	02:57:27.024		0.84211			4
2024.07.23	02:57:33.909	0.84207				2
2024.07.23	02:57:39.020		0.84210			4
2024.07.23	02:57:39.338		0.84209			4
2024.07.23	02:58:00.891	0.84207				2
2024.07.23	02:58:34.286		0.84210			4
2024.07.23	02:58:38.665	0.84208				2
2024.07.23	02:58:44.538	0.84209	0.84212			6
2024.07.23	02:58:47.581		0.84211			4
2024.07.23	02:58:53.439		0.84212			4
2024.07.23	02:58:54.703	0.84208				2
2024.07.23	02:58:55.015	0.84210				2
2024.07.23	02:59:00.680	0.84210				2
2024.07.23	02:59:23.410		0.84211			4
2024.07.23	02:59:35.387	0.84209				2
2024.07.23	03:00:00.373	0.84209				2
2024.07.23	03:00:00.703	0.84210				2
2024.07.23	03:00:01.506	0.84209				2
2024.07.23	03:00:05.436		0.84210			4
2024.07.23	03:00:05.742		0.84211			4
2024.07.23	03:00:06.931	0.84210				2
2024.07.23	03:00:18.772	0.84209				2
2024.07.23	03:00:25.259	0.84210				2
2024.07.23	03:00:29.673	0.84209				2
2024.07.23	03:00:30.889	0.84208				2
2024.07.23	03:00:33.401	0.84209				2
2024.07.23	03:00:34.389	0.84208	0.84210			6
2024.07.23	03:00:35.052	0.84209				2
2024.07.23	03:00:35.797	0.84208				2
2024.07.23	03:00:36.386	0.84209				2
2024.07.23	03:00:37.536	0.84208				2
2024.07.23	03:00:39.064	0.84209	0.84212			6
2024.07.23	03:00:39.369		0.84210			4
2024.07.23	03:00:45.681	0.84208				2
2024.07.23	03:00:48.857	0.84209				2
2024.07.23	03:00:52.080	0.84208	0.84211			6
2024.07.23	03:00:52.406		0.84210			4
2024.07.23	03:00:52.874		0.84211			4
2024.07.23	03:00:53.182	0.84209				2
2024.07.23	03:00:55.155	0.84208				2
2024.07.23	03:00:55.489	0.84209	0.84210			6
2024.07.23	03:00:55.883		0.84211			4
2024.07.23	03:00:57.763		0.84212			4
2024.07.23	03:00:58.765		0.84211			4
2024.07.23	03:00:59.078	0.84210				2
2024.07.23	03:00:59.528	0.84209				2
2024.07.23	03:00:59.875		0.84210			4
2024.07.23	03:01:00.197	0.84209				2
2024.07.23	03:01:00.587		0.84211			4
2024.07.23	03:01:01.233	0.84208	0.84210			6
2024.07.23	03:01:01.714		0.84209			4
2024.07.23	03:01:02.360	0.84207	0.84210			6
2024.07.23	03:01:02.676	0.84209				2
2024.07.23	03:01:04.275	0.84210	0.84211			6
2024.07.23	03:01:05.236		0.84212			4
2024.07.23	03:01:06.761		0.84211			4
2024.07.23	03:01:08.708		0.84212			4
2024.07.23	03:01:11.232	0.84211				2
2024.07.23	03:01:11.631	0.84210				2
2024.07.23	03:01:12.499		0.84211			4
2024.07.23	03:01:13.198		0.84212			4
2024.07.23	03:01:13.615		0.84211			4
2024.07.23	03:01:13.948		0.84212			4
2024.07.23	03:01:14.349		0.84211			4
2024.07.23	03:01:16.692	0.84209				2
2024.07.23	03:01:17.489	0.84210				2
2024.07.23	03:01:19.435		0.84212			4
2024.07.23	03:01:22.198	0.84211				2
2024.07.23	03:01:26.148	0.84210				2
2024.07.23	03:01:34.011	0.84211				2
2024.07.23	03:01:43.302	0.84212	0.84213			6
2024.07.23	03:01:49.320	0.84213	0.84214			6
2024.07.23	03:01:50.272	0.84214	0.84215			6
2024.07.23	03:01:50.751	0.84213	0.84214			6
2024.07.23	03:01:59.696	0.84214	0.84215			6
2024.07.23	03:02:00.353	0.84210	0.84212			6
2024.07.23	03:02:00.667		0.84211			4
2024.07.23	03:02:01.306	0.84208	0.84210			6
2024.07.23	03:02:01.674	0.84209				2
2024.07.23	03:02:06.027	0.84208				2
2024.07.23	03:02:09.947	0.84209				2
2024.07.23	03:02:10.604	0.84208				2
2024.07.23	03:02:10.939	0.84211	0.84212			6
2024.07.23	03:02:13.985	0.84212	0.84213			6
2024.07.23	03:02:23.622	0.84213	0.84214			6
2024.07.23	03:02:31.131	0.84214	0.84215			6
2024.07.23	03:02:38.870	0.84213	0.84214			6
2024.07.23	03:02:39.617	0.84214	0.84215			6
2024.07.23	03:02:53.722	0.84215	0.84216			6
2024.07.23	03:02:54.800	0.84214	0.84215			6
2024.07.23	03:03:00.578	0.84214				2
2024.07.23	03:03:02.652	0.84213	0.84214			6
2024.07.23	03:03:06.429		0.84215			4
2024.07.23	03:03:07.205	0.84214				2
2024.07.23	03:03:08.530	0.84215	0.84216			6
2024.07.23	03:03:15.049	0.84217	0.84218			6
2024.07.23	03:03:16.288	0.84216	0.84217			6
2024.07.23	03:03:16.642	0.84217	0.84218			6
2024.07.23	03:03:17.584	0.84216	0.84217			6
2024.07.23	03:03:18.729	0.84217	0.84218			6
2024.07.23	03:03:23.998	0.84218	0.84219			6
2024.07.23	03:03:24.378	0.84217	0.84218			6
2024.07.23	03:03:24.873	0.84216	0.84217			6
2024.07.23	03:03:26.373	0.84217	0.84218			6
2024.07.23	03:03:27.536	0.84216	0.84217			6
2024.07.23	03:03:29.170	0.84217	0.84218			6
2024.07.23	03:03:32.019	0.84216	0.84217			6
2024.07.23	03:03:32.801	0.84215	0.84218			6
2024.07.23	03:03:34.336	0.84216	0.84217			6
2024.07.23	03:03:42.081	0.84214	0.84215			6
2024.07.23	03:03:49.517	0.84215	0.84216			6
2024.07.23	03:03:55.533	0.84214	0.84215			6
2024.07.23	03:03:58.158	0.84215	0.84216			6
2024.07.23	03:04:00.983	0.84215				2
2024.07.23	03:04:08.801	0.84214	0.84215			6
2024.07.23	03:04:10.161	0.84215	0.84216			6
2024.07.23	03:04:14.561	0.84214	0.84215			6
2024.07.23	03:04:17.449	0.84215	0.84216			6
2024.07.23	03:04:18.020	0.84214	0.84215			6
2024.07.23	03:04:25.682	0.84215	0.84216			6
2024.07.23	03:04:36.846	0.84216	0.84217			6
2024.07.23	03:04:37.163	0.84215	0.84216			6
2024.07.23	03:04:37.569	0.84216	0.84217			6
2024.07.23	03:04:38.917	0.84215	0.84216			6
2024.07.23	03:04:50.892	0.84216	0.84217			6
2024.07.23	03:04:51.408	0.84215	0.84216			6
2024.07.23	03:04:51.721	0.84214	0.84215			6
2024.07.23	03:04:54.246	0.84215	0.84216			6
2024.07.23	03:04:58.421	0.84214	0.84215			6
2024.07.23	03:04:59.124	0.84212	0.84213			6
2024.07.23	03:04:59.432	0.84213	0.84214			6
2024.07.23	03:05:00.336	0.84213				2
2024.07.23	03:05:12.745	0.84212	0.84213			6
2024.07.23	03:05:13.049	0.84211	0.84212			6
2024.07.23	03:05:13.673	0.84209	0.84211			6
2024.07.23	03:05:20.689	0.84208				2
2024.07.23	03:05:21.411	0.84210				2
2024.07.23	03:05:23.524	0.84209	0.84210			6
2024.07.23	03:05:24.452	0.84208	0.84211			6
2024.07.23	03:05:24.760		0.84210			4
2024.07.23	03:05:27.184	0.84209				2
2024.07.23	03:05:30.952	0.84208				2
2024.07.23	03:05:31.268	0.84207				2
2024.07.23	03:05:39.175	0.84209				2
2024.07.23	03:05:39.531	0.84208				2
2024.07.23	03:05:39.936	0.84207				2
2024.07.23	03:05:40.979	0.84208	0.84209			6
2024.07.23	03:05:44.949	0.84207				2
2024.07.23	03:05:45.678		0.84210			4
2024.07.23	03:05:46.676	0.84208				2
2024.07.23	03:05:46.988	0.84206	0.84209			6
2024.07.23	03:05:48.939	0.84207				2
2024.07.23	03:05:59.380	0.84206				2
2024.07.23	03:06:00.496	0.84206				2
2024.07.23	03:06:02.756		0.84208			4
2024.07.23	03:06:03.385		0.84209			4
2024.07.23	03:06:05.185	0.84208	0.84210			6
2024.07.23	03:06:05.502	0.84209	0.84211			6
2024.07.23	03:06:06.135	0.84208				2
2024.07.23	03:06:09.046	0.84209				2
2024.07.23	03:06:10.800		0.84210			4
2024.07.23	03:06:11.102	0.84210	0.84211			6
2024.07.23	03:06:11.402	0.84209	0.84210			6
2024.07.23	03:06:11.795		0.84212			4
2024.07.23	03:06:12.097	0.84210				2
2024.07.23	03:06:17.674	0.84209				2
2024.07.23	03:06:20.590	0.84210				2
2024.07.23	03:06:23.960	0.84211				2
2024.07.23	03:06:29.257	0.84209				2
2024.07.23	03:06:30.854	0.84210				2
2024.07.23	03:06:32.235	0.84209				2
2024.07.23	03:06:32.891	0.84210	0.84211			6
2024.07.23	03:06:33.709	0.84209	0.84212			6
2024.07.23	03:06:34.025	0.84210	0.84211			6
2024.07.23	03:06:34.326	0.84209	0.84212			6
2024.07.23	03:06:36.203	0.84210				2
2024.07.23	03:06:37.404	0.84209				2
2024.07.23	03:06:37.708	0.84211				2
2024.07.23	03:06:38.509	0.84210	0.84211			6
2024.07.23	03:06:39.949		0.84212			4
2024.07.23	03:06:40.266	0.84211				2
2024.07.23	03:06:46.979	0.84209	0.84211			6
2024.07.23	03:06:49.589		0.84210			4
2024.07.23	03:06:49.898	0.84212	0.84214			6
2024.07.23	03:06:50.558	0.84213				2
2024.07.23	03:06:57.423	0.84214	0.84215			6
2024.07.23	03:07:00.302	0.84214				2
2024.07.23	03:07:00.641	0.84213	0.84214			6
2024.07.23	03:07:02.609	0.84211	0.84212			6
2024.07.23	03:07:04.985		0.84213			4
2024.07.23	03:07:06.235		0.84212			4
2024.07.23	03:07:06.540	0.84210	0.84211			6
2024.07.23	03:07:10.231	0.84211	0.84212			6
2024.07.23	03:07:11.056	0.84210	0.84211			6
2024.07.23	03:07:20.152	0.84209	0.84210			6
2024.07.23	03:07:23.271		0.84211			4
2024.07.23	03:07:24.139	0.84210				2
2024.07.23	03:08:00.613	0.84210				2
2024.07.23	03:08:05.086	0.84206	0.84209			6
2024.07.23	03:08:05.423		0.84210			4
2024.07.23	03:08:05.736	0.84207				2
2024.07.23	03:08:21.013	0.84210	0.84211			6
2024.07.23	03:08:31.044	0.84209				2
2024.07.23	03:08:31.348	0.84210				2
2024.07.23	03:08:36.253		0.84212			4
2024.07.23	03:08:38.479	0.84211				2
2024.07.23	03:08:39.575	0.84212	0.84213			6
2024.07.23	03:08:41.445	0.84209	0.84212			6
2024.07.23	03:08:41.795	0.84210				2
2024.07.23	03:08:42.488	0.84211				2
2024.07.23	03:08:52.447	0.84210				2
2024.07.23	03:08:58.542	0.84211				2
2024.07.23	03:09:00.191	0.84211				2
2024.07.23	03:09:01.857	0.84210				2
2024.07.23	03:09:02.163	0.84211				2
2024.07.23	03:09:05.225	0.84210	0.84211			6
2024.07.23	03:09:05.887	0.84211	0.84212			6
2024.07.23	03:09:11.109	0.84210				2
2024.07.23	03:09:11.751		0.84211			4
2024.07.23	03:09:12.148		0.84212			4
2024.07.23	03:09:17.144	0.84211				2
2024.07.23	03:09:37.224	0.84210				2
2024.07.23	03:09:37.529	0.84211	0.84213			6
2024.07.23	03:09:40.573		0.84212			4
2024.07.23	03:09:42.028	0.84212	0.84213			6
2024.07.23	03:09:42.930	0.84211	0.84212			6
2024.07.23	03:09:49.712	0.84213	0.84214			6
2024.07.23	03:09:51.908	0.84212	0.84213			6
2024.07.23	03:09:53.223	0.84213	0.84214			6
2024.07.23	03:09:53.715	0.84212	0.84213			6
2024.07.23	03:10:00.029	0.84212				2
2024.07.23	03:10:05.781	0.84213	0.84214			6
2024.07.23	03:10:06.455	0.84212	0.84213			6
2024.07.23	03:10:06.847	0.84213	0.84214			6
2024.07.23	03:10:08.807	0.84214	0.84215			6
2024.07.23	03:10:13.281	0.84213	0.84214			6
2024.07.23	03:10:23.185	0.84214	0.84215			6
2024.07.23	03:10:23.512	0.84213	0.84214			6
2024.07.23	03:10:23.874	0.84214	0.84215			6
2024.07.23	03:10:27.647	0.84213	0.84216			6
2024.07.23	03:10:28.094	0.84214	0.84215			6
2024.07.23	03:10:29.893	0.84213				2
2024.07.23	03:10:31.481	0.84214				2
2024.07.23	03:10:32.495	0.84213	0.84214			6
2024.07.23	03:10:40.398	0.84215	0.84216			6
2024.07.23	03:10:41.077	0.84214	0.84215			6
2024.07.23	03:10:41.401	0.84213	0.84214			6
2024.07.23	03:10:46.680	0.84214	0.84215			6
2024.07.23	03:10:58.690		0.84216			4
2024.07.23	03:10:59.004		0.84215			4
2024.07.23	03:11:00.070	0.84214				2
2024.07.23	03:11:23.678	0.84215	0.84216			6
2024.07.23	03:11:24.688		0.84217			4
2024.07.23	03:11:34.212	0.84216				2
2024.07.23	03:11:36.106	0.84215				2
2024.07.23	03:11:43.952	0.84214				2
2024.07.23	03:11:44.360	0.84215				2
2024.07.23	03:11:45.304	0.84214				2
2024.07.23	03:11:46.579	0.84215				2
2024.07.23	03:11:50.497	0.84216				2
2024.07.23	03:11:51.372	0.84215				2
2024.07.23	03:11:51.682	0.84216				2
2024.07.23	03:11:51.990	0.84215				2
2024.07.23	03:11:52.387	0.84216				2
2024.07.23	03:11:52.741	0.84215				2
2024.07.23	03:11:55.075	0.84214				2
2024.07.23	03:11:57.305	0.84215				2
2024.07.23	03:11:57.684	0.84216				2
2024.07.23	03:11:58.005	0.84215				2
2024.07.23	03:12:00.210	0.84215	0.84216			6
2024.07.23	03:12:00.654	0.84216	0.84217			6
2024.07.23	03:12:01.856	0.84215				2
2024.07.23	03:12:03.816	0.84216				2
2024.07.23	03:12:05.022	0.84215				2
2024.07.23	03:12:07.072		0.84216			4
2024.07.23	03:12:09.741		0.84217			4
2024.07.23	03:12:13.798		0.84216			4
2024.07.23	03:12:17.572		0.84217			4
2024.07.23	03:12:18.804		0.84216			4
2024.07.23	03:12:19.118	0.84216	0.84217			6
2024.07.23	03:12:37.089	0.84215				2
2024.07.23	03:12:37.616	0.84216				2
2024.07.23	03:12:40.940	0.84217	0.84218			6
2024.07.23	03:12:42.916	0.84218	0.84219			6
2024.07.23	03:13:00.300	0.84218				2
2024.07.23	03:13:02.287	0.84217	0.84218			6
2024.07.23	03:13:02.604	0.84218	0.84219			6
2024.07.23	03:13:08.678	0.84219	0.84220			6
2024.07.23	03:13:09.004	0.84217	0.84219			6
2024.07.23	03:13:14.089	0.84218				2
2024.07.23	03:13:15.176	0.84219	0.84220			6
2024.07.23	03:13:26.916	0.84218				2
2024.07.23	03:13:31.298	0.84219				2
2024.07.23	03:13:32.070	0.84220	0.84221			6
2024.07.23	03:13:32.797	0.84219	0.84220			6
2024.07.23	03:13:33.298	0.84220	0.84221			6
2024.07.23	03:13:33.603	0.84219	0.84220			6
2024.07.23	03:13:47.694	0.84218				2
2024.07.23	03:13:49.093	0.84219				2
2024.07.23	03:13:49.544	0.84218				2
2024.07.23	03:13:51.047	0.84219				2
2024.07.23	03:14:00.366	0.84220	0.84221			6
2024.07.23	03:14:00.684	0.84219	0.84220			6
2024.07.23	03:14:02.476	0.84218				2
2024.07.23	03:14:02.834	0.84219				2
2024.07.23	03:14:03.139	0.84218				2
2024.07.23	03:14:03.526	0.84220	0.84221			6
2024.07.23	03:14:03.841	0.84222	0.84223			6
2024.07.23	03:14:06.103	0.84221				2
2024.07.23	03:14:09.670	0.84220	0.84222			6
2024.07.23	03:14:20.358	0.84221				2
2024.07.23	03:14:20.821	0.84220				2
2024.07.23	03:14:22.701	0.84221				2
2024.07.23	03:14:23.011	0.84220				2
2024.07.23	03:14:23.998	0.84221				2
2024.07.23	03:14:25.476	0.84220				2
2024.07.23	03:14:30.170		0.84223			4
2024.07.23	03:14:33.240		0.84222			4
2024.07.23	03:14:35.926		0.84221			4
2024.07.23	03:14:39.468	0.84221	0.84222			6
2024.07.23	03:14:44.992	0.84222	0.84223			6
2024.07.23	03:14:46.688	0.84220				2
2024.07.23	03:14:48.717		0.84222			4
2024.07.23	03:14:53.412	0.84221				2
2024.07.23	03:14:54.666	0.84220	0.84221			6
2024.07.23	03:14:58.201		0.84222			4
2024.07.23	03:15:00.041	0.84220				2
2024.07.23	03:15:01.269	0.84221				2
2024.07.23	03:15:01.573		0.84223			4
2024.07.23	03:15:03.714	0.84219				2
2024.07.23	03:15:04.018	0.84220				2
2024.07.23	03:15:04.392	0.84221				2
2024.07.23	03:15:06.857	0.84222				2
2024.07.23	03:15:12.027	0.84220				2
2024.07.23	03:15:14.574	0.84221				2
2024.07.23	03:15:14.986		0.84222			4
2024.07.23	03:15:15.636		0.84223			4
2024.07.23	03:15:15.984	0.84222				2
2024.07.23	03:15:19.330	0.84221				2
2024.07.23	03:15:19.632	0.84223	0.84224			6
2024.07.23	03:15:28.820	0.84222	0.84223			6
2024.07.23	03:15:29.122	0.84221	0.84222			6
2024.07.23	03:15:30.367	0.84222	0.84223			6
2024.07.23	03:15:31.776	0.84223	0.84224			6
2024.07.23	03:15:38.410	0.84224	0.84225			6
2024.07.23	03:15:42.017	0.84223	0.84224			6
2024.07.23	03:15:42.388		0.84225			4
2024.07.23	03:15:43.935		0.84224			4
2024.07.23	03:15:52.922	0.84221	0.84222			6
2024.07.23	03:15:53.246	0.84222	0.84223			6
2024.07.23	03:16:00.172	0.84222				2
2024.07.23	03:16:09.977	0.84220	0.84221			6
2024.07.23	03:16:15.312	0.84219				2
2024.07.23	03:16:16.598	0.84220				2
2024.07.23	03:16:18.514	0.84221	0.84222			6
2024.07.23	03:16:39.722		0.84223			4
2024.07.23	03:16:42.776	0.84222				2
2024.07.23	03:16:43.086	0.84221				2
2024.07.23	03:16:47.997	0.84222				2
2024.07.23	03:16:50.360	0.84221	0.84222			6
2024.07.23	03:16:50.665	0.84222	0.84223			6
2024.07.23	03:16:52.730	0.84221	0.84222			6
2024.07.23	03:16:54.358		0.84223			4
2024.07.23	03:16:56.569		0.84222			4
2024.07.23	03:16:56.882		0.84223			4
2024.07.23	03:17:00.893	0.84222				2
2024.07.23	03:17:01.222	0.84221	0.84222			6
2024.07.23	03:17:09.555		0.84223			4
2024.07.23	03:17:10.307	0.84220				2
2024.07.23	03:17:10.632	0.84221				2
2024.07.23	03:17:11.061	0.84222				2
2024.07.23	03:17:11.706	0.84221				2
2024.07.23	03:17:14.159		0.84222			4
2024.07.23	03:17:15.122	0.84222	0.84223			6
2024.07.23	03:17:15.436	0.84221	0.84222			6
2024.07.23	03:17:16.697	0.84222	0.84223			6
2024.07.23	03:17:17.702	0.84221	0.84222			6
2024.07.23	03:17:18.016		0.84223			4
2024.07.23	03:17:36.832	0.84222				2
2024.07.23	03:17:37.197	0.84221				2
2024.07.23	03:17:37.680	0.84222				2
2024.07.23	03:17:40.297	0.84221	0.84222			6
2024.07.23	03:17:59.166	0.84220	0.84221			6
2024.07.23	03:17:59.478	0.84221	0.84222			6
2024.07.23	03:18:00.182	0.84221				2
2024.07.23	03:18:12.325		0.84223			4
2024.07.23	03:18:13.192		0.84222			4
2024.07.23	03:18:14.088		0.84223			4
2024.07.23	03:18:17.683		0.84222			4
2024.07.23	03:18:27.144	0.84220	0.84221			6
2024.07.23	03:18:29.361	0.84221	0.84222			6
2024.07.23	03:18:43.391	0.84222	0.84223			6
2024.07.23	03:18:49.156	0.84223	0.84224			6
2024.07.23	03:18:50.034	0.84222	0.84223			6
2024.07.23	03:19:00.001	0.84222				2
2024.07.23	03:19:00.400	0.84223	0.84224			6
2024.07.23	03:19:00.703	0.84222	0.84223			6
2024.07.23	03:19:04.967	0.84221				2
2024.07.23	03:19:05.287	0.84222				2
2024.07.23	03:19:06.167	0.84221				2
2024.07.23	03:19:06.477	0.84222				2
2024.07.23	03:19:09.233	0.84221				2
2024.07.23	03:19:10.169	0.84222				2
2024.07.23	03:19:10.538	0.84221				2
