<DATE>	<TIME>	<BID>	<ASK>	<LAST>	<VOLUME>	<FLAGS>
2024.07.29	00:00:00.697	0.84341	0.84498			6
2024.07.29	00:00:13.085	0.84342				2
2024.07.29	00:00:21.484	0.84346	0.84497			6
2024.07.29	00:00:24.228	0.84338				2
2024.07.29	00:00:27.746	0.84340	0.84517			6
2024.07.29	00:00:31.566	0.84331	0.84458			6
2024.07.29	00:00:41.083	0.84330				2
2024.07.29	00:00:54.602	0.84339				2
2024.07.29	00:00:59.981	0.84335				2
2024.07.29	00:01:00.483	0.84311				2
2024.07.29	00:01:07.499	0.84340				2
2024.07.29	00:01:41.300		0.84458			4
2024.07.29	00:02:02.493	0.84340				2
2024.07.29	00:02:57.462		0.84458			4
2024.07.29	00:03:01.299	0.84340				2
2024.07.29	00:04:01.700	0.84340	0.84458			6
2024.07.29	00:05:00.904	0.84340				2
2024.07.29	00:05:06.011		0.84458			4
2024.07.29	00:05:39.614	0.84343	0.84487			6
2024.07.29	00:06:01.806	0.84343				2
2024.07.29	00:06:34.613	0.84345	0.84492			6
2024.07.29	00:07:04.622	0.84345				2
2024.07.29	00:07:29.616	0.84344				2
2024.07.29	00:07:43.444		0.84492			4
2024.07.29	00:08:10.891	0.84344				2
2024.07.29	00:08:24.631		0.84491			4
2024.07.29	00:09:19.623	0.84344				2
2024.07.29	00:09:39.616	0.84326	0.84458			6
2024.07.29	00:10:00.415	0.84354	0.84433			6
2024.07.29	00:10:00.922	0.84365	0.84443			6
2024.07.29	00:10:01.267	0.84360	0.84439			6
2024.07.29	00:10:01.590	0.84361				2
2024.07.29	00:10:02.086	0.84360	0.84438			6
2024.07.29	00:10:06.367	0.84328	0.84434			6
2024.07.29	00:10:08.664	0.84324	0.84438			6
2024.07.29	00:10:09.802	0.84328	0.84433			6
2024.07.29	00:10:31.265	0.84329				2
2024.07.29	00:10:41.903	0.84330				2
2024.07.29	00:10:56.725	0.84355	0.84432			6
2024.07.29	00:10:59.475		0.84431			4
2024.07.29	00:11:03.070	0.84355				2
2024.07.29	00:11:19.866	0.84356				2
2024.07.29	00:11:39.617	0.84343	0.84433			6
2024.07.29	00:11:41.167		0.84432			4
2024.07.29	00:12:00.634	0.84365	0.84440			6
2024.07.29	00:12:00.986	0.84368	0.84452			6
2024.07.29	00:12:02.171		0.84461			4
2024.07.29	00:12:23.465	0.84369				2
2024.07.29	00:12:35.466		0.84460			4
2024.07.29	00:12:53.176	0.84368	0.84461			6
2024.07.29	00:12:56.710	0.84369	0.84450			6
2024.07.29	00:13:04.267	0.84369	0.84449			6
2024.07.29	00:13:06.674		0.84450			4
2024.07.29	00:13:10.264		0.84449			4
2024.07.29	00:13:31.682	0.84368	0.84450			6
2024.07.29	00:13:48.965	0.84369				2
2024.07.29	00:13:56.472		0.84449			4
2024.07.29	00:13:57.075		0.84456			4
2024.07.29	00:14:00.872	0.84369				2
2024.07.29	00:14:02.163	0.84359	0.84431			6
2024.07.29	00:14:26.253	0.84356	0.84434			6
2024.07.29	00:14:33.963	0.84361	0.84464			6
2024.07.29	00:14:55.270	0.84362				2
2024.07.29	00:14:55.640	0.84377	0.84448			6
2024.07.29	00:14:56.163		0.84449			4
2024.07.29	00:15:00.875	0.84367	0.84437			6
2024.07.29	00:15:03.385	0.84366				2
2024.07.29	00:15:39.671		0.84438			4
2024.07.29	00:15:42.383	0.84365				2
2024.07.29	00:15:52.697	0.84355	0.84448			6
2024.07.29	00:15:57.368	0.84356	0.84447			6
2024.07.29	00:16:00.360	0.84355	0.84448			6
2024.07.29	00:16:02.467	0.84356				2
2024.07.29	00:16:04.276		0.84447			4
2024.07.29	00:16:07.566	0.84359	0.84444			6
2024.07.29	00:16:08.702	0.84358	0.84445			6
2024.07.29	00:16:42.967	0.84362	0.84441			6
2024.07.29	00:17:00.895	0.84362				2
2024.07.29	00:17:03.619	0.84367	0.84436			6
2024.07.29	00:17:22.801	0.84362	0.84441			6
2024.07.29	00:17:48.072	0.84363				2
2024.07.29	00:17:56.250	0.84357	0.84446			6
2024.07.29	00:18:04.619	0.84360	0.84443			6
2024.07.29	00:18:05.810	0.84358	0.84445			6
2024.07.29	00:18:06.846	0.84356	0.84447			6
2024.07.29	00:18:19.066	0.84360	0.84443			6
2024.07.29	00:18:19.417	0.84363	0.84442			6
2024.07.29	00:18:28.271	0.84364				2
2024.07.29	00:18:30.969		0.84441			4
2024.07.29	00:18:57.664	0.84358	0.84447			6
2024.07.29	00:19:00.890	0.84359	0.84446			6
2024.07.29	00:19:04.575	0.84354	0.84460			6
2024.07.29	00:19:11.764		0.84459			4
2024.07.29	00:19:14.712		0.84460			4
2024.07.29	00:19:15.066	0.84353	0.84457			6
2024.07.29	00:19:18.065	0.84354	0.84456			6
2024.07.29	00:19:40.569	0.84348	0.84422			6
2024.07.29	00:20:01.278	0.84348				2
2024.07.29	00:20:05.029	0.84347	0.84423			6
2024.07.29	00:20:06.374	0.84348	0.84422			6
2024.07.29	00:20:14.163	0.84354	0.84451			6
2024.07.29	00:20:14.482		0.84454			4
2024.07.29	00:20:17.730	0.84355	0.84453			6
2024.07.29	00:20:20.168	0.84356				2
2024.07.29	00:20:22.278	0.84353	0.84456			6
2024.07.29	00:20:22.840	0.84352	0.84455			6
2024.07.29	00:20:24.100		0.84454			4
2024.07.29	00:20:27.301	0.84353	0.84428			6
2024.07.29	00:20:28.263		0.84429			4
2024.07.29	00:20:30.663		0.84428			4
2024.07.29	00:20:32.464	0.84352	0.84429			6
2024.07.29	00:20:35.170	0.84353				2
2024.07.29	00:20:38.368	0.84356	0.84426			6
2024.07.29	00:20:39.532	0.84357	0.84425			6
2024.07.29	00:20:42.856	0.84356	0.84426			6
2024.07.29	00:20:43.566		0.84425			4
2024.07.29	00:20:53.291	0.84357				2
2024.07.29	00:20:56.941	0.84354	0.84428			6
2024.07.29	00:21:00.667	0.84354				2
2024.07.29	00:21:01.865		0.84427			4
2024.07.29	00:21:03.667		0.84428			4
2024.07.29	00:21:10.829	0.84356	0.84431			6
2024.07.29	00:21:12.913	0.84355				2
2024.07.29	00:21:15.013		0.84432			4
2024.07.29	00:21:15.524	0.84356	0.84431			6
2024.07.29	00:21:22.563	0.84355				2
2024.07.29	00:21:24.065	0.84356				2
2024.07.29	00:21:27.365	0.84355				2
2024.07.29	00:22:00.904	0.84353	0.84438			6
2024.07.29	00:22:05.837	0.84354				2
2024.07.29	00:22:06.367		0.84437			4
2024.07.29	00:22:15.668		0.84436			4
2024.07.29	00:22:18.814	0.84355	0.84430			6
2024.07.29	00:22:38.050	0.84354	0.84434			6
2024.07.29	00:22:38.555		0.84431			4
2024.07.29	00:22:57.511		0.84435			4
2024.07.29	00:23:00.834	0.84353				2
2024.07.29	00:23:08.465		0.84434			4
2024.07.29	00:23:13.064		0.84433			4
2024.07.29	00:23:24.418		0.84445			4
2024.07.29	00:23:25.234	0.84358	0.84439			6
2024.07.29	00:23:30.325	0.84353	0.84425			6
2024.07.29	00:23:40.277		0.84426			4
2024.07.29	00:23:53.298	0.84358	0.84433			6
2024.07.29	00:24:01.070	0.84358	0.84434			6
2024.07.29	00:24:10.267		0.84435			4
2024.07.29	00:24:19.266	0.84357				2
2024.07.29	00:24:26.764		0.84436			4
2024.07.29	00:24:49.573	0.84356				2
2024.07.29	00:24:58.649	0.84355	0.84444			6
2024.07.29	00:25:02.872	0.84355	0.84440			6
2024.07.29	00:25:03.875		0.84439			4
2024.07.29	00:25:47.198	0.84356	0.84436			6
2024.07.29	00:26:00.967	0.84356				2
2024.07.29	00:26:02.475	0.84357				2
2024.07.29	00:26:03.814	0.84364	0.84451			6
2024.07.29	00:26:08.178	0.84357	0.84437			6
2024.07.29	00:26:35.225	0.84355	0.84442			6
2024.07.29	00:26:46.603		0.84441			4
2024.07.29	00:26:59.104	0.84358	0.84437			6
2024.07.29	00:27:00.399	0.84358				2
2024.07.29	00:27:16.268		0.84436			4
2024.07.29	00:27:35.781	0.84362	0.84438			6
2024.07.29	00:27:36.170	0.84361	0.84439			6
2024.07.29	00:27:38.923		0.84440			4
2024.07.29	00:27:39.966	0.84360				2
2024.07.29	00:27:42.190	0.84355	0.84445			6
2024.07.29	00:27:50.736		0.84448			4
2024.07.29	00:27:51.066		0.84445			4
2024.07.29	00:27:51.664		0.84448			4
2024.07.29	00:27:52.564		0.84445			4
2024.07.29	00:27:55.575	0.84357	0.84446			6
2024.07.29	00:27:56.096		0.84443			4
2024.07.29	00:28:00.897	0.84357				2
2024.07.29	00:28:02.945	0.84360	0.84440			6
2024.07.29	00:28:29.763		0.84441			4
2024.07.29	00:28:37.089	0.84359				2
2024.07.29	00:28:38.209	0.84355	0.84440			6
2024.07.29	00:28:52.748		0.84438			4
2024.07.29	00:29:00.968	0.84355				2
2024.07.29	00:29:03.666		0.84439			4
2024.07.29	00:29:06.067		0.84438			4
2024.07.29	00:29:08.763		0.84439			4
2024.07.29	00:29:25.841	0.84356				2
2024.07.29	00:29:42.969		0.84440			4
2024.07.29	00:30:00.364	0.84354				2
2024.07.29	00:30:03.666	0.84353				2
2024.07.29	00:30:18.364		0.84441			4
2024.07.29	00:30:31.984	0.84354	0.84440			6
2024.07.29	00:30:32.609	0.84353	0.84441			6
2024.07.29	00:30:33.191	0.84359	0.84435			6
2024.07.29	00:30:33.664	0.84360	0.84434			6
2024.07.29	00:30:36.161		0.84433			4
2024.07.29	00:30:36.817	0.84359	0.84434			6
2024.07.29	00:30:38.062	0.84360	0.84433			6
2024.07.29	00:30:40.866		0.84434			4
2024.07.29	00:30:42.375	0.84361	0.84433			6
2024.07.29	00:30:48.442	0.84369	0.84435			6
2024.07.29	00:30:53.927	0.84367	0.84433			6
2024.07.29	00:31:01.864	0.84367				2
2024.07.29	00:31:03.423	0.84366	0.84432			6
2024.07.29	00:31:11.787	0.84363	0.84436			6
2024.07.29	00:31:17.166	0.84364				2
2024.07.29	00:31:20.811	0.84363	0.84435			6
2024.07.29	00:31:22.263	0.84364	0.84434			6
2024.07.29	00:31:25.590		0.84435			4
2024.07.29	00:31:35.025	0.84362	0.84437			6
2024.07.29	00:31:41.768		0.84436			4
2024.07.29	00:31:47.087	0.84360	0.84434			6
2024.07.29	00:31:47.474		0.84432			4
2024.07.29	00:31:53.466		0.84423			4
2024.07.29	00:31:54.066	0.84358	0.84421			6
2024.07.29	00:31:57.063	0.84360	0.84419			6
2024.07.29	00:31:57.387		0.84448			4
2024.07.29	00:31:59.167	0.84357	0.84419			6
2024.07.29	00:32:01.244	0.84357				2
2024.07.29	00:32:02.167		0.84420			4
2024.07.29	00:32:04.170	0.84356	0.84419			6
2024.07.29	00:32:07.569	0.84360	0.84428			6
2024.07.29	00:32:10.403	0.84359	0.84429			6
2024.07.29	00:32:10.794	0.84356	0.84418			6
2024.07.29	00:32:15.668	0.84358	0.84420			6
2024.07.29	00:32:20.708		0.84430			4
2024.07.29	00:32:21.365	0.84356	0.84417			6
2024.07.29	00:32:21.974	0.84358	0.84430			6
2024.07.29	00:32:22.565		0.84439			4
2024.07.29	00:32:23.640		0.84420			4
2024.07.29	00:32:25.404		0.84424			4
2024.07.29	00:32:25.869	0.84357	0.84418			6
2024.07.29	00:32:26.465	0.84358	0.84419			6
2024.07.29	00:32:30.966	0.84357	0.84418			6
2024.07.29	00:32:33.080	0.84358	0.84421			6
2024.07.29	00:32:33.975	0.84356	0.84417			6
2024.07.29	00:32:34.874	0.84358	0.84419			6
2024.07.29	00:32:36.966		0.84418			4
2024.07.29	00:32:48.674	0.84359				2
2024.07.29	00:32:51.063	0.84358	0.84417			6
2024.07.29	00:32:55.835	0.84359	0.84418			6
2024.07.29	00:32:59.040	0.84358	0.84417			6
2024.07.29	00:33:00.887	0.84358				2
2024.07.29	00:33:01.274	0.84361	0.84420			6
2024.07.29	00:33:02.473	0.84356	0.84416			6
2024.07.29	00:33:06.069	0.84365	0.84443			6
2024.07.29	00:33:06.672	0.84357	0.84416			6
2024.07.29	00:33:16.581	0.84360	0.84417			6
2024.07.29	00:33:26.256	0.84358	0.84419			6
2024.07.29	00:33:31.102	0.84354	0.84423			6
2024.07.29	00:33:32.469		0.84424			4
2024.07.29	00:33:34.264	0.84352				2
2024.07.29	00:33:36.663	0.84355				2
2024.07.29	00:33:53.506	0.84357	0.84422			6
2024.07.29	00:33:57.125	0.84354	0.84424			6
2024.07.29	00:34:00.510	0.84354	0.84425			6
2024.07.29	00:34:04.434	0.84359				2
2024.07.29	00:34:09.068	0.84358				2
2024.07.29	00:34:11.466		0.84424			4
2024.07.29	00:34:14.506	0.84360	0.84423			6
2024.07.29	00:34:18.964		0.84422			4
2024.07.29	00:34:20.751	0.84358	0.84424			6
2024.07.29	00:34:28.566	0.84359	0.84425			6
2024.07.29	00:34:30.792	0.84358				2
2024.07.29	00:34:32.746	0.84359	0.84424			6
2024.07.29	00:34:35.505	0.84360	0.84423			6
2024.07.29	00:34:37.368	0.84362				2
2024.07.29	00:34:41.474	0.84363				2
2024.07.29	00:34:42.513	0.84362				2
2024.07.29	00:34:45.123	0.84359				2
2024.07.29	00:34:47.185		0.84424			4
2024.07.29	00:34:57.066	0.84358				2
2024.07.29	00:35:00.401	0.84360	0.84423			6
2024.07.29	00:35:02.187		0.84422			4
2024.07.29	00:35:03.512	0.84361				2
2024.07.29	00:35:03.966		0.84421			4
2024.07.29	00:35:05.624	0.84363				2
2024.07.29	00:35:06.067	0.84361				2
2024.07.29	00:35:07.796	0.84363	0.84420			6
2024.07.29	00:35:10.824	0.84361				2
2024.07.29	00:35:11.173	0.84364				2
2024.07.29	00:35:12.113	0.84363	0.84421			6
2024.07.29	00:35:13.872		0.84422			4
2024.07.29	00:35:15.844	0.84361				2
2024.07.29	00:35:17.811	0.84359				2
2024.07.29	00:35:18.367	0.84360				2
2024.07.29	00:35:27.187	0.84361				2
2024.07.29	00:35:27.855	0.84363	0.84421			6
2024.07.29	00:35:31.505	0.84364	0.84420			6
2024.07.29	00:35:31.864	0.84359				2
2024.07.29	00:35:33.734	0.84360				2
2024.07.29	00:35:34.795	0.84359				2
2024.07.29	00:35:35.465		0.84419			4
2024.07.29	00:35:36.367	0.84357				2
2024.07.29	00:35:37.225	0.84356	0.84420			6
2024.07.29	00:35:37.818	0.84355	0.84422			6
2024.07.29	00:35:39.666		0.84421			4
2024.07.29	00:35:48.172	0.84358				2
2024.07.29	00:35:54.989	0.84359	0.84420			6
2024.07.29	00:35:58.215	0.84358				2
2024.07.29	00:35:58.793	0.84357	0.84421			6
2024.07.29	00:36:01.281	0.84366	0.84422			6
2024.07.29	00:36:10.267	0.84365				2
2024.07.29	00:36:13.587	0.84366	0.84421			6
2024.07.29	00:36:18.232	0.84367	0.84422			6
2024.07.29	00:36:21.064	0.84365				2
2024.07.29	00:36:35.165	0.84366	0.84421			6
2024.07.29	00:36:40.221	0.84364	0.84420			6
2024.07.29	00:36:40.791	0.84360				2
2024.07.29	00:36:41.465	0.84359				2
2024.07.29	00:36:42.873	0.84358				2
2024.07.29	00:36:43.366	0.84357	0.84421			6
2024.07.29	00:36:45.668	0.84358				2
2024.07.29	00:36:48.664	0.84357				2
2024.07.29	00:36:51.363	0.84356				2
2024.07.29	00:36:51.663	0.84372	0.84441			6
2024.07.29	00:36:51.973	0.84357	0.84421			6
2024.07.29	00:36:54.100	0.84354				2
2024.07.29	00:36:55.213	0.84355	0.84420			6
2024.07.29	00:36:59.096	0.84356				2
2024.07.29	00:36:59.463	0.84357				2
2024.07.29	00:37:01.263	0.84356	0.84421			6
2024.07.29	00:37:03.079	0.84357				2
2024.07.29	00:37:05.470		0.84420			4
2024.07.29	00:37:06.371	0.84356				2
2024.07.29	00:37:09.663	0.84360				2
2024.07.29	00:37:10.514	0.84359	0.84421			6
2024.07.29	00:37:10.894	0.84356				2
2024.07.29	00:37:12.714	0.84357	0.84420			6
2024.07.29	00:37:17.400	0.84358	0.84421			6
2024.07.29	00:37:17.722	0.84357				2
2024.07.29	00:37:20.163	0.84358				2
2024.07.29	00:37:20.908	0.84357				2
2024.07.29	00:37:24.861		0.84420			4
2024.07.29	00:37:29.523	0.84360	0.84419			6
2024.07.29	00:37:30.922	0.84359	0.84420			6
2024.07.29	00:37:38.463	0.84360				2
2024.07.29	00:37:39.021	0.84359	0.84421			6
2024.07.29	00:37:45.933	0.84358				2
2024.07.29	00:37:49.865	0.84356	0.84420			6
2024.07.29	00:37:52.564		0.84421			4
2024.07.29	00:37:54.883	0.84355	0.84420			6
2024.07.29	00:37:55.577	0.84356				2
2024.07.29	00:37:58.505		0.84419			4
2024.07.29	00:38:00.546	0.84356	0.84420			6
2024.07.29	00:38:00.889	0.84355	0.84421			6
2024.07.29	00:38:03.365	0.84354				2
2024.07.29	00:38:05.167	0.84355	0.84420			6
2024.07.29	00:38:07.263	0.84354	0.84421			6
2024.07.29	00:38:11.767	0.84355				2
2024.07.29	00:38:14.165		0.84420			4
2024.07.29	00:38:18.074	0.84351	0.84424			6
2024.07.29	00:38:18.436	0.84352				2
2024.07.29	00:38:18.964	0.84357	0.84421			6
2024.07.29	00:38:19.300	0.84360	0.84420			6
2024.07.29	00:38:20.973	0.84363				2
2024.07.29	00:38:21.280	0.84362	0.84421			6
2024.07.29	00:38:21.663	0.84361				2
2024.07.29	00:38:25.485	0.84358				2
2024.07.29	00:38:25.857	0.84361				2
2024.07.29	00:38:30.456	0.84359				2
2024.07.29	00:38:30.836	0.84361	0.84422			6
2024.07.29	00:38:33.316	0.84358	0.84421			6
2024.07.29	00:38:35.464	0.84359				2
2024.07.29	00:38:38.465	0.84358				2
2024.07.29	00:38:40.394	0.84359				2
2024.07.29	00:38:41.473		0.84420			4
2024.07.29	00:38:43.266		0.84421			4
2024.07.29	00:38:43.612	0.84358				2
2024.07.29	00:38:50.770	0.84359				2
2024.07.29	00:38:53.854	0.84360				2
2024.07.29	00:38:54.193	0.84364	0.84420			6
2024.07.29	00:38:54.723	0.84363	0.84421			6
2024.07.29	00:38:55.779	0.84361				2
2024.07.29	00:38:56.422	0.84356	0.84422			6
2024.07.29	00:38:56.765	0.84357				2
2024.07.29	00:38:57.068	0.84355	0.84421			6
2024.07.29	00:38:57.665	0.84357	0.84422			6
2024.07.29	00:39:00.324	0.84357	0.84421			6
2024.07.29	00:39:05.352		0.84422			4
2024.07.29	00:39:06.923	0.84358	0.84421			6
2024.07.29	00:39:07.387	0.84357	0.84420			6
2024.07.29	00:39:07.959	0.84356	0.84421			6
2024.07.29	00:39:12.599	0.84359				2
2024.07.29	00:39:19.111	0.84360	0.84420			6
2024.07.29	00:39:20.188	0.84358	0.84422			6
2024.07.29	00:39:20.709	0.84360	0.84420			6
2024.07.29	00:39:21.966	0.84356	0.84421			6
2024.07.29	00:39:22.585	0.84358	0.84420			6
2024.07.29	00:39:23.176		0.84419			4
2024.07.29	00:39:26.145	0.84359				2
2024.07.29	00:39:30.064		0.84418			4
2024.07.29	00:39:31.028		0.84419			4
2024.07.29	00:39:33.666	0.84358				2
2024.07.29	00:39:34.484	0.84360	0.84418			6
2024.07.29	00:39:34.994	0.84358	0.84419			6
2024.07.29	00:39:36.218	0.84357				2
2024.07.29	00:39:41.203	0.84360				2
2024.07.29	00:39:44.459	0.84358				2
2024.07.29	00:40:00.890	0.84358				2
2024.07.29	00:40:06.094	0.84357				2
2024.07.29	00:40:06.589	0.84359				2
2024.07.29	00:40:07.473	0.84358				2
2024.07.29	00:40:07.876	0.84357				2
2024.07.29	00:40:10.474	0.84358				2
2024.07.29	00:40:12.068	0.84360				2
2024.07.29	00:40:14.581	0.84358				2
2024.07.29	00:40:15.390	0.84359	0.84416			6
2024.07.29	00:40:16.096	0.84361	0.84415			6
2024.07.29	00:40:18.263	0.84364	0.84426			6
2024.07.29	00:40:20.464	0.84363	0.84427			6
2024.07.29	00:40:21.930	0.84362	0.84428			6
2024.07.29	00:40:22.420	0.84360	0.84430			6
2024.07.29	00:40:22.994	0.84362	0.84428			6
2024.07.29	00:40:26.768	0.84363	0.84427			6
2024.07.29	00:40:32.128	0.84359	0.84431			6
2024.07.29	00:40:32.771	0.84361	0.84429			6
2024.07.29	00:40:40.468	0.84362	0.84428			6
2024.07.29	00:40:58.678	0.84367	0.84423			6
2024.07.29	00:40:58.982	0.84361	0.84430			6
2024.07.29	00:40:59.282		0.84429			4
2024.07.29	00:41:00.379	0.84361				2
2024.07.29	00:41:03.703	0.84362	0.84428			6
2024.07.29	00:41:12.506	0.84360	0.84430			6
2024.07.29	00:41:12.826	0.84359	0.84431			6
2024.07.29	00:41:14.140	0.84356	0.84434			6
2024.07.29	00:41:17.995	0.84355	0.84435			6
2024.07.29	00:41:29.746		0.84409			4
2024.07.29	00:41:31.980		0.84410			4
2024.07.29	00:41:33.402	0.84353	0.84412			6
2024.07.29	00:41:34.344	0.84354	0.84410			6
2024.07.29	00:41:34.865		0.84416			4
2024.07.29	00:41:35.513	0.84353	0.84413			6
2024.07.29	00:41:36.120	0.84354				2
2024.07.29	00:41:36.457	0.84353				2
2024.07.29	00:41:38.463		0.84414			4
2024.07.29	00:41:40.764	0.84351	0.84416			6
2024.07.29	00:41:41.695	0.84354	0.84415			6
2024.07.29	00:41:42.270		0.84414			4
2024.07.29	00:41:42.650	0.84350	0.84419			6
2024.07.29	00:41:43.613	0.84354	0.84412			6
2024.07.29	00:41:44.351	0.84355				2
2024.07.29	00:41:44.772	0.84351	0.84416			6
2024.07.29	00:41:45.201		0.84417			4
2024.07.29	00:41:46.266		0.84416			4
2024.07.29	00:41:48.776	0.84354	0.84413			6
2024.07.29	00:41:49.319	0.84356	0.84411			6
2024.07.29	00:41:49.784	0.84353	0.84414			6
2024.07.29	00:41:51.063		0.84412			4
2024.07.29	00:41:53.679	0.84352	0.84418			6
2024.07.29	00:41:55.267	0.84353				2
2024.07.29	00:41:59.967		0.84417			4
2024.07.29	00:42:00.308	0.84353				2
2024.07.29	00:42:03.833		0.84415			4
2024.07.29	00:42:07.867	0.84354				2
2024.07.29	00:42:08.865	0.84353	0.84416			6
2024.07.29	00:42:10.775		0.84415			4
2024.07.29	00:42:11.470		0.84417			4
2024.07.29	00:42:13.865		0.84416			4
2024.07.29	00:42:15.369		0.84417			4
2024.07.29	00:42:20.192	0.84354	0.84416			6
2024.07.29	00:42:22.011	0.84353	0.84417			6
2024.07.29	00:42:30.065		0.84418			4
2024.07.29	00:42:30.484	0.84354	0.84417			6
2024.07.29	00:42:31.484		0.84414			4
2024.07.29	00:42:34.563		0.84416			4
2024.07.29	00:42:42.811		0.84414			4
2024.07.29	00:42:44.763		0.84415			4
2024.07.29	00:42:46.864		0.84416			4
2024.07.29	00:42:49.016		0.84413			4
2024.07.29	00:42:52.910		0.84420			4
2024.07.29	00:42:53.941	0.84348	0.84426			6
2024.07.29	00:42:54.242	0.84349	0.84413			6
2024.07.29	00:42:54.563	0.84356	0.84433			6
2024.07.29	00:42:54.898	0.84358	0.84430			6
2024.07.29	00:42:55.245	0.84355	0.84419			6
2024.07.29	00:42:55.884		0.84433			4
2024.07.29	00:42:56.384	0.84356	0.84434			6
2024.07.29	00:42:57.663		0.84435			4
2024.07.29	00:43:02.652	0.84356				2
2024.07.29	00:43:03.068		0.84433			4
2024.07.29	00:43:03.902	0.84316	0.84445			6
2024.07.29	00:43:04.202	0.84314	0.84444			6
2024.07.29	00:43:04.570	0.84325	0.84439			6
2024.07.29	00:43:05.117	0.84326	0.84438			6
2024.07.29	00:43:05.854	0.84327				2
2024.07.29	00:43:06.364	0.84328				2
2024.07.29	00:43:06.964	0.84329				2
2024.07.29	00:43:07.864	0.84330				2
2024.07.29	00:43:09.366	0.84331				2
2024.07.29	00:43:10.864	0.84332				2
2024.07.29	00:43:12.106	0.84333				2
2024.07.29	00:43:12.606	0.84334	0.84441			6
2024.07.29	00:43:12.968	0.84335	0.84440			6
2024.07.29	00:43:14.166		0.84439			4
2024.07.29	00:43:14.885	0.84332	0.84438			6
2024.07.29	00:43:15.325	0.84333				2
2024.07.29	00:43:16.213	0.84331				2
2024.07.29	00:43:16.935	0.84334	0.84435			6
2024.07.29	00:43:17.431	0.84332	0.84437			6
2024.07.29	00:43:17.942	0.84330	0.84439			6
2024.07.29	00:43:18.581	0.84329	0.84436			6
2024.07.29	00:43:18.958	0.84333	0.84432			6
2024.07.29	00:43:19.416		0.84431			4
2024.07.29	00:43:19.867	0.84328	0.84434			6
2024.07.29	00:43:20.752	0.84329				2
2024.07.29	00:43:22.917		0.84432			4
2024.07.29	00:43:29.765	0.84330				2
2024.07.29	00:43:30.436	0.84331	0.84430			6
2024.07.29	00:43:33.508	0.84327	0.84435			6
2024.07.29	00:43:40.866		0.84434			4
2024.07.29	00:43:45.667	0.84323	0.84440			6
2024.07.29	00:43:46.242	0.84321	0.84442			6
2024.07.29	00:43:46.863	0.84322	0.84441			6
2024.07.29	00:43:48.063	0.84323	0.84440			6
2024.07.29	00:43:48.538	0.84326	0.84437			6
2024.07.29	00:43:50.130	0.84334	0.84439			6
2024.07.29	00:43:50.731	0.84345	0.84429			6
2024.07.29	00:43:55.967		0.84423			4
2024.07.29	00:43:56.293	0.84344				2
2024.07.29	00:43:57.924		0.84432			4
2024.07.29	00:44:00.456	0.84345	0.84431			6
2024.07.29	00:44:05.164	0.84344	0.84432			6
2024.07.29	00:44:07.864	0.84345				2
2024.07.29	00:44:09.754		0.84431			4
2024.07.29	00:44:13.567	0.84346	0.84430			6
2024.07.29	00:44:30.704	0.84343				2
2024.07.29	00:44:39.025	0.84344				2
2024.07.29	00:44:40.864	0.84343				2
2024.07.29	00:44:42.982	0.84342	0.84431			6
2024.07.29	00:44:43.685	0.84344	0.84429			6
2024.07.29	00:44:44.692	0.84342	0.84431			6
2024.07.29	00:44:45.695	0.84343	0.84429			6
2024.07.29	00:44:46.702	0.84342	0.84431			6
2024.07.29	00:44:47.695	0.84343	0.84430			6
2024.07.29	00:44:48.436	0.84342	0.84431			6
2024.07.29	00:44:49.133	0.84343	0.84429			6
2024.07.29	00:44:49.700	0.84344	0.84428			6
2024.07.29	00:44:50.701	0.84342	0.84430			6
2024.07.29	00:44:51.448	0.84343	0.84429			6
2024.07.29	00:44:52.703	0.84341	0.84431			6
2024.07.29	00:44:53.702	0.84343	0.84429			6
2024.07.29	00:44:54.701	0.84342	0.84430			6
2024.07.29	00:44:55.703	0.84344	0.84428			6
2024.07.29	00:44:56.709	0.84341	0.84430			6
2024.07.29	00:44:57.407	0.84342	0.84428			6
2024.07.29	00:44:57.722		0.84427			4
2024.07.29	00:44:58.269	0.84343	0.84426			6
2024.07.29	00:44:58.710	0.84342	0.84427			6
2024.07.29	00:44:59.723	0.84343	0.84426			6
2024.07.29	00:45:00.491	0.84342	0.84427			6
2024.07.29	00:45:01.455	0.84334	0.84402			6
2024.07.29	00:45:02.023	0.84335	0.84403			6
2024.07.29	00:45:02.617	0.84343	0.84426			6
2024.07.29	00:45:03.721	0.84344	0.84425			6
2024.07.29	00:45:06.292	0.84356	0.84413			6
2024.07.29	00:45:06.723	0.84355	0.84414			6
2024.07.29	00:45:07.178	0.84356	0.84412			6
2024.07.29	00:45:07.770	0.84355	0.84414			6
2024.07.29	00:45:08.772	0.84356	0.84413			6
2024.07.29	00:45:09.773	0.84355				2
2024.07.29	00:45:10.776	0.84356				2
2024.07.29	00:45:11.776	0.84355	0.84414			6
2024.07.29	00:45:12.778	0.84357	0.84412			6
2024.07.29	00:45:13.781	0.84355	0.84413			6
2024.07.29	00:45:15.365		0.84414			4
2024.07.29	00:45:21.531	0.84356	0.84416			6
2024.07.29	00:45:21.833	0.84355	0.84418			6
2024.07.29	00:45:28.793	0.84357	0.84416			6
2024.07.29	00:45:30.705	0.84356	0.84417			6
2024.07.29	00:45:31.866	0.84355	0.84418			6
2024.07.29	00:45:33.243	0.84326	0.84433			6
2024.07.29	00:45:33.673	0.84323				2
2024.07.29	00:45:33.987	0.84324				2
2024.07.29	00:45:34.510	0.84322				2
2024.07.29	00:45:35.747	0.84321				2
2024.07.29	00:45:36.612	0.84331	0.84429			6
2024.07.29	00:45:36.921	0.84332				2
2024.07.29	00:45:37.992	0.84336	0.84426			6
2024.07.29	00:45:38.525	0.84343	0.84417			6
2024.07.29	00:45:39.027	0.84338	0.84422			6
2024.07.29	00:45:40.027	0.84337	0.84423			6
2024.07.29	00:45:40.476	0.84338	0.84422			6
2024.07.29	00:45:41.025	0.84341	0.84418			6
2024.07.29	00:45:41.343	0.84335	0.84426			6
2024.07.29	00:45:41.749	0.84329	0.84433			6
2024.07.29	00:45:42.063	0.84334	0.84432			6
2024.07.29	00:45:42.760	0.84340	0.84429			6
2024.07.29	00:45:43.262	0.84343	0.84426			6
2024.07.29	00:45:44.595	0.84347	0.84422			6
2024.07.29	00:45:45.966		0.84418			4
2024.07.29	00:45:48.202	0.84348				2
2024.07.29	00:45:50.137	0.84347	0.84425			6
2024.07.29	00:45:50.447	0.84348	0.84424			6
2024.07.29	00:45:51.253	0.84347	0.84419			6
2024.07.29	00:45:52.817	0.84350	0.84414			6
2024.07.29	00:45:58.265		0.84413			4
2024.07.29	00:45:58.582	0.84345	0.84418			6
2024.07.29	00:45:59.303	0.84351	0.84413			6
2024.07.29	00:45:59.855	0.84350	0.84414			6
2024.07.29	00:46:00.282	0.84348	0.84415			6
2024.07.29	00:46:00.596		0.84419			4
2024.07.29	00:46:01.109	0.84350	0.84417			6
2024.07.29	00:46:01.570	0.84347	0.84419			6
2024.07.29	00:46:04.730	0.84349	0.84415			6
2024.07.29	00:46:06.761	0.84343	0.84423			6
2024.07.29	00:46:07.063		0.84424			4
2024.07.29	00:46:08.602	0.84344	0.84419			6
2024.07.29	00:46:08.904	0.84348	0.84414			6
2024.07.29	00:46:09.298	0.84347	0.84415			6
2024.07.29	00:46:09.814	0.84348	0.84414			6
2024.07.29	00:46:10.273	0.84350				2
2024.07.29	00:46:11.046	0.84351	0.84412			6
2024.07.29	00:46:12.165	0.84346	0.84417			6
2024.07.29	00:46:12.599	0.84345	0.84429			6
2024.07.29	00:46:13.864	0.84344	0.84414			6
2024.07.29	00:46:14.470		0.84430			4
2024.07.29	00:46:16.572		0.84429			4
2024.07.29	00:46:18.806	0.84343	0.84419			6
2024.07.29	00:46:19.310	0.84345	0.84423			6
2024.07.29	00:46:20.379	0.84344	0.84416			6
2024.07.29	00:46:20.687	0.84343	0.84417			6
2024.07.29	00:46:21.063	0.84344	0.84430			6
2024.07.29	00:46:23.767		0.84428			4
2024.07.29	00:46:27.500		0.84427			4
2024.07.29	00:46:27.965		0.84425			4
2024.07.29	00:46:29.004	0.84345	0.84412			6
2024.07.29	00:46:29.625		0.84421			4
2024.07.29	00:46:30.910	0.84343	0.84415			6
2024.07.29	00:46:31.264		0.84423			4
2024.07.29	00:46:32.412		0.84414			4
2024.07.29	00:46:33.771	0.84344	0.84411			6
2024.07.29	00:46:34.084	0.84345				2
2024.07.29	00:46:34.404	0.84346	0.84410			6
2024.07.29	00:46:35.329		0.84411			4
2024.07.29	00:46:36.603	0.84344	0.84429			6
2024.07.29	00:46:37.188		0.84424			4
2024.07.29	00:46:38.847		0.84411			4
2024.07.29	00:46:39.364		0.84415			4
2024.07.29	00:46:39.886		0.84423			4
2024.07.29	00:46:40.265		0.84430			4
2024.07.29	00:46:42.393	0.84345	0.84420			6
2024.07.29	00:46:43.264		0.84412			4
2024.07.29	00:46:44.030		0.84420			4
2024.07.29	00:46:47.340	0.84344	0.84413			6
2024.07.29	00:46:48.065		0.84421			4
2024.07.29	00:46:49.442	0.84346	0.84411			6
2024.07.29	00:46:50.170		0.84412			4
2024.07.29	00:46:50.768		0.84413			4
2024.07.29	00:46:52.217		0.84410			4
2024.07.29	00:46:54.064		0.84411			4
2024.07.29	00:46:54.964		0.84420			4
2024.07.29	00:46:59.632		0.84407			4
2024.07.29	00:47:00.420	0.84346	0.84416			6
2024.07.29	00:47:01.445	0.84341	0.84386			6
2024.07.29	00:47:02.609	0.84346	0.84418			6
2024.07.29	00:47:05.464		0.84409			4
2024.07.29	00:47:09.641	0.84347	0.84406			6
2024.07.29	00:47:09.967	0.84346	0.84421			6
2024.07.29	00:47:18.064		0.84420			4
2024.07.29	00:47:19.849		0.84417			4
2024.07.29	00:47:20.163		0.84414			4
2024.07.29	00:47:20.479		0.84420			4
2024.07.29	00:47:21.713		0.84417			4
2024.07.29	00:47:27.365	0.84345	0.84419			6
2024.07.29	00:47:29.164		0.84416			4
2024.07.29	00:47:30.073		0.84417			4
2024.07.29	00:47:30.434	0.84348	0.84416			6
2024.07.29	00:47:31.267	0.84345	0.84418			6
2024.07.29	00:47:40.269		0.84417			4
2024.07.29	00:47:40.604	0.84346				2
2024.07.29	00:47:41.603	0.84345	0.84418			6
2024.07.29	00:47:42.065		0.84416			4
2024.07.29	00:47:42.667		0.84417			4
2024.07.29	00:47:45.249	0.84346				2
2024.07.29	00:47:45.710		0.84418			4
2024.07.29	00:47:50.280		0.84415			4
2024.07.29	00:47:50.618	0.84349	0.84411			6
2024.07.29	00:47:51.066	0.84350	0.84415			6
2024.07.29	00:47:51.616	0.84348	0.84418			6
2024.07.29	00:47:51.966		0.84415			4
2024.07.29	00:47:52.687	0.84346	0.84425			6
2024.07.29	00:47:53.700		0.84424			4
2024.07.29	00:47:54.063		0.84417			4
2024.07.29	00:47:54.367		0.84416			4
2024.07.29	00:47:55.625	0.84350	0.84411			6
2024.07.29	00:47:56.178		0.84412			4
2024.07.29	00:47:56.632	0.84349	0.84413			6
2024.07.29	00:47:59.733		0.84415			4
2024.07.29	00:48:00.370	0.84349	0.84414			6
2024.07.29	00:48:00.795	0.84348	0.84415			6
2024.07.29	00:48:03.979		0.84416			4
2024.07.29	00:48:08.465		0.84417			4
2024.07.29	00:48:11.031		0.84413			4
2024.07.29	00:48:13.269		0.84411			4
2024.07.29	00:48:21.067		0.84412			4
2024.07.29	00:48:21.808	0.84346	0.84415			6
2024.07.29	00:48:24.660		0.84414			4
2024.07.29	00:48:27.065		0.84413			4
2024.07.29	00:48:30.965		0.84411			4
2024.07.29	00:48:31.280		0.84409			4
2024.07.29	00:48:31.867		0.84414			4
2024.07.29	00:48:32.785		0.84412			4
2024.07.29	00:48:36.088		0.84404			4
2024.07.29	00:48:42.532		0.84405			4
2024.07.29	00:48:46.817	0.84351	0.84403			6
2024.07.29	00:48:52.566		0.84402			4
2024.07.29	00:49:00.568	0.84351				2
2024.07.29	00:49:00.966		0.84399			4
2024.07.29	00:49:11.773	0.84350				2
2024.07.29	00:49:12.097	0.84351				2
2024.07.29	00:49:23.466	0.84350				2
2024.07.29	00:50:00.550	0.84350				2
2024.07.29	00:50:07.012		0.84399			4
2024.07.29	00:50:25.612	0.84347	0.84396			6
2024.07.29	00:50:30.065		0.84395			4
2024.07.29	00:50:30.857	0.84352	0.84402			6
2024.07.29	00:50:31.189	0.84353	0.84401			6
2024.07.29	00:50:36.218	0.84346	0.84410			6
2024.07.29	00:50:52.992	0.84344	0.84407			6
2024.07.29	00:50:53.492	0.84345	0.84409			6
2024.07.29	00:50:54.711	0.84346	0.84410			6
2024.07.29	00:50:55.231	0.84344	0.84408			6
2024.07.29	00:50:56.465	0.84343	0.84409			6
2024.07.29	00:50:59.806	0.84345	0.84410			6
2024.07.29	00:51:01.095	0.84344	0.84407			6
2024.07.29	00:51:01.418	0.84345	0.84410			6
2024.07.29	00:51:01.756	0.84344	0.84408			6
2024.07.29	00:51:15.507	0.84343	0.84391			6
2024.07.29	00:51:41.464		0.84390			4
2024.07.29	00:51:42.595	0.84344				2
2024.07.29	00:52:01.279	0.84344				2
2024.07.29	00:52:51.282		0.84390			4
2024.07.29	00:52:57.573		0.84389			4
2024.07.29	00:53:03.285	0.84344				2
2024.07.29	00:53:06.058	0.84345				2
2024.07.29	00:53:22.016	0.84343	0.84391			6
2024.07.29	00:53:23.013	0.84345	0.84389			6
2024.07.29	00:53:27.532	0.84357	0.84401			6
2024.07.29	00:53:28.145	0.84359	0.84402			6
2024.07.29	00:53:29.597	0.84357	0.84406			6
2024.07.29	00:53:29.995	0.84360	0.84404			6
2024.07.29	00:53:31.574	0.84361	0.84405			6
2024.07.29	00:53:32.030	0.84360	0.84404			6
2024.07.29	00:53:32.466		0.84405			4
2024.07.29	00:53:33.362	0.84361				2
2024.07.29	00:53:33.705	0.84360	0.84406			6
2024.07.29	00:53:34.706	0.84359				2
2024.07.29	00:53:35.611	0.84361	0.84404			6
2024.07.29	00:53:36.043		0.84405			4
2024.07.29	00:53:36.579	0.84359	0.84404			6
2024.07.29	00:53:37.813		0.84403			4
2024.07.29	00:53:39.843	0.84357	0.84404			6
2024.07.29	00:53:40.416	0.84362	0.84406			6
2024.07.29	00:53:40.915		0.84407			4
2024.07.29	00:53:42.887		0.84406			4
2024.07.29	00:53:43.443	0.84360	0.84408			6
2024.07.29	00:53:43.870		0.84406			4
2024.07.29	00:53:45.821	0.84362				2
2024.07.29	00:53:46.567	0.84363	0.84407			6
2024.07.29	00:53:46.872	0.84362	0.84406			6
2024.07.29	00:53:49.600	0.84361	0.84405			6
2024.07.29	00:53:50.656	0.84358	0.84410			6
2024.07.29	00:53:52.852		0.84404			4
2024.07.29	00:53:53.167		0.84409			4
2024.07.29	00:53:55.849	0.84360	0.84410			6
2024.07.29	00:53:56.174		0.84409			4
2024.07.29	00:53:59.851	0.84354	0.84402			6
2024.07.29	00:54:00.163	0.84354	0.84403			6
2024.07.29	00:54:01.651		0.84402			4
2024.07.29	00:54:02.162	0.84355	0.84403			6
2024.07.29	00:54:03.340	0.84351	0.84399			6
2024.07.29	00:54:08.946	0.84356	0.84404			6
2024.07.29	00:54:10.557		0.84403			4
2024.07.29	00:54:11.503	0.84355	0.84405			6
2024.07.29	00:54:16.050	0.84356	0.84403			6
2024.07.29	00:54:19.869		0.84402			4
2024.07.29	00:54:21.113	0.84354	0.84401			6
2024.07.29	00:54:22.186	0.84353	0.84399			6
2024.07.29	00:54:23.121	0.84355	0.84402			6
2024.07.29	00:54:24.670		0.84401			4
2024.07.29	00:54:29.077		0.84400			4
2024.07.29	00:54:29.648	0.84354	0.84399			6
2024.07.29	00:54:30.722	0.84355	0.84401			6
2024.07.29	00:54:32.024	0.84354	0.84405			6
2024.07.29	00:54:32.329	0.84357	0.84402			6
2024.07.29	00:54:33.517	0.84356	0.84401			6
2024.07.29	00:54:33.963		0.84404			4
2024.07.29	00:54:36.369		0.84401			4
2024.07.29	00:54:36.707	0.84355	0.84400			6
2024.07.29	00:54:40.573	0.84356	0.84418			6
2024.07.29	00:54:41.721	0.84355				2
2024.07.29	00:54:43.313		0.84412			4
2024.07.29	00:54:53.223	0.84358				2
2024.07.29	00:54:54.226	0.84351				2
2024.07.29	00:54:54.826	0.84350				2
2024.07.29	00:54:55.225	0.84353				2
2024.07.29	00:54:56.229	0.84352				2
2024.07.29	00:54:56.536	0.84351	0.84410			6
2024.07.29	00:54:56.997	0.84347	0.84390			6
2024.07.29	00:55:00.489	0.84339	0.84386			6
2024.07.29	00:55:00.828	0.84338				2
2024.07.29	00:55:02.166	0.84344	0.84387			6
2024.07.29	00:55:07.264	0.84345				2
2024.07.29	00:55:16.198	0.84341	0.84385			6
2024.07.29	00:55:17.671	0.84340	0.84386			6
2024.07.29	00:55:20.829	0.84335	0.84390			6
2024.07.29	00:55:21.978	0.84338	0.84387			6
2024.07.29	00:55:26.211	0.84339	0.84386			6
2024.07.29	00:55:27.361	0.84334	0.84391			6
2024.07.29	00:55:27.983	0.84333	0.84392			6
2024.07.29	00:55:30.412	0.84332	0.84394			6
2024.07.29	00:55:30.767		0.84393			4
2024.07.29	00:55:31.114	0.84333	0.84392			6
2024.07.29	00:55:31.459	0.84335	0.84390			6
2024.07.29	00:55:31.984	0.84336	0.84389			6
2024.07.29	00:55:35.165	0.84328	0.84393			6
2024.07.29	00:55:36.160	0.84329				2
2024.07.29	00:55:37.201		0.84392			4
2024.07.29	00:55:37.542		0.84393			4
2024.07.29	00:55:39.479	0.84330				2
2024.07.29	00:55:39.782	0.84329				2
2024.07.29	00:55:40.593	0.84330	0.84392			6
2024.07.29	00:55:40.903	0.84335	0.84389			6
2024.07.29	00:55:41.458	0.84329				2
2024.07.29	00:55:42.307	0.84330	0.84388			6
2024.07.29	00:55:44.561	0.84329	0.84390			6
2024.07.29	00:55:47.764	0.84328				2
2024.07.29	00:55:49.959		0.84385			4
2024.07.29	00:55:50.538		0.84384			4
2024.07.29	00:55:50.956	0.84329				2
2024.07.29	00:55:52.001	0.84334				2
2024.07.29	00:56:00.451	0.84334				2
2024.07.29	00:56:05.771		0.84385			4
2024.07.29	00:56:08.230	0.84333				2
2024.07.29	00:56:09.265	0.84332	0.84386			6
2024.07.29	00:56:10.319	0.84343	0.84383			6
2024.07.29	00:56:10.623	0.84333				2
2024.07.29	00:56:11.089	0.84327				2
2024.07.29	00:56:17.247	0.84347	0.84381			6
2024.07.29	00:56:18.422	0.84328	0.84380			6
2024.07.29	00:56:24.065	0.84329				2
2024.07.29	00:56:24.855	0.84328				2
2024.07.29	00:56:36.767	0.84329	0.84379			6
2024.07.29	00:56:40.936	0.84347				2
2024.07.29	00:56:46.565		0.84380			4
2024.07.29	00:56:49.057	0.84329	0.84379			6
2024.07.29	00:57:01.347	0.84329				2
2024.07.29	00:57:06.187	0.84326				2
2024.07.29	00:57:06.658	0.84325				2
2024.07.29	00:57:16.816		0.84373			4
2024.07.29	00:57:17.186	0.84328				2
2024.07.29	00:57:17.934		0.84372			4
2024.07.29	00:57:18.246		0.84373			4
2024.07.29	00:57:18.561	0.84327	0.84372			6
2024.07.29	00:57:18.884	0.84328				2
2024.07.29	00:57:20.498	0.84332				2
2024.07.29	00:57:20.995		0.84373			4
2024.07.29	00:57:21.629		0.84372			4
2024.07.29	00:57:23.781	0.84340	0.84377			6
2024.07.29	00:57:27.907	0.84347	0.84399			6
2024.07.29	00:57:28.264	0.84343				2
2024.07.29	00:57:38.565		0.84393			4
2024.07.29	00:57:46.841	0.84344				2
2024.07.29	00:57:47.737	0.84345	0.84392			6
2024.07.29	00:57:48.813	0.84344	0.84393			6
2024.07.29	00:57:50.027		0.84404			4
2024.07.29	00:57:50.466		0.84405			4
2024.07.29	00:57:52.286		0.84401			4
2024.07.29	00:57:55.082		0.84400			4
2024.07.29	00:57:56.866	0.84345				2
2024.07.29	00:57:59.202	0.84344	0.84405			6
2024.07.29	00:57:59.816		0.84406			4
2024.07.29	00:58:00.569	0.84345				2
2024.07.29	00:58:01.107	0.84351	0.84387			6
2024.07.29	00:58:02.291	0.84355	0.84391			6
2024.07.29	00:58:03.175	0.84354	0.84390			6
2024.07.29	00:58:17.221	0.84347	0.84385			6
2024.07.29	00:58:17.595	0.84340	0.84384			6
2024.07.29	00:58:18.507		0.84383			4
2024.07.29	00:58:19.084	0.84339	0.84384			6
2024.07.29	00:58:26.648	0.84347	0.84387			6
2024.07.29	00:58:26.949	0.84342	0.84386			6
2024.07.29	00:58:27.264	0.84334	0.84382			6
2024.07.29	00:58:27.579	0.84341	0.84381			6
2024.07.29	00:58:27.949	0.84335				2
2024.07.29	00:58:28.773	0.84334				2
2024.07.29	00:58:31.404	0.84336	0.84380			6
2024.07.29	00:58:36.067	0.84335	0.84381			6
2024.07.29	00:58:40.674	0.84338	0.84378			6
2024.07.29	00:58:48.912	0.84343	0.84397			6
2024.07.29	00:58:49.263		0.84395			4
2024.07.29	00:58:50.750		0.84397			4
2024.07.29	00:58:51.064		0.84401			4
2024.07.29	00:58:51.512		0.84394			4
2024.07.29	00:58:52.587		0.84402			4
2024.07.29	00:58:53.402	0.84342	0.84399			6
2024.07.29	00:59:01.006	0.84342				2
2024.07.29	00:59:01.835	0.84343	0.84404			6
2024.07.29	00:59:11.231		0.84399			4
2024.07.29	00:59:27.275	0.84342				2
2024.07.29	00:59:32.057	0.84344				2
2024.07.29	00:59:34.517		0.84415			4
2024.07.29	00:59:34.865		0.84413			4
2024.07.29	00:59:40.265		0.84412			4
2024.07.29	00:59:41.277	0.84343	0.84405			6
2024.07.29	00:59:42.272	0.84344				2
2024.07.29	00:59:45.339	0.84343	0.84399			6
2024.07.29	00:59:47.351	0.84342				2
2024.07.29	00:59:50.465	0.84360	0.84409			6
2024.07.29	00:59:50.780	0.84358	0.84417			6
2024.07.29	00:59:51.417	0.84360	0.84409			6
2024.07.29	00:59:51.965		0.84408			4
2024.07.29	00:59:52.329	0.84361	0.84407			6
2024.07.29	00:59:52.639		0.84411			4
2024.07.29	00:59:53.410		0.84416			4
2024.07.29	00:59:54.300	0.84364	0.84408			6
2024.07.29	00:59:54.601	0.84363				2
2024.07.29	00:59:54.901		0.84414			4
2024.07.29	00:59:55.565		0.84408			4
2024.07.29	00:59:59.606	0.84364	0.84407			6
2024.07.29	01:00:00.310	0.84332	0.84462			6
2024.07.29	01:00:00.645	0.84333	0.84428			6
2024.07.29	01:00:00.964	0.84335	0.84463			6
2024.07.29	01:00:01.276	0.84338	0.84405			6
2024.07.29	01:00:01.608	0.84347	0.84391			6
2024.07.29	01:00:01.915	0.84346	0.84390			6
2024.07.29	01:00:02.412	0.84345	0.84389			6
2024.07.29	01:00:02.778	0.84355	0.84404			6
2024.07.29	01:00:03.107		0.84436			4
2024.07.29	01:00:03.424		0.84404			4
2024.07.29	01:00:04.123	0.84354				2
2024.07.29	01:00:04.433	0.84353				2
2024.07.29	01:00:04.794	0.84352				2
2024.07.29	01:00:05.160	0.84351				2
2024.07.29	01:00:05.463	0.84348				2
2024.07.29	01:00:05.765	0.84347				2
2024.07.29	01:00:06.128	0.84349				2
2024.07.29	01:00:06.430	0.84350				2
2024.07.29	01:00:07.157		0.84417			4
2024.07.29	01:00:07.466		0.84404			4
2024.07.29	01:00:08.084	0.84353				2
2024.07.29	01:00:08.471	0.84355				2
2024.07.29	01:00:08.783	0.84354				2
2024.07.29	01:00:09.152		0.84417			4
2024.07.29	01:00:09.494	0.84356	0.84404			6
2024.07.29	01:00:10.221		0.84402			4
2024.07.29	01:00:10.522	0.84357	0.84440			6
2024.07.29	01:00:10.822		0.84410			4
2024.07.29	01:00:11.164		0.84407			4
2024.07.29	01:00:11.492		0.84431			4
2024.07.29	01:00:12.103	0.84358	0.84399			6
2024.07.29	01:00:12.853	0.84356				2
2024.07.29	01:00:13.209	0.84358	0.84414			6
2024.07.29	01:00:13.526		0.84404			4
2024.07.29	01:00:13.841	0.84359	0.84409			6
2024.07.29	01:00:14.188	0.84370	0.84388			6
2024.07.29	01:00:14.505		0.84389			4
2024.07.29	01:00:14.827		0.84390			4
2024.07.29	01:00:15.999		0.84385			4
2024.07.29	01:00:16.303	0.84367				2
2024.07.29	01:00:16.672		0.84384			4
2024.07.29	01:00:17.907		0.84383			4
2024.07.29	01:00:18.908	0.84365	0.84381			6
2024.07.29	01:00:19.372	0.84367	0.84388			6
2024.07.29	01:00:23.776		0.84387			4
2024.07.29	01:00:24.349		0.84386			4
2024.07.29	01:00:24.776	0.84368	0.84383			6
2024.07.29	01:00:25.152		0.84382			4
2024.07.29	01:00:25.513	0.84367	0.84380			6
2024.07.29	01:00:26.285		0.84379			4
2024.07.29	01:00:28.415		0.84382			4
2024.07.29	01:00:34.264		0.84383			4
2024.07.29	01:00:34.972	0.84363	0.84378			6
2024.07.29	01:00:35.311		0.84379			4
2024.07.29	01:00:35.744		0.84380			4
2024.07.29	01:00:36.051		0.84378			4
2024.07.29	01:00:37.689		0.84379			4
2024.07.29	01:00:39.190		0.84377			4
2024.07.29	01:00:41.764		0.84378			4
2024.07.29	01:00:42.988		0.84377			4
2024.07.29	01:00:44.566		0.84375			4
2024.07.29	01:00:45.030	0.84367	0.84380			6
2024.07.29	01:00:45.682		0.84382			4
2024.07.29	01:00:49.841	0.84363	0.84376			6
2024.07.29	01:00:55.133		0.84378			4
2024.07.29	01:00:55.545	0.84365	0.84381			6
2024.07.29	01:00:57.472	0.84367	0.84382			6
2024.07.29	01:00:59.732		0.84381			4
2024.07.29	01:01:00.069	0.84367				2
2024.07.29	01:01:01.436		0.84382			4
2024.07.29	01:01:04.183	0.84368	0.84381			6
2024.07.29	01:01:04.592		0.84383			4
2024.07.29	01:01:04.951		0.84382			4
2024.07.29	01:01:05.299		0.84383			4
2024.07.29	01:01:05.892		0.84382			4
2024.07.29	01:01:08.588		0.84383			4
2024.07.29	01:01:09.711		0.84382			4
2024.07.29	01:01:10.565		0.84383			4
2024.07.29	01:01:10.890		0.84382			4
2024.07.29	01:01:11.767		0.84383			4
2024.07.29	01:01:12.542	0.84365	0.84382			6
2024.07.29	01:01:13.263		0.84384			4
2024.07.29	01:01:16.217		0.84382			4
2024.07.29	01:01:16.548		0.84384			4
2024.07.29	01:01:16.864	0.84363	0.84381			6
2024.07.29	01:01:18.046	0.84365	0.84384			6
2024.07.29	01:01:18.481	0.84363	0.84381			6
2024.07.29	01:01:19.864		0.84382			4
2024.07.29	01:01:22.866		0.84381			4
2024.07.29	01:01:27.665	0.84361	0.84375			6
2024.07.29	01:01:27.966		0.84376			4
2024.07.29	01:01:31.027		0.84375			4
2024.07.29	01:01:32.207	0.84363	0.84377			6
2024.07.29	01:01:34.147		0.84378			4
2024.07.29	01:01:35.805	0.84365	0.84381			6
2024.07.29	01:01:36.108	0.84363	0.84376			6
2024.07.29	01:01:37.573		0.84377			4
2024.07.29	01:01:38.322	0.84365	0.84381			6
2024.07.29	01:01:39.968		0.84380			4
2024.07.29	01:01:42.665		0.84381			4
2024.07.29	01:01:46.264		0.84380			4
2024.07.29	01:02:00.458	0.84365				2
2024.07.29	01:02:01.693	0.84362	0.84376			6
2024.07.29	01:02:02.346		0.84375			4
2024.07.29	01:02:04.310	0.84364	0.84379			6
2024.07.29	01:02:07.846	0.84363	0.84376			6
2024.07.29	01:02:09.364	0.84365	0.84377			6
2024.07.29	01:02:09.669		0.84379			4
2024.07.29	01:02:10.438		0.84380			4
2024.07.29	01:02:16.737		0.84379			4
2024.07.29	01:02:18.194		0.84380			4
2024.07.29	01:02:23.773	0.84363	0.84377			6
2024.07.29	01:02:28.281	0.84366	0.84380			6
2024.07.29	01:02:28.586		0.84381			4
2024.07.29	01:02:29.012		0.84380			4
2024.07.29	01:02:34.952		0.84381			4
2024.07.29	01:02:35.283	0.84368	0.84383			6
2024.07.29	01:02:35.797		0.84382			4
2024.07.29	01:02:38.095		0.84381			4
2024.07.29	01:03:00.419	0.84368				2
2024.07.29	01:03:01.104		0.84382			4
2024.07.29	01:03:05.979	0.84366	0.84379			6
2024.07.29	01:03:12.065	0.84368	0.84380			6
2024.07.29	01:03:14.769		0.84379			4
2024.07.29	01:03:21.769		0.84380			4
2024.07.29	01:03:24.789	0.84366	0.84378			6
2024.07.29	01:03:26.774		0.84379			4
2024.07.29	01:03:27.895		0.84378			4
2024.07.29	01:03:30.869	0.84370	0.84384			6
2024.07.29	01:03:36.665		0.84383			4
2024.07.29	01:03:38.346		0.84382			4
2024.07.29	01:03:38.681	0.84367	0.84377			6
2024.07.29	01:03:39.388		0.84376			4
2024.07.29	01:03:39.752		0.84377			4
2024.07.29	01:03:40.355	0.84368	0.84380			6
2024.07.29	01:03:40.666	0.84370	0.84384			6
2024.07.29	01:03:41.003		0.84383			4
2024.07.29	01:03:41.353		0.84382			4
2024.07.29	01:03:42.069		0.84383			4
2024.07.29	01:03:45.763		0.84381			4
2024.07.29	01:03:46.120		0.84383			4
2024.07.29	01:03:49.563		0.84384			4
2024.07.29	01:03:50.351		0.84383			4
2024.07.29	01:03:52.254		0.84382			4
2024.07.29	01:03:53.806		0.84381			4
2024.07.29	01:04:00.065	0.84370	0.84382			6
2024.07.29	01:04:04.341		0.84381			4
2024.07.29	01:04:05.047		0.84382			4
2024.07.29	01:04:05.977		0.84381			4
2024.07.29	01:04:09.817		0.84384			4
2024.07.29	01:04:11.751		0.84383			4
2024.07.29	01:04:16.566	0.84371	0.84382			6
2024.07.29	01:04:16.900	0.84370	0.84383			6
2024.07.29	01:04:30.817		0.84381			4
2024.07.29	01:04:32.346		0.84384			4
2024.07.29	01:04:32.913		0.84383			4
2024.07.29	01:04:37.010		0.84382			4
2024.07.29	01:04:38.684		0.84381			4
2024.07.29	01:04:39.881	0.84369	0.84382			6
2024.07.29	01:04:43.865		0.84383			4
2024.07.29	01:04:52.864		0.84382			4
2024.07.29	01:04:53.225	0.84375				2
2024.07.29	01:04:53.953	0.84376	0.84383			6
2024.07.29	01:04:57.375	0.84381	0.84388			6
2024.07.29	01:04:57.733		0.84387			4
2024.07.29	01:04:58.033		0.84388			4
2024.07.29	01:04:58.775		0.84390			4
2024.07.29	01:04:59.225	0.84379	0.84389			6
2024.07.29	01:05:00.593	0.84379	0.84388			6
2024.07.29	01:05:01.204	0.84380	0.84389			6
2024.07.29	01:05:08.167		0.84388			4
2024.07.29	01:05:09.711	0.84379				2
2024.07.29	01:05:15.446	0.84378	0.84387			6
2024.07.29	01:05:18.371	0.84377				2
2024.07.29	01:05:18.693	0.84378				2
2024.07.29	01:05:23.678	0.84377	0.84386			6
2024.07.29	01:05:25.534		0.84387			4
2024.07.29	01:05:29.924	0.84378				2
2024.07.29	01:05:30.676	0.84377	0.84386			6
2024.07.29	01:05:32.392		0.84387			4
2024.07.29	01:05:33.072		0.84386			4
2024.07.29	01:05:34.198	0.84378				2
2024.07.29	01:05:39.065		0.84387			4
2024.07.29	01:05:40.355		0.84385			4
2024.07.29	01:05:44.390		0.84384			4
2024.07.29	01:05:45.707		0.84385			4
2024.07.29	01:05:50.164		0.84388			4
2024.07.29	01:05:51.281	0.84379	0.84387			6
2024.07.29	01:05:53.382	0.84378	0.84385			6
2024.07.29	01:05:55.775		0.84384			4
2024.07.29	01:06:01.565	0.84378				2
2024.07.29	01:06:01.888		0.84383			4
2024.07.29	01:06:05.985		0.84384			4
2024.07.29	01:06:06.672	0.84377	0.84382			6
2024.07.29	01:06:07.865		0.84383			4
2024.07.29	01:06:14.503		0.84382			4
2024.07.29	01:06:15.041		0.84383			4
2024.07.29	01:06:26.052	0.84379	0.84385			6
2024.07.29	01:06:26.373		0.84384			4
2024.07.29	01:06:33.905	0.84377	0.84385			6
2024.07.29	01:06:34.222		0.84382			4
2024.07.29	01:06:35.388		0.84381			4
2024.07.29	01:06:36.995		0.84382			4
2024.07.29	01:06:38.465		0.84381			4
2024.07.29	01:06:40.214		0.84382			4
2024.07.29	01:06:42.663	0.84374	0.84381			6
2024.07.29	01:06:43.140		0.84382			4
2024.07.29	01:06:43.764		0.84381			4
2024.07.29	01:06:51.609	0.84375	0.84382			6
2024.07.29	01:06:53.757	0.84376	0.84381			6
2024.07.29	01:06:54.142	0.84377	0.84382			6
2024.07.29	01:06:55.865		0.84383			4
2024.07.29	01:07:00.640	0.84377	0.84382			6
2024.07.29	01:07:12.064		0.84383			4
2024.07.29	01:07:17.720		0.84382			4
2024.07.29	01:07:25.016	0.84378				2
2024.07.29	01:07:27.365		0.84381			4
2024.07.29	01:07:27.969		0.84382			4
2024.07.29	01:07:38.370	0.84377				2
2024.07.29	01:07:39.383	0.84374	0.84381			6
2024.07.29	01:07:48.681	0.84373				2
2024.07.29	01:08:03.072	0.84373				2
2024.07.29	01:08:10.759		0.84380			4
2024.07.29	01:08:12.373		0.84381			4
2024.07.29	01:08:24.629	0.84374				2
2024.07.29	01:08:25.864		0.84380			4
2024.07.29	01:08:30.847		0.84378			4
2024.07.29	01:08:36.987		0.84377			4
2024.07.29	01:08:39.749	0.84373	0.84376			6
2024.07.29	01:08:43.662	0.84374	0.84377			6
2024.07.29	01:08:58.929		0.84379			4
2024.07.29	01:08:59.462	0.84375				2
2024.07.29	01:09:00.665	0.84375				2
2024.07.29	01:09:15.365	0.84374	0.84380			6
2024.07.29	01:09:18.969		0.84381			4
2024.07.29	01:09:20.576		0.84380			4
2024.07.29	01:09:30.887		0.84379			4
2024.07.29	01:09:41.683		0.84380			4
2024.07.29	01:09:45.374	0.84377	0.84381			6
2024.07.29	01:09:45.782		0.84382			4
2024.07.29	01:09:47.467		0.84381			4
2024.07.29	01:09:48.419		0.84380			4
2024.07.29	01:09:55.162		0.84381			4
2024.07.29	01:10:00.441	0.84377	0.84378			6
2024.07.29	01:10:00.777		0.84379			4
2024.07.29	01:10:04.259		0.84380			4
2024.07.29	01:10:06.580	0.84375	0.84379			6
2024.07.29	01:10:06.946		0.84378			4
2024.07.29	01:10:11.879		0.84379			4
2024.07.29	01:10:12.401		0.84378			4
2024.07.29	01:10:14.259		0.84379			4
2024.07.29	01:10:15.392		0.84377			4
2024.07.29	01:10:15.765		0.84378			4
2024.07.29	01:10:17.235		0.84377			4
2024.07.29	01:10:17.896	0.84376	0.84379			6
2024.07.29	01:10:19.564		0.84378			4
2024.07.29	01:10:21.107		0.84379			4
2024.07.29	01:10:22.983		0.84378			4
2024.07.29	01:10:36.599		0.84379			4
2024.07.29	01:10:37.403		0.84378			4
2024.07.29	01:10:38.537		0.84379			4
2024.07.29	01:10:46.190		0.84378			4
2024.07.29	01:10:59.831	0.84375	0.84379			6
2024.07.29	01:11:00.185	0.84375				2
2024.07.29	01:11:04.831		0.84377			4
2024.07.29	01:11:38.370	0.84374				2
2024.07.29	01:11:43.146	0.84375				2
2024.07.29	01:11:52.416	0.84374				2
2024.07.29	01:11:52.983		0.84376			4
2024.07.29	01:11:53.374		0.84377			4
2024.07.29	01:11:54.346		0.84376			4
2024.07.29	01:11:55.219		0.84377			4
2024.07.29	01:11:56.072	0.84371	0.84373			6
2024.07.29	01:12:02.486	0.84371				2
2024.07.29	01:12:02.901		0.84374			4
2024.07.29	01:12:03.293	0.84372	0.84373			6
2024.07.29	01:12:05.321		0.84374			4
2024.07.29	01:12:41.667	0.84373				2
2024.07.29	01:12:42.883	0.84372				2
2024.07.29	01:12:45.422	0.84373				2
2024.07.29	01:12:53.205	0.84372				2
2024.07.29	01:13:00.447	0.84372				2
2024.07.29	01:13:00.861	0.84371	0.84373			6
2024.07.29	01:13:01.178	0.84372	0.84374			6
2024.07.29	01:13:09.432	0.84376	0.84377			6
2024.07.29	01:13:09.736	0.84375	0.84376			6
2024.07.29	01:13:13.456	0.84374				2
2024.07.29	01:13:14.152	0.84375				2
2024.07.29	01:13:14.975	0.84374				2
2024.07.29	01:13:20.649	0.84375				2
2024.07.29	01:13:21.338	0.84376	0.84377			6
2024.07.29	01:13:22.389		0.84378			4
2024.07.29	01:13:24.353		0.84377			4
2024.07.29	01:13:26.160		0.84378			4
2024.07.29	01:13:27.459	0.84375	0.84376			6
2024.07.29	01:13:27.777	0.84377	0.84379			6
2024.07.29	01:13:28.148		0.84378			4
2024.07.29	01:13:28.463	0.84376				2
2024.07.29	01:13:28.811	0.84377				2
2024.07.29	01:13:30.717		0.84379			4
2024.07.29	01:13:41.374		0.84378			4
2024.07.29	01:13:42.349		0.84379			4
2024.07.29	01:13:43.106	0.84378				2
2024.07.29	01:13:43.917	0.84377				2
2024.07.29	01:13:47.656	0.84376	0.84378			6
2024.07.29	01:13:48.970	0.84375	0.84377			6
2024.07.29	01:13:49.352	0.84376	0.84378			6
2024.07.29	01:13:52.271	0.84377	0.84379			6
2024.07.29	01:13:59.521	0.84376				2
2024.07.29	01:13:59.823		0.84378			4
2024.07.29	01:14:00.198	0.84376	0.84379			6
2024.07.29	01:14:00.505	0.84377				2
2024.07.29	01:14:00.821	0.84378				2
2024.07.29	01:14:02.797		0.84380			4
2024.07.29	01:14:03.496		0.84379			4
2024.07.29	01:14:04.542		0.84380			4
2024.07.29	01:14:11.401	0.84377	0.84379			6
2024.07.29	01:14:11.793	0.84378				2
2024.07.29	01:14:15.992	0.84376	0.84378			6
2024.07.29	01:14:35.594	0.84377	0.84379			6
2024.07.29	01:14:36.513	0.84378				2
2024.07.29	01:14:37.443	0.84377				2
2024.07.29	01:14:43.981		0.84378			4
2024.07.29	01:14:44.388		0.84379			4
2024.07.29	01:14:48.365	0.84376	0.84378			6
2024.07.29	01:14:49.464		0.84379			4
2024.07.29	01:14:52.048	0.84377				2
2024.07.29	01:14:55.376	0.84376	0.84378			6
2024.07.29	01:14:56.718		0.84379			4
2024.07.29	01:14:57.474		0.84378			4
2024.07.29	01:14:57.950		0.84379			4
2024.07.29	01:15:00.376	0.84377				2
2024.07.29	01:15:02.523	0.84376	0.84378			6
2024.07.29	01:15:07.304	0.84375				2
2024.07.29	01:15:09.581	0.84376				2
2024.07.29	01:15:09.924	0.84375				2
2024.07.29	01:15:10.244	0.84376				2
2024.07.29	01:15:16.955	0.84375	0.84377			6
2024.07.29	01:15:17.797		0.84378			4
2024.07.29	01:15:19.565		0.84377			4
2024.07.29	01:15:21.840	0.84376	0.84378			6
2024.07.29	01:15:31.457	0.84375				2
2024.07.29	01:15:31.905	0.84376				2
2024.07.29	01:15:34.783	0.84379	0.84380			6
2024.07.29	01:15:35.396	0.84377	0.84379			6
2024.07.29	01:15:36.855	0.84378				2
2024.07.29	01:15:42.037	0.84377				2
2024.07.29	01:15:57.492	0.84380	0.84381			6
2024.07.29	01:15:57.935	0.84379	0.84380			6
2024.07.29	01:15:59.022		0.84381			4
2024.07.29	01:16:00.458	0.84380	0.84383			6
2024.07.29	01:16:00.764	0.84381	0.84384			6
2024.07.29	01:16:01.391	0.84382	0.84385			6
2024.07.29	01:16:03.107	0.84383	0.84386			6
2024.07.29	01:16:03.896	0.84384				2
2024.07.29	01:16:04.264		0.84387			4
2024.07.29	01:16:04.699	0.84379	0.84382			6
2024.07.29	01:16:21.870	0.84380	0.84383			6
2024.07.29	01:16:33.785	0.84379	0.84382			6
2024.07.29	01:16:35.649	0.84380	0.84383			6
2024.07.29	01:17:00.297	0.84380				2
2024.07.29	01:17:07.267	0.84379	0.84382			6
2024.07.29	01:17:16.034	0.84380	0.84385			6
2024.07.29	01:17:16.351		0.84384			4
2024.07.29	01:17:19.866	0.84381				2
2024.07.29	01:17:20.884	0.84380	0.84382			6
2024.07.29	01:17:21.215	0.84378				2
2024.07.29	01:17:22.930		0.84381			4
2024.07.29	01:17:23.249		0.84382			4
2024.07.29	01:17:28.346		0.84381			4
2024.07.29	01:17:28.815		0.84382			4
2024.07.29	01:17:36.979		0.84381			4
2024.07.29	01:17:38.347		0.84382			4
2024.07.29	01:17:49.127	0.84379				2
2024.07.29	01:17:50.972	0.84378				2
2024.07.29	01:17:51.675	0.84379				2
2024.07.29	01:17:52.057	0.84378				2
2024.07.29	01:17:52.407	0.84379				2
2024.07.29	01:17:53.342	0.84378				2
2024.07.29	01:17:57.631	0.84379	0.84383			6
2024.07.29	01:17:57.938	0.84378	0.84382			6
2024.07.29	01:17:58.810	0.84379	0.84383			6
2024.07.29	01:17:59.802		0.84382			4
2024.07.29	01:18:00.115	0.84378				2
2024.07.29	01:18:03.037	0.84377				2
2024.07.29	01:18:03.345	0.84378				2
2024.07.29	01:18:05.164	0.84379				2
2024.07.29	01:18:07.425	0.84377				2
2024.07.29	01:18:12.075	0.84378				2
2024.07.29	01:18:15.477		0.84381			4
2024.07.29	01:18:23.439	0.84379	0.84382			6
2024.07.29	01:18:29.157		0.84381			4
2024.07.29	01:18:31.279	0.84378				2
2024.07.29	01:18:46.123	0.84379	0.84382			6
2024.07.29	01:18:47.500	0.84378	0.84381			6
2024.07.29	01:18:49.765	0.84379	0.84382			6
2024.07.29	01:18:51.238	0.84378	0.84381			6
2024.07.29	01:18:53.985	0.84379	0.84382			6
2024.07.29	01:18:57.320	0.84377	0.84379			6
2024.07.29	01:18:57.625		0.84380			4
2024.07.29	01:19:00.412	0.84377				2
2024.07.29	01:19:01.689	0.84376	0.84379			6
2024.07.29	01:19:05.090	0.84377	0.84380			6
2024.07.29	01:19:05.513	0.84376	0.84379			6
2024.07.29	01:19:05.969	0.84377	0.84380			6
2024.07.29	01:19:14.953	0.84375	0.84378			6
2024.07.29	01:19:16.088	0.84376				2
2024.07.29	01:19:18.278	0.84375				2
2024.07.29	01:19:19.222	0.84376				2
2024.07.29	01:19:19.525	0.84375				2
2024.07.29	01:19:22.137	0.84376				2
2024.07.29	01:19:28.567		0.84377			4
2024.07.29	01:19:28.996		0.84378			4
2024.07.29	01:19:31.102		0.84377			4
2024.07.29	01:19:44.516		0.84378			4
2024.07.29	01:19:48.497	0.84375				2
2024.07.29	01:19:48.937		0.84377			4
2024.07.29	01:19:50.190		0.84378			4
2024.07.29	01:19:51.375		0.84377			4
2024.07.29	01:19:55.897		0.84378			4
2024.07.29	01:19:56.423		0.84377			4
2024.07.29	01:19:57.433	0.84376	0.84378			6
2024.07.29	01:20:00.415	0.84376	0.84377			6
2024.07.29	01:20:02.761		0.84378			4
2024.07.29	01:20:09.298	0.84377	0.84379			6
2024.07.29	01:20:10.022		0.84378			4
2024.07.29	01:20:11.136		0.84379			4
2024.07.29	01:20:14.932	0.84378				2
2024.07.29	01:20:15.555	0.84377				2
2024.07.29	01:20:20.423	0.84378				2
2024.07.29	01:20:21.111		0.84380			4
2024.07.29	01:20:21.423		0.84379			4
2024.07.29	01:20:30.472	0.84377				2
2024.07.29	01:20:31.737		0.84378			4
2024.07.29	01:20:34.889		0.84379			4
2024.07.29	01:20:35.367		0.84378			4
2024.07.29	01:20:36.233		0.84379			4
2024.07.29	01:21:00.538	0.84377				2
2024.07.29	01:21:06.317	0.84378				2
2024.07.29	01:21:11.148		0.84380			4
2024.07.29	01:21:11.664		0.84379			4
2024.07.29	01:21:12.173		0.84380			4
2024.07.29	01:21:16.379		0.84379			4
2024.07.29	01:21:19.371		0.84380			4
2024.07.29	01:21:25.587	0.84377	0.84379			6
2024.07.29	01:21:34.067		0.84380			4
2024.07.29	01:21:34.387		0.84379			4
2024.07.29	01:21:35.430		0.84380			4
2024.07.29	01:21:41.634		0.84379			4
2024.07.29	01:21:46.275		0.84380			4
2024.07.29	01:21:47.083	0.84378	0.84379			6
2024.07.29	01:21:47.983	0.84377				2
2024.07.29	01:22:00.437	0.84377				2
2024.07.29	01:22:07.515	0.84376	0.84378			6
2024.07.29	01:22:08.220	0.84375				2
2024.07.29	01:22:12.983	0.84376				2
2024.07.29	01:22:13.332	0.84375				2
2024.07.29	01:22:31.221	0.84376				2
2024.07.29	01:23:00.898	0.84376				2
2024.07.29	01:23:07.796		0.84378			4
2024.07.29	01:23:15.953		0.84377			4
2024.07.29	01:23:18.698		0.84378			4
2024.07.29	01:23:23.970		0.84377			4
2024.07.29	01:24:00.364	0.84376				2
2024.07.29	01:24:00.679		0.84378			4
2024.07.29	01:24:09.281		0.84377			4
2024.07.29	01:24:09.667		0.84378			4
2024.07.29	01:24:20.749		0.84377			4
2024.07.29	01:24:27.027		0.84378			4
2024.07.29	01:24:28.889		0.84377			4
2024.07.29	01:24:30.773		0.84378			4
2024.07.29	01:24:31.914		0.84377			4
2024.07.29	01:24:34.963		0.84378			4
2024.07.29	01:24:41.025		0.84377			4
2024.07.29	01:25:00.067	0.84376				2
2024.07.29	01:25:06.970	0.84375	0.84376			6
2024.07.29	01:25:07.326		0.84377			4
2024.07.29	01:25:15.640	0.84376				2
2024.07.29	01:25:23.226		0.84378			4
2024.07.29	01:25:27.444		0.84377			4
2024.07.29	01:25:32.127	0.84375				2
2024.07.29	01:25:32.469	0.84373	0.84376			6
2024.07.29	01:25:58.056	0.84374	0.84377			6
2024.07.29	01:26:00.402	0.84374				2
2024.07.29	01:26:02.326	0.84373	0.84376			6
2024.07.29	01:26:02.672	0.84374	0.84377			6
2024.07.29	01:26:03.488	0.84373	0.84376			6
2024.07.29	01:26:04.254	0.84374	0.84377			6
2024.07.29	01:26:06.295	0.84373	0.84376			6
2024.07.29	01:26:08.623	0.84374	0.84377			6
2024.07.29	01:26:09.288	0.84373	0.84376			6
2024.07.29	01:26:12.073	0.84374	0.84377			6
2024.07.29	01:26:12.447	0.84373	0.84376			6
2024.07.29	01:26:34.069	0.84374	0.84377			6
2024.07.29	01:26:34.403	0.84373	0.84376			6
2024.07.29	01:26:36.785	0.84374	0.84377			6
2024.07.29	01:26:40.486		0.84376			4
2024.07.29	01:26:40.798		0.84377			4
2024.07.29	01:26:47.695		0.84376			4
2024.07.29	01:26:48.382		0.84377			4
2024.07.29	01:26:53.331		0.84376			4
2024.07.29	01:26:54.366		0.84377			4
2024.07.29	01:26:58.186	0.84373	0.84376			6
2024.07.29	01:27:00.292	0.84373				2
2024.07.29	01:27:20.311	0.84374	0.84377			6
2024.07.29	01:27:20.889	0.84373	0.84376			6
2024.07.29	01:27:21.496	0.84374	0.84377			6
2024.07.29	01:27:23.334	0.84373	0.84376			6
2024.07.29	01:27:23.694	0.84374	0.84377			6
2024.07.29	01:28:00.907	0.84374				2
2024.07.29	01:28:18.144		0.84376			4
2024.07.29	01:28:18.466		0.84377			4
2024.07.29	01:28:18.938		0.84376			4
2024.07.29	01:28:20.072		0.84377			4
2024.07.29	01:28:32.945		0.84376			4
2024.07.29	01:28:33.722		0.84377			4
2024.07.29	01:28:34.089		0.84376			4
2024.07.29	01:28:34.542		0.84377			4
2024.07.29	01:28:35.176		0.84376			4
2024.07.29	01:28:35.484		0.84377			4
2024.07.29	01:28:36.234		0.84376			4
2024.07.29	01:28:36.727		0.84377			4
2024.07.29	01:28:45.465		0.84376			4
2024.07.29	01:28:46.296		0.84377			4
2024.07.29	01:28:47.199	0.84373	0.84376			6
2024.07.29	01:28:48.585	0.84372	0.84375			6
2024.07.29	01:28:48.889	0.84373	0.84376			6
2024.07.29	01:28:59.649		0.84375			4
2024.07.29	01:29:00.259	0.84373				2
2024.07.29	01:29:30.382	0.84374				2
2024.07.29	01:29:48.737	0.84373	0.84374			6
2024.07.29	01:29:49.053	0.84374	0.84375			6
2024.07.29	01:30:00.310	0.84374				2
2024.07.29	01:30:00.715	0.84373	0.84374			6
2024.07.29	01:30:01.493	0.84371				2
2024.07.29	01:30:02.726	0.84373				2
2024.07.29	01:30:04.154		0.84375			4
2024.07.29	01:30:04.466	0.84372	0.84373			6
2024.07.29	01:30:05.988	0.84373	0.84374			6
2024.07.29	01:30:06.313	0.84372	0.84373			6
2024.07.29	01:30:22.547	0.84373	0.84374			6
2024.07.29	01:30:24.351	0.84374	0.84375			6
2024.07.29	01:30:26.088	0.84373	0.84374			6
2024.07.29	01:30:43.790	0.84375	0.84376			6
2024.07.29	01:30:44.104	0.84374	0.84375			6
2024.07.29	01:30:51.140	0.84373				2
2024.07.29	01:30:51.663	0.84374				2
2024.07.29	01:31:00.448	0.84374				2
2024.07.29	01:31:17.570	0.84372	0.84374			6
2024.07.29	01:31:19.353		0.84373			4
2024.07.29	01:31:22.592		0.84374			4
2024.07.29	01:31:37.682	0.84373	0.84375			6
2024.07.29	01:31:40.592		0.84374			4
2024.07.29	01:31:42.299	0.84372				2
2024.07.29	01:31:50.668	0.84373				2
2024.07.29	01:32:00.365	0.84372	0.84373			6
2024.07.29	01:32:02.106	0.84370	0.84372			6
2024.07.29	01:32:33.376		0.84373			4
2024.07.29	01:32:35.680		0.84372			4
2024.07.29	01:32:51.714		0.84371			4
2024.07.29	01:32:52.024	0.84369	0.84372			6
2024.07.29	01:33:00.384	0.84369				2
2024.07.29	01:33:11.215	0.84370				2
2024.07.29	01:33:12.408		0.84371			4
2024.07.29	01:33:12.713		0.84372			4
2024.07.29	01:33:43.670		0.84373			4
2024.07.29	01:33:46.121		0.84372			4
2024.07.29	01:34:00.504	0.84370				2
2024.07.29	01:34:46.543		0.84372			4
2024.07.29	01:34:49.290		0.84373			4
2024.07.29	01:34:57.314		0.84372			4
2024.07.29	01:35:00.568	0.84370				2
2024.07.29	01:35:00.996		0.84373			4
2024.07.29	01:35:05.367	0.84369	0.84372			6
2024.07.29	01:35:08.954		0.84371			4
2024.07.29	01:35:09.740		0.84372			4
2024.07.29	01:35:10.044	0.84371	0.84373			6
2024.07.29	01:35:13.105		0.84372			4
2024.07.29	01:35:14.726		0.84373			4
2024.07.29	01:35:15.221		0.84372			4
2024.07.29	01:35:15.616		0.84373			4
2024.07.29	01:35:37.388	0.84369	0.84372			6
2024.07.29	01:35:38.388	0.84370				2
2024.07.29	01:35:42.836	0.84369	0.84371			6
2024.07.29	01:35:46.243	0.84368				2
2024.07.29	01:35:50.472	0.84370	0.84372			6
2024.07.29	01:35:51.108		0.84373			4
2024.07.29	01:35:55.612		0.84372			4
2024.07.29	01:35:59.415	0.84371	0.84373			6
2024.07.29	01:36:00.310	0.84371				2
2024.07.29	01:36:00.660	0.84372				2
2024.07.29	01:36:05.668	0.84371				2
2024.07.29	01:36:14.996		0.84372			4
2024.07.29	01:36:17.223	0.84369				2
2024.07.29	01:36:17.526	0.84370				2
2024.07.29	01:36:36.938		0.84373			4
2024.07.29	01:36:37.611		0.84372			4
2024.07.29	01:36:39.858	0.84369				2
2024.07.29	01:36:40.185	0.84370				2
2024.07.29	01:36:55.424	0.84371				2
2024.07.29	01:36:58.475	0.84370				2
2024.07.29	01:37:01.373	0.84370				2
2024.07.29	01:37:16.548		0.84373			4
2024.07.29	01:37:16.867		0.84372			4
2024.07.29	01:37:41.770		0.84373			4
2024.07.29	01:37:42.155		0.84372			4
2024.07.29	01:37:43.892		0.84373			4
2024.07.29	01:37:45.533	0.84371				2
2024.07.29	01:37:53.309	0.84372				2
2024.07.29	01:37:53.694	0.84371	0.84372			6
2024.07.29	01:37:57.303		0.84373			4
2024.07.29	01:38:01.397	0.84371				2
2024.07.29	01:38:04.356		0.84372			4
2024.07.29	01:38:05.629		0.84373			4
2024.07.29	01:38:06.392	0.84372				2
2024.07.29	01:38:07.463	0.84371				2
2024.07.29	01:38:29.959		0.84374			4
2024.07.29	01:38:31.799	0.84370	0.84372			6
2024.07.29	01:38:39.924		0.84373			4
2024.07.29	01:38:56.686	0.84371				2
2024.07.29	01:39:00.891	0.84371				2
2024.07.29	01:39:19.827	0.84370				2
2024.07.29	01:39:22.763		0.84374			4
2024.07.29	01:39:24.141	0.84369				2
2024.07.29	01:39:24.529	0.84367	0.84371			6
2024.07.29	01:39:29.231		0.84372			4
2024.07.29	01:39:56.836	0.84370				2
2024.07.29	01:40:00.295	0.84370	0.84371			6
2024.07.29	01:40:02.156		0.84372			4
2024.07.29	01:40:02.464		0.84371			4
2024.07.29	01:40:04.156		0.84372			4
2024.07.29	01:40:05.899		0.84373			4
2024.07.29	01:40:07.396		0.84371			4
2024.07.29	01:40:07.988		0.84373			4
2024.07.29	01:40:08.299		0.84371			4
2024.07.29	01:40:09.380		0.84373			4
2024.07.29	01:40:11.038	0.84369	0.84374			6
2024.07.29	01:40:11.393	0.84368	0.84373			6
2024.07.29	01:40:11.732		0.84372			4
2024.07.29	01:40:34.903	0.84367				2
2024.07.29	01:40:35.228	0.84368				2
2024.07.29	01:40:44.353		0.84373			4
2024.07.29	01:40:47.925		0.84372			4
2024.07.29	01:40:52.716	0.84369				2
2024.07.29	01:40:53.493	0.84370				2
2024.07.29	01:40:56.559	0.84367	0.84371			6
2024.07.29	01:41:00.175	0.84368	0.84369			6
2024.07.29	01:41:09.192	0.84369	0.84370			6
2024.07.29	01:41:24.554	0.84367	0.84369			6
2024.07.29	01:41:27.294	0.84368	0.84370			6
2024.07.29	01:41:31.371		0.84369			4
2024.07.29	01:41:36.701	0.84369	0.84371			6
2024.07.29	01:41:47.089		0.84370			4
2024.07.29	01:42:00.053	0.84369				2
2024.07.29	01:42:04.663	0.84370	0.84372			6
2024.07.29	01:42:14.231	0.84371				2
2024.07.29	01:42:16.653	0.84370	0.84371			6
2024.07.29	01:43:00.240	0.84370				2
2024.07.29	01:43:09.481	0.84369				2
2024.07.29	01:43:10.389		0.84370			4
2024.07.29	01:43:21.876	0.84370	0.84371			6
2024.07.29	01:43:47.601	0.84371	0.84372			6
2024.07.29	01:43:51.277	0.84370	0.84371			6
2024.07.29	01:44:00.138	0.84370				2
2024.07.29	01:44:03.487	0.84369	0.84370			6
2024.07.29	01:44:06.774	0.84370	0.84371			6
2024.07.29	01:44:07.185	0.84369	0.84370			6
2024.07.29	01:44:10.441	0.84370	0.84371			6
2024.07.29	01:44:24.067	0.84369	0.84370			6
2024.07.29	01:44:34.166	0.84370	0.84371			6
2024.07.29	01:44:45.188	0.84369	0.84370			6
2024.07.29	01:44:45.492	0.84370	0.84371			6
2024.07.29	01:45:01.236	0.84370				2
2024.07.29	01:45:11.591	0.84371	0.84372			6
2024.07.29	01:45:11.930	0.84370	0.84371			6
2024.07.29	01:45:19.339	0.84369	0.84370			6
2024.07.29	01:45:19.642	0.84368	0.84369			6
2024.07.29	01:45:19.949	0.84370	0.84371			6
2024.07.29	01:45:20.354	0.84369	0.84370			6
2024.07.29	01:45:24.950	0.84370	0.84371			6
2024.07.29	01:45:30.945	0.84371	0.84372			6
2024.07.29	01:45:39.154	0.84370	0.84371			6
2024.07.29	01:45:50.371	0.84369	0.84370			6
2024.07.29	01:45:52.585	0.84371	0.84372			6
2024.07.29	01:45:52.983	0.84370	0.84371			6
2024.07.29	01:46:00.293	0.84370				2
2024.07.29	01:46:23.800	0.84369	0.84370			6
2024.07.29	01:46:26.422	0.84370	0.84371			6
2024.07.29	01:46:28.000	0.84369	0.84370			6
2024.07.29	01:46:32.763	0.84371	0.84372			6
2024.07.29	01:46:33.082	0.84370	0.84371			6
2024.07.29	01:46:34.508	0.84371	0.84372			6
2024.07.29	01:46:35.464	0.84370	0.84371			6
2024.07.29	01:46:35.771		0.84372			4
2024.07.29	01:46:42.675		0.84371			4
2024.07.29	01:46:43.965	0.84369				2
2024.07.29	01:46:45.062	0.84370				2
2024.07.29	01:46:53.042		0.84372			4
2024.07.29	01:46:53.844		0.84371			4
2024.07.29	01:46:54.896		0.84372			4
2024.07.29	01:46:56.090		0.84371			4
2024.07.29	01:46:58.336		0.84372			4
2024.07.29	01:47:00.156	0.84370	0.84371			6
2024.07.29	01:47:06.544	0.84371	0.84372			6
2024.07.29	01:47:13.305	0.84370	0.84371			6
2024.07.29	01:47:16.339		0.84372			4
2024.07.29	01:47:17.331		0.84371			4
2024.07.29	01:47:35.106	0.84369	0.84370			6
2024.07.29	01:48:00.688	0.84369				2
2024.07.29	01:48:03.190		0.84371			4
2024.07.29	01:48:04.569		0.84370			4
2024.07.29	01:48:06.292	0.84370	0.84372			6
2024.07.29	01:48:07.502		0.84371			4
2024.07.29	01:48:08.301		0.84372			4
2024.07.29	01:48:09.535		0.84371			4
2024.07.29	01:48:09.952		0.84372			4
2024.07.29	01:48:11.565		0.84371			4
2024.07.29	01:48:13.920		0.84372			4
2024.07.29	01:48:14.610		0.84371			4
2024.07.29	01:48:15.771		0.84372			4
2024.07.29	01:48:16.640		0.84371			4
2024.07.29	01:48:18.738		0.84372			4
2024.07.29	01:48:19.521		0.84371			4
2024.07.29	01:48:27.614		0.84372			4
2024.07.29	01:48:28.937		0.84371			4
2024.07.29	01:48:30.536		0.84372			4
2024.07.29	01:48:31.645		0.84371			4
2024.07.29	01:48:32.179	0.84372	0.84373			6
2024.07.29	01:48:32.664	0.84371	0.84372			6
2024.07.29	01:48:43.845	0.84372	0.84373			6
2024.07.29	01:48:44.621	0.84371	0.84372			6
2024.07.29	01:48:50.717	0.84372	0.84373			6
2024.07.29	01:49:00.065	0.84372				2
2024.07.29	01:49:17.481	0.84371	0.84372			6
2024.07.29	01:49:18.805	0.84372	0.84373			6
2024.07.29	01:49:31.865	0.84371				2
2024.07.29	01:49:32.704	0.84372				2
2024.07.29	01:49:43.710	0.84371				2
2024.07.29	01:49:50.573		0.84372			4
2024.07.29	01:49:50.939		0.84373			4
2024.07.29	01:49:53.957	0.84372				2
2024.07.29	01:49:55.016	0.84371	0.84372			6
2024.07.29	01:49:55.374	0.84370	0.84373			6
2024.07.29	01:49:55.787	0.84371				2
2024.07.29	01:49:59.246		0.84372			4
2024.07.29	01:50:00.746	0.84371				2
2024.07.29	01:50:18.026		0.84373			4
2024.07.29	01:50:21.215	0.84370	0.84371			6
2024.07.29	01:51:00.482	0.84370				2
2024.07.29	01:51:02.208	0.84371	0.84372			6
2024.07.29	01:51:04.567	0.84370	0.84371			6
2024.07.29	01:51:06.904	0.84371	0.84372			6
2024.07.29	01:51:09.937	0.84372	0.84373			6
2024.07.29	01:51:10.240	0.84371	0.84372			6
2024.07.29	01:51:17.110	0.84369	0.84370			6
2024.07.29	01:51:23.736	0.84370	0.84371			6
2024.07.29	01:51:51.758	0.84369	0.84370			6
2024.07.29	01:52:00.376	0.84369				2
2024.07.29	01:52:00.682	0.84371	0.84372			6
2024.07.29	01:52:00.982	0.84372	0.84373			6
2024.07.29	01:52:09.159	0.84371	0.84372			6
2024.07.29	01:52:12.938	0.84372	0.84373			6
2024.07.29	01:52:13.902	0.84371	0.84372			6
2024.07.29	01:52:18.365	0.84370	0.84371			6
2024.07.29	01:52:20.672	0.84371	0.84372			6
2024.07.29	01:52:23.086	0.84372	0.84373			6
2024.07.29	01:52:23.990	0.84371	0.84372			6
2024.07.29	01:52:28.131	0.84373	0.84374			6
2024.07.29	01:52:28.922	0.84374	0.84375			6
2024.07.29	01:52:29.336	0.84375	0.84376			6
2024.07.29	01:52:29.647	0.84374	0.84375			6
2024.07.29	01:52:34.639	0.84375	0.84376			6
2024.07.29	01:52:55.406	0.84374	0.84375			6
2024.07.29	01:53:00.891	0.84374				2
2024.07.29	01:53:04.758	0.84375	0.84376			6
2024.07.29	01:53:05.147	0.84374	0.84375			6
2024.07.29	01:53:07.049	0.84375	0.84376			6
2024.07.29	01:53:25.090	0.84374	0.84375			6
2024.07.29	01:53:27.796	0.84373	0.84374			6
2024.07.29	01:53:30.090	0.84374	0.84375			6
2024.07.29	01:53:43.921	0.84375	0.84376			6
2024.07.29	01:53:48.454	0.84374	0.84375			6
2024.07.29	01:54:00.402	0.84374				2
2024.07.29	01:54:02.343	0.84373	0.84374			6
2024.07.29	01:54:10.379	0.84372	0.84373			6
2024.07.29	01:54:11.951	0.84370	0.84371			6
2024.07.29	01:54:13.788	0.84369	0.84370			6
2024.07.29	01:54:14.878	0.84370	0.84371			6
2024.07.29	01:54:17.286	0.84369	0.84370			6
2024.07.29	01:54:32.763	0.84370	0.84371			6
2024.07.29	01:54:33.893	0.84369	0.84370			6
2024.07.29	01:54:34.909	0.84370	0.84371			6
2024.07.29	01:54:46.405	0.84367	0.84368			6
2024.07.29	01:54:49.010	0.84366	0.84367			6
2024.07.29	01:54:49.796	0.84365	0.84366			6
2024.07.29	01:54:50.137	0.84366	0.84367			6
2024.07.29	01:55:00.118	0.84366				2
2024.07.29	01:55:02.970	0.84367	0.84368			6
2024.07.29	01:55:13.600	0.84368	0.84369			6
2024.07.29	01:55:25.300	0.84367	0.84368			6
2024.07.29	01:55:27.305	0.84368	0.84369			6
2024.07.29	01:55:48.487	0.84369	0.84370			6
2024.07.29	01:55:49.125	0.84368	0.84369			6
2024.07.29	01:56:01.152	0.84368				2
2024.07.29	01:56:20.053	0.84367	0.84368			6
2024.07.29	01:56:20.550	0.84369	0.84370			6
2024.07.29	01:56:20.898	0.84368	0.84369			6
2024.07.29	01:56:21.947	0.84367	0.84368			6
2024.07.29	01:56:22.867	0.84368	0.84369			6
2024.07.29	01:56:25.828	0.84367	0.84368			6
2024.07.29	01:56:26.133		0.84369			4
2024.07.29	01:56:27.794		0.84368			4
2024.07.29	01:56:32.037		0.84369			4
2024.07.29	01:56:37.836		0.84368			4
2024.07.29	01:56:39.187		0.84369			4
2024.07.29	01:56:51.491	0.84368				2
2024.07.29	01:56:53.073	0.84367	0.84368			6
2024.07.29	01:56:55.671		0.84369			4
2024.07.29	01:56:58.867	0.84368				2
2024.07.29	01:56:59.554	0.84367	0.84368			6
2024.07.29	01:57:00.380	0.84367				2
2024.07.29	01:57:01.478		0.84370			4
2024.07.29	01:57:04.951	0.84366	0.84367			6
2024.07.29	01:57:05.427	0.84365	0.84366			6
2024.07.29	01:57:07.541	0.84364	0.84365			6
2024.07.29	01:57:08.208	0.84363	0.84364			6
2024.07.29	01:57:13.289	0.84364	0.84365			6
2024.07.29	01:57:14.221	0.84367	0.84368			6
2024.07.29	01:57:21.131	0.84366	0.84367			6
2024.07.29	01:57:22.437	0.84367	0.84368			6
2024.07.29	01:57:23.041	0.84366	0.84367			6
2024.07.29	01:57:27.027	0.84367	0.84368			6
2024.07.29	01:57:29.266	0.84366	0.84367			6
2024.07.29	01:57:33.135	0.84365				2
2024.07.29	01:57:33.471	0.84366	0.84368			6
2024.07.29	01:57:34.940		0.84367			4
2024.07.29	01:57:42.330	0.84364	0.84365			6
2024.07.29	01:57:45.265	0.84366	0.84367			6
2024.07.29	01:58:00.323	0.84366				2
2024.07.29	01:58:29.234	0.84365	0.84366			6
2024.07.29	01:58:37.861	0.84366	0.84367			6
2024.07.29	01:58:46.381	0.84365	0.84366			6
2024.07.29	01:58:47.167	0.84366	0.84367			6
2024.07.29	01:58:50.680	0.84365	0.84366			6
2024.07.29	01:58:57.732	0.84363	0.84365			6
2024.07.29	01:58:58.468	0.84364				2
2024.07.29	01:58:58.899	0.84365	0.84366			6
2024.07.29	01:59:00.632	0.84365				2
2024.07.29	01:59:01.480	0.84364	0.84365			6
2024.07.29	01:59:09.417	0.84363	0.84364			6
2024.07.29	01:59:16.638	0.84364	0.84365			6
2024.07.29	01:59:24.137	0.84365	0.84366			6
2024.07.29	01:59:38.290	0.84366	0.84367			6
2024.07.29	02:00:00.205	0.84366				2
2024.07.29	02:00:00.837	0.84365	0.84366			6
2024.07.29	02:00:01.163	0.84363	0.84364			6
2024.07.29	02:00:06.496	0.84362	0.84363			6
2024.07.29	02:00:06.827	0.84363	0.84364			6
2024.07.29	02:00:07.468	0.84362	0.84363			6
2024.07.29	02:00:10.244	0.84363	0.84365			6
2024.07.29	02:00:11.076		0.84364			4
2024.07.29	02:00:21.551	0.84364	0.84365			6
2024.07.29	02:00:29.310	0.84365	0.84366			6
2024.07.29	02:00:32.264	0.84364	0.84365			6
2024.07.29	02:00:33.075	0.84365	0.84366			6
2024.07.29	02:00:53.009	0.84364	0.84365			6
2024.07.29	02:00:53.787	0.84365	0.84366			6
2024.07.29	02:00:54.527	0.84364	0.84365			6
2024.07.29	02:01:00.467	0.84364				2
2024.07.29	02:01:01.942	0.84365	0.84366			6
2024.07.29	02:01:11.102	0.84364	0.84365			6
2024.07.29	02:01:15.402	0.84366	0.84368			6
2024.07.29	02:01:15.704	0.84367				2
2024.07.29	02:01:17.140	0.84366	0.84367			6
2024.07.29	02:01:22.233	0.84367	0.84368			6
2024.07.29	02:01:25.542	0.84366	0.84367			6
2024.07.29	02:01:28.450	0.84365	0.84366			6
2024.07.29	02:01:36.126	0.84364	0.84365			6
2024.07.29	02:01:37.333		0.84366			4
2024.07.29	02:01:37.642	0.84365				2
2024.07.29	02:01:52.291	0.84364	0.84365			6
2024.07.29	02:02:00.406	0.84364				2
2024.07.29	02:02:03.589	0.84365	0.84366			6
2024.07.29	02:02:06.179	0.84364	0.84365			6
2024.07.29	02:02:06.977	0.84363	0.84364			6
2024.07.29	02:02:20.336	0.84364	0.84365			6
2024.07.29	02:02:20.681	0.84363	0.84364			6
2024.07.29	02:03:00.663	0.84363				2
2024.07.29	02:03:05.330	0.84361	0.84363			6
2024.07.29	02:03:06.703	0.84363	0.84364			6
2024.07.29	02:03:26.063	0.84362	0.84363			6
2024.07.29	02:03:26.612	0.84361	0.84362			6
2024.07.29	02:03:43.981	0.84360	0.84361			6
2024.07.29	02:03:44.310	0.84361	0.84362			6
2024.07.29	02:03:50.718	0.84360	0.84361			6
2024.07.29	02:04:00.627	0.84360				2
2024.07.29	02:04:09.312	0.84361	0.84362			6
2024.07.29	02:04:09.784	0.84359	0.84360			6
2024.07.29	02:04:10.987	0.84360	0.84361			6
2024.07.29	02:04:12.028	0.84359	0.84360			6
2024.07.29	02:04:20.549	0.84356	0.84361			6
2024.07.29	02:04:21.800	0.84359	0.84360			6
2024.07.29	02:04:23.107	0.84360	0.84361			6
2024.07.29	02:05:00.361	0.84360				2
2024.07.29	02:05:07.774	0.84359	0.84360			6
2024.07.29	02:05:29.789	0.84360	0.84361			6
2024.07.29	02:05:45.925	0.84359	0.84360			6
2024.07.29	02:05:46.635	0.84360	0.84361			6
2024.07.29	02:05:48.568	0.84359	0.84360			6
2024.07.29	02:05:48.917	0.84360	0.84361			6
2024.07.29	02:06:00.332	0.84360				2
2024.07.29	02:06:30.565	0.84359	0.84360			6
2024.07.29	02:06:30.882	0.84360	0.84361			6
2024.07.29	02:07:00.422	0.84360				2
2024.07.29	02:07:25.904	0.84361	0.84362			6
2024.07.29	02:07:34.755	0.84359	0.84360			6
2024.07.29	02:07:40.686	0.84360	0.84361			6
2024.07.29	02:07:41.000	0.84359	0.84360			6
2024.07.29	02:08:00.185	0.84359				2
2024.07.29	02:08:01.091	0.84358	0.84359			6
2024.07.29	02:08:49.994	0.84357	0.84358			6
2024.07.29	02:08:56.837	0.84358	0.84359			6
2024.07.29	02:09:01.066	0.84357	0.84358			6
2024.07.29	02:09:01.374	0.84358	0.84359			6
2024.07.29	02:09:06.963	0.84357	0.84358			6
2024.07.29	02:09:11.111	0.84358	0.84359			6
2024.07.29	02:09:12.348	0.84357	0.84358			6
2024.07.29	02:09:12.677	0.84358	0.84359			6
2024.07.29	02:09:17.812	0.84357	0.84358			6
2024.07.29	02:09:18.501	0.84358	0.84359			6
2024.07.29	02:09:27.946	0.84357	0.84358			6
2024.07.29	02:09:28.712	0.84358	0.84359			6
2024.07.29	02:09:29.447	0.84357	0.84358			6
2024.07.29	02:09:32.569	0.84358	0.84359			6
2024.07.29	02:09:53.705	0.84357	0.84358			6
2024.07.29	02:09:54.386	0.84358	0.84359			6
2024.07.29	02:09:57.232	0.84357	0.84358			6
2024.07.29	02:10:01.171	0.84357				2
2024.07.29	02:10:13.506	0.84352	0.84353			6
2024.07.29	02:10:13.826	0.84353	0.84354			6
2024.07.29	02:10:16.339	0.84352	0.84353			6
2024.07.29	02:10:24.423	0.84353	0.84354			6
2024.07.29	02:10:24.772	0.84352	0.84353			6
2024.07.29	02:10:25.361	0.84353	0.84354			6
2024.07.29	02:10:25.786	0.84352	0.84353			6
2024.07.29	02:10:28.491	0.84350	0.84351			6
2024.07.29	02:10:28.798	0.84349	0.84350			6
2024.07.29	02:10:31.396	0.84354	0.84355			6
2024.07.29	02:10:31.709	0.84353	0.84354			6
2024.07.29	02:10:32.041	0.84351	0.84352			6
2024.07.29	02:11:00.101	0.84351				2
2024.07.29	02:11:28.365	0.84350	0.84351			6
2024.07.29	02:11:55.343	0.84349	0.84350			6
2024.07.29	02:12:00.471	0.84349				2
2024.07.29	02:12:07.867	0.84350	0.84351			6
2024.07.29	02:12:23.785	0.84351	0.84352			6
2024.07.29	02:12:25.191	0.84352	0.84353			6
2024.07.29	02:12:51.101	0.84351	0.84352			6
2024.07.29	02:12:52.271	0.84352	0.84353			6
2024.07.29	02:13:00.429	0.84351	0.84352			6
2024.07.29	02:13:06.685	0.84352	0.84353			6
2024.07.29	02:13:11.745	0.84351	0.84352			6
2024.07.29	02:13:17.612	0.84352	0.84353			6
2024.07.29	02:13:27.808	0.84351	0.84352			6
2024.07.29	02:13:29.347	0.84352	0.84353			6
2024.07.29	02:13:37.898	0.84351	0.84352			6
2024.07.29	02:13:45.637	0.84350	0.84351			6
2024.07.29	02:13:45.975	0.84351	0.84352			6
2024.07.29	02:13:47.523	0.84350	0.84351			6
2024.07.29	02:13:48.002	0.84351	0.84352			6
2024.07.29	02:13:50.345	0.84350	0.84351			6
2024.07.29	02:14:00.062	0.84350				2
2024.07.29	02:14:01.841	0.84351	0.84352			6
2024.07.29	02:14:02.146	0.84350	0.84351			6
2024.07.29	02:14:02.470	0.84351	0.84352			6
2024.07.29	02:14:02.797	0.84350	0.84351			6
2024.07.29	02:14:04.522	0.84351	0.84352			6
2024.07.29	02:14:21.870	0.84350	0.84351			6
2024.07.29	02:14:23.371	0.84351	0.84352			6
2024.07.29	02:14:28.012	0.84350	0.84351			6
2024.07.29	02:14:36.164	0.84349	0.84350			6
2024.07.29	02:14:44.227	0.84350	0.84351			6
2024.07.29	02:14:47.329	0.84349	0.84350			6
2024.07.29	02:15:00.845	0.84349				2
2024.07.29	02:15:05.437	0.84350	0.84351			6
2024.07.29	02:15:06.456	0.84349	0.84350			6
2024.07.29	02:15:31.177	0.84350	0.84351			6
2024.07.29	02:15:33.635	0.84349	0.84350			6
2024.07.29	02:15:59.539	0.84350	0.84351			6
2024.07.29	02:15:59.842	0.84349	0.84350			6
2024.07.29	02:16:00.216	0.84349				2
2024.07.29	02:16:06.300	0.84347	0.84348			6
2024.07.29	02:16:08.960	0.84348	0.84349			6
2024.07.29	02:16:12.387	0.84347	0.84348			6
2024.07.29	02:16:14.199	0.84348	0.84349			6
2024.07.29	02:16:16.765	0.84349	0.84350			6
2024.07.29	02:16:19.336	0.84348	0.84349			6
2024.07.29	02:16:20.294	0.84349	0.84350			6
2024.07.29	02:16:49.829	0.84348	0.84349			6
2024.07.29	02:16:53.282	0.84349	0.84350			6
2024.07.29	02:16:57.966	0.84348	0.84349			6
2024.07.29	02:16:58.277	0.84349	0.84350			6
2024.07.29	02:17:00.626	0.84349				2
2024.07.29	02:17:04.982	0.84348	0.84349			6
2024.07.29	02:17:06.266	0.84349	0.84350			6
2024.07.29	02:17:11.031	0.84348	0.84349			6
2024.07.29	02:17:14.808	0.84349	0.84350			6
2024.07.29	02:17:23.763	0.84348	0.84349			6
2024.07.29	02:17:49.757	0.84347	0.84348			6
2024.07.29	02:18:00.015	0.84348	0.84349			6
2024.07.29	02:18:05.116	0.84347	0.84348			6
2024.07.29	02:18:14.459	0.84345	0.84346			6
2024.07.29	02:18:15.273	0.84344				2
2024.07.29	02:18:16.029		0.84345			4
2024.07.29	02:18:32.347	0.84345	0.84346			6
2024.07.29	02:19:00.388	0.84345				2
2024.07.29	02:19:32.741		0.84346			4
2024.07.29	02:20:01.090	0.84345				2
2024.07.29	02:20:32.742		0.84346			4
2024.07.29	02:20:40.711	0.84346	0.84347			6
2024.07.29	02:20:41.676	0.84345	0.84346			6
2024.07.29	02:21:00.382	0.84345				2
2024.07.29	02:21:03.639	0.84346	0.84347			6
2024.07.29	02:21:19.585	0.84345	0.84346			6
2024.07.29	02:21:19.887	0.84346	0.84347			6
2024.07.29	02:21:25.585	0.84345	0.84346			6
2024.07.29	02:21:33.469	0.84346	0.84347			6
2024.07.29	02:21:45.819	0.84345	0.84346			6
2024.07.29	02:21:46.252	0.84346	0.84347			6
2024.07.29	02:21:52.459	0.84345	0.84346			6
2024.07.29	02:22:00.380	0.84345				2
2024.07.29	02:22:08.374	0.84346	0.84347			6
2024.07.29	02:22:32.834	0.84345	0.84346			6
2024.07.29	02:22:54.416	0.84344	0.84345			6
2024.07.29	02:22:55.111	0.84345	0.84346			6
2024.07.29	02:22:58.332	0.84344	0.84345			6
2024.07.29	02:22:58.661	0.84343				2
2024.07.29	02:22:59.694	0.84344				2
2024.07.29	02:23:00.181	0.84343				2
2024.07.29	02:23:05.170	0.84344				2
2024.07.29	02:23:09.647	0.84343				2
2024.07.29	02:23:12.213	0.84344				2
2024.07.29	02:23:17.434	0.84343				2
2024.07.29	02:23:21.915	0.84344				2
2024.07.29	02:23:24.368	0.84343				2
2024.07.29	02:23:40.243	0.84346	0.84347			6
2024.07.29	02:23:40.556	0.84345	0.84346			6
2024.07.29	02:24:00.491	0.84345				2
2024.07.29	02:24:10.500	0.84344				2
2024.07.29	02:24:11.256	0.84345				2
2024.07.29	02:24:14.729	0.84344	0.84345			6
2024.07.29	02:24:40.150	0.84343	0.84346			6
2024.07.29	02:24:40.463	0.84344	0.84345			6
2024.07.29	02:24:49.288	0.84343	0.84344			6
2024.07.29	02:24:54.325	0.84344	0.84345			6
2024.07.29	02:25:00.545	0.84344				2
2024.07.29	02:25:18.330	0.84343	0.84344			6
2024.07.29	02:25:18.641	0.84342	0.84346			6
2024.07.29	02:25:18.986	0.84343	0.84344			6
2024.07.29	02:25:42.281	0.84344	0.84345			6
2024.07.29	02:25:46.020	0.84343	0.84346			6
2024.07.29	02:25:46.489	0.84342				2
2024.07.29	02:25:47.158	0.84343				2
2024.07.29	02:25:47.492	0.84344	0.84345			6
2024.07.29	02:25:48.179	0.84342	0.84346			6
2024.07.29	02:25:48.910	0.84344	0.84345			6
2024.07.29	02:25:49.417	0.84342	0.84346			6
2024.07.29	02:25:49.725	0.84344	0.84345			6
2024.07.29	02:25:56.332	0.84343	0.84344			6
2024.07.29	02:25:59.143	0.84342	0.84343			6
2024.07.29	02:26:00.878	0.84342				2
2024.07.29	02:26:10.588	0.84343	0.84344			6
2024.07.29	02:26:21.707	0.84342	0.84343			6
2024.07.29	02:27:00.890	0.84342				2
2024.07.29	02:27:07.983	0.84341	0.84342			6
2024.07.29	02:28:00.415	0.84341				2
2024.07.29	02:28:08.391		0.84342			4
2024.07.29	02:28:31.439	0.84342	0.84343			6
2024.07.29	02:29:00.603	0.84342				2
2024.07.29	02:29:00.924	0.84343	0.84344			6
2024.07.29	02:29:01.296	0.84342	0.84343			6
2024.07.29	02:29:01.603	0.84341				2
2024.07.29	02:29:02.280	0.84342				2
2024.07.29	02:29:02.582	0.84341				2
2024.07.29	02:29:02.901		0.84342			4
2024.07.29	02:29:03.221	0.84342	0.84343			6
2024.07.29	02:29:03.920	0.84341				2
2024.07.29	02:29:04.221	0.84342				2
2024.07.29	02:29:04.851	0.84341	0.84342			6
2024.07.29	02:29:05.162	0.84342	0.84343			6
2024.07.29	02:29:05.575	0.84339	0.84340			6
2024.07.29	02:29:18.954	0.84340	0.84341			6
2024.07.29	02:29:19.297	0.84339	0.84340			6
2024.07.29	02:29:21.865	0.84340	0.84341			6
2024.07.29	02:29:22.285	0.84339	0.84340			6
2024.07.29	02:29:31.486	0.84340	0.84341			6
2024.07.29	02:29:32.311	0.84339	0.84340			6
2024.07.29	02:29:41.220	0.84340	0.84341			6
2024.07.29	02:29:46.118	0.84339	0.84340			6
2024.07.29	02:30:00.156	0.84339				2
2024.07.29	02:30:02.792	0.84340	0.84341			6
2024.07.29	02:30:11.402	0.84339	0.84340			6
2024.07.29	02:30:24.047	0.84340	0.84341			6
2024.07.29	02:30:42.973	0.84338	0.84339			6
2024.07.29	02:30:44.017	0.84337	0.84338			6
2024.07.29	02:30:44.326	0.84338	0.84339			6
2024.07.29	02:31:00.341	0.84338				2
2024.07.29	02:31:12.950	0.84337	0.84338			6
2024.07.29	02:31:13.270	0.84338	0.84339			6
2024.07.29	02:31:27.510	0.84339	0.84340			6
2024.07.29	02:31:29.671	0.84338	0.84339			6
2024.07.29	02:31:33.737	0.84339	0.84340			6
2024.07.29	02:31:34.746	0.84338	0.84339			6
2024.07.29	02:31:35.713	0.84339	0.84340			6
2024.07.29	02:31:36.777	0.84338	0.84339			6
2024.07.29	02:31:37.137	0.84340	0.84341			6
2024.07.29	02:31:37.774	0.84342	0.84343			6
2024.07.29	02:31:46.062	0.84341	0.84342			6
2024.07.29	02:31:47.690	0.84342	0.84343			6
2024.07.29	02:31:48.056	0.84341	0.84342			6
2024.07.29	02:31:52.322	0.84340	0.84341			6
2024.07.29	02:32:00.242	0.84340				2
2024.07.29	02:32:11.108	0.84341	0.84342			6
2024.07.29	02:32:15.932	0.84340	0.84341			6
2024.07.29	02:32:21.150	0.84341	0.84342			6
2024.07.29	02:33:00.420	0.84341				2
2024.07.29	02:33:09.064	0.84342	0.84343			6
2024.07.29	02:33:09.767	0.84341	0.84342			6
2024.07.29	02:33:34.193	0.84342	0.84343			6
2024.07.29	02:33:46.675	0.84343	0.84344			6
2024.07.29	02:34:00.111	0.84343				2
2024.07.29	02:34:03.163	0.84342	0.84343			6
2024.07.29	02:34:09.294	0.84343	0.84344			6
2024.07.29	02:34:09.668	0.84342	0.84343			6
2024.07.29	02:34:10.674	0.84343	0.84344			6
2024.07.29	02:34:12.795	0.84342	0.84343			6
2024.07.29	02:34:17.668	0.84343	0.84344			6
2024.07.29	02:34:28.127	0.84344	0.84345			6
2024.07.29	02:34:28.700	0.84345	0.84346			6
2024.07.29	02:34:30.229	0.84344	0.84345			6
2024.07.29	02:34:38.867	0.84345	0.84346			6
2024.07.29	02:35:00.019	0.84345				2
2024.07.29	02:35:12.053	0.84344	0.84345			6
2024.07.29	02:35:18.584	0.84345	0.84346			6
2024.07.29	02:35:19.862	0.84344	0.84345			6
2024.07.29	02:35:49.484	0.84345	0.84346			6
2024.07.29	02:35:49.853	0.84344	0.84345			6
2024.07.29	02:35:52.682	0.84345	0.84346			6
2024.07.29	02:36:00.246	0.84345				2
2024.07.29	02:36:33.347	0.84344	0.84345			6
2024.07.29	02:36:58.001	0.84345	0.84346			6
2024.07.29	02:37:00.238	0.84345				2
2024.07.29	02:37:37.909	0.84344	0.84345			6
2024.07.29	02:37:43.729	0.84345	0.84346			6
2024.07.29	02:37:50.320	0.84346	0.84347			6
2024.07.29	02:38:02.307	0.84346				2
2024.07.29	02:38:06.893	0.84345	0.84346			6
2024.07.29	02:38:07.195	0.84346	0.84347			6
2024.07.29	02:38:19.140		0.84349			4
2024.07.29	02:38:27.107	0.84348				2
2024.07.29	02:38:28.232	0.84347	0.84348			6
2024.07.29	02:38:28.677	0.84346	0.84349			6
2024.07.29	02:38:30.713	0.84348				2
2024.07.29	02:38:31.728	0.84347	0.84348			6
2024.07.29	02:38:32.098	0.84348	0.84349			6
2024.07.29	02:38:32.540	0.84347	0.84348			6
2024.07.29	02:38:34.776	0.84346	0.84349			6
2024.07.29	02:38:59.588		0.84347			4
2024.07.29	02:39:00.033	0.84346				2
2024.07.29	02:39:00.362	0.84347	0.84348			6
2024.07.29	02:39:50.954	0.84342	0.84343			6
2024.07.29	02:40:00.003	0.84342				2
2024.07.29	02:40:06.695	0.84345	0.84346			6
2024.07.29	02:40:07.024	0.84344				2
2024.07.29	02:40:07.333		0.84347			4
2024.07.29	02:40:07.730	0.84345				2
2024.07.29	02:40:09.231	0.84346				2
2024.07.29	02:40:11.787	0.84344	0.84346			6
2024.07.29	02:40:12.624		0.84347			4
2024.07.29	02:40:13.021	0.84345	0.84346			6
2024.07.29	02:40:14.899	0.84344				2
2024.07.29	02:40:15.227	0.84345				2
2024.07.29	02:40:16.950	0.84344				2
2024.07.29	02:40:20.559	0.84345				2
2024.07.29	02:40:21.573	0.84344				2
2024.07.29	02:40:29.839	0.84345				2
2024.07.29	02:40:30.844	0.84343				2
2024.07.29	02:40:31.151	0.84345				2
2024.07.29	02:40:31.949	0.84344				2
2024.07.29	02:40:32.670	0.84345				2
2024.07.29	02:40:33.799	0.84343				2
2024.07.29	02:40:41.724	0.84344				2
2024.07.29	02:40:43.859	0.84345				2
2024.07.29	02:40:44.257	0.84343				2
2024.07.29	02:40:47.742		0.84345			4
2024.07.29	02:40:48.529	0.84344				2
2024.07.29	02:40:50.846	0.84343	0.84346			6
2024.07.29	02:41:00.337	0.84343				2
2024.07.29	02:41:01.619	0.84345				2
2024.07.29	02:41:01.938	0.84344	0.84347			6
2024.07.29	02:41:07.218		0.84345			4
2024.07.29	02:41:10.601	0.84343	0.84344			6
2024.07.29	02:41:10.933	0.84342	0.84343			6
2024.07.29	02:41:11.930	0.84340				2
2024.07.29	02:41:12.240	0.84339	0.84340			6
2024.07.29	02:41:18.986	0.84340	0.84341			6
2024.07.29	02:41:20.259	0.84339				2
2024.07.29	02:41:20.883		0.84340			4
2024.07.29	02:41:23.145	0.84338	0.84339			6
2024.07.29	02:41:52.737	0.84339	0.84340			6
2024.07.29	02:42:00.526	0.84339	0.84341			6
2024.07.29	02:42:02.145	0.84338				2
2024.07.29	02:42:02.973	0.84340				2
2024.07.29	02:42:36.347	0.84339				2
2024.07.29	02:42:40.407	0.84340				2
2024.07.29	02:42:45.412	0.84339				2
2024.07.29	02:42:57.677	0.84340				2
2024.07.29	02:42:58.462	0.84339	0.84340			6
2024.07.29	02:43:00.937	0.84339				2
2024.07.29	02:43:55.476	0.84340	0.84341			6
2024.07.29	02:44:00.547	0.84338	0.84340			6
2024.07.29	02:44:00.864	0.84337				2
2024.07.29	02:44:01.213		0.84338			4
2024.07.29	02:44:03.574	0.84336	0.84337			6
2024.07.29	02:44:03.883	0.84337	0.84338			6
2024.07.29	02:44:07.139	0.84339	0.84340			6
2024.07.29	02:44:09.896	0.84338	0.84339			6
2024.07.29	02:44:10.576	0.84339	0.84340			6
2024.07.29	02:44:13.095	0.84338	0.84339			6
2024.07.29	02:44:20.395	0.84339	0.84340			6
2024.07.29	02:44:26.123	0.84338	0.84339			6
2024.07.29	02:44:29.735	0.84339	0.84340			6
2024.07.29	02:44:39.303	0.84338	0.84339			6
2024.07.29	02:44:41.643	0.84339	0.84340			6
2024.07.29	02:45:00.238	0.84339				2
2024.07.29	02:45:04.114	0.84338	0.84339			6
2024.07.29	02:45:04.653	0.84339	0.84340			6
2024.07.29	02:45:23.879	0.84338	0.84339			6
2024.07.29	02:45:31.403	0.84339	0.84340			6
2024.07.29	02:45:34.409	0.84338	0.84339			6
2024.07.29	02:45:37.122	0.84339	0.84340			6
2024.07.29	02:45:44.823		0.84342			4
2024.07.29	02:45:45.125	0.84340	0.84343			6
2024.07.29	02:46:00.482	0.84340				2
2024.07.29	02:46:11.469	0.84341				2
2024.07.29	02:46:45.377		0.84343			4
2024.07.29	02:47:00.890	0.84341				2
2024.07.29	02:47:02.911		0.84344			4
2024.07.29	02:47:15.381	0.84342				2
2024.07.29	02:47:23.065	0.84341				2
2024.07.29	02:47:26.399	0.84340				2
2024.07.29	02:47:28.505	0.84341	0.84343			6
2024.07.29	02:47:29.506		0.84344			4
2024.07.29	02:47:33.066	0.84340	0.84343			6
2024.07.29	02:48:00.652	0.84340				2
2024.07.29	02:48:15.068		0.84344			4
2024.07.29	02:48:17.686	0.84341	0.84342			6
2024.07.29	02:48:18.335	0.84340				2
2024.07.29	02:48:21.646	0.84339				2
2024.07.29	02:48:26.032	0.84341	0.84343			6
2024.07.29	02:48:26.726	0.84342				2
2024.07.29	02:48:32.535	0.84343	0.84344			6
2024.07.29	02:48:37.282	0.84342				2
2024.07.29	02:48:38.452		0.84343			4
2024.07.29	02:48:42.997	0.84341				2
2024.07.29	02:48:43.358	0.84342				2
2024.07.29	02:48:45.091	0.84341				2
2024.07.29	02:48:47.425	0.84342				2
2024.07.29	02:48:49.485	0.84341				2
2024.07.29	02:48:49.804	0.84342				2
2024.07.29	02:48:50.662	0.84341	0.84345			6
2024.07.29	02:49:00.296	0.84341				2
2024.07.29	02:49:11.420	0.84343				2
2024.07.29	02:49:15.021	0.84344				2
2024.07.29	02:49:16.699		0.84346			4
2024.07.29	02:49:22.436	0.84346	0.84347			6
2024.07.29	02:49:40.890	0.84344	0.84345			6
2024.07.29	02:49:42.513	0.84345	0.84346			6
2024.07.29	02:49:43.715	0.84346	0.84347			6
2024.07.29	02:49:57.417	0.84347	0.84348			6
2024.07.29	02:49:59.626	0.84346	0.84347			6
2024.07.29	02:50:00.132	0.84346				2
2024.07.29	02:50:00.460	0.84347	0.84348			6
2024.07.29	02:50:01.305	0.84346				2
2024.07.29	02:50:07.274	0.84345				2
2024.07.29	02:50:08.687	0.84346				2
2024.07.29	02:50:11.629	0.84345	0.84347			6
2024.07.29	02:50:11.944	0.84346				2
2024.07.29	02:50:28.917	0.84347	0.84348			6
2024.07.29	02:50:30.057	0.84346	0.84349			6
2024.07.29	02:50:30.361		0.84348			4
2024.07.29	02:50:30.807		0.84349			4
2024.07.29	02:50:31.944	0.84347	0.84348			6
2024.07.29	02:50:38.177	0.84346				2
2024.07.29	02:50:41.312		0.84349			4
2024.07.29	02:50:42.688	0.84347	0.84348			6
2024.07.29	02:50:45.047	0.84346	0.84349			6
2024.07.29	02:50:53.131		0.84348			4
2024.07.29	02:50:56.255		0.84347			4
2024.07.29	02:50:56.573		0.84349			4
2024.07.29	02:50:59.621		0.84348			4
2024.07.29	02:51:00.261	0.84346				2
2024.07.29	02:51:01.388		0.84347			4
2024.07.29	02:51:11.198	0.84347	0.84348			6
2024.07.29	02:51:53.821	0.84346	0.84347			6
2024.07.29	02:51:54.695	0.84342	0.84343			6
2024.07.29	02:52:00.290	0.84342				2
2024.07.29	02:52:15.182	0.84343	0.84344			6
2024.07.29	02:52:32.282	0.84342	0.84343			6
2024.07.29	02:52:35.591	0.84343	0.84344			6
2024.07.29	02:52:54.892	0.84342	0.84343			6
2024.07.29	02:52:55.265	0.84341	0.84342			6
2024.07.29	02:53:00.071	0.84341				2
2024.07.29	02:53:02.389	0.84342	0.84343			6
2024.07.29	02:54:00.388	0.84343	0.84344			6
2024.07.29	02:54:12.621	0.84342	0.84343			6
2024.07.29	02:54:56.527	0.84341	0.84342			6
2024.07.29	02:54:57.437	0.84342	0.84343			6
2024.07.29	02:55:00.298	0.84342				2
2024.07.29	02:55:15.524	0.84341	0.84342			6
2024.07.29	02:55:36.365	0.84342	0.84343			6
2024.07.29	02:55:38.031	0.84341	0.84342			6
2024.07.29	02:55:38.394	0.84342	0.84343			6
2024.07.29	02:56:00.436	0.84342				2
2024.07.29	02:56:01.378	0.84343	0.84344			6
2024.07.29	02:56:22.687	0.84344	0.84346			6
2024.07.29	02:56:24.464		0.84347			4
2024.07.29	02:56:25.054	0.84345	0.84346			6
2024.07.29	02:57:00.420	0.84345				2
2024.07.29	02:57:05.536	0.84344	0.84345			6
2024.07.29	02:57:31.013	0.84343	0.84344			6
2024.07.29	02:57:31.355	0.84344	0.84345			6
2024.07.29	02:57:46.566	0.84343	0.84344			6
2024.07.29	02:57:47.918	0.84344	0.84345			6
2024.07.29	02:57:48.239	0.84343	0.84344			6
2024.07.29	02:57:51.031	0.84345	0.84346			6
2024.07.29	02:57:51.433	0.84344	0.84345			6
2024.07.29	02:58:00.379	0.84345	0.84346			6
2024.07.29	02:58:06.609	0.84342	0.84343			6
2024.07.29	02:58:07.380	0.84345	0.84346			6
2024.07.29	02:58:08.345	0.84346	0.84347			6
2024.07.29	02:58:08.647	0.84345	0.84346			6
2024.07.29	02:58:11.376	0.84344	0.84347			6
2024.07.29	02:58:11.684	0.84345	0.84348			6
2024.07.29	02:58:12.778		0.84346			4
2024.07.29	02:58:13.522	0.84346	0.84347			6
2024.07.29	02:58:24.805	0.84345	0.84346			6
2024.07.29	02:58:29.687	0.84344	0.84345			6
2024.07.29	02:58:30.404	0.84345	0.84347			6
2024.07.29	02:58:31.065	0.84347	0.84350			6
2024.07.29	02:58:40.889		0.84351			4
2024.07.29	02:58:42.338		0.84350			4
2024.07.29	02:58:43.045	0.84346	0.84348			6
2024.07.29	02:58:43.670	0.84345				2
2024.07.29	02:58:44.197	0.84346				2
2024.07.29	02:58:44.504	0.84345	0.84349			6
2024.07.29	02:58:52.298		0.84347			4
2024.07.29	02:58:54.432	0.84346				2
2024.07.29	02:58:56.621	0.84345				2
2024.07.29	02:58:58.727	0.84346				2
2024.07.29	02:59:00.567	0.84346				2
2024.07.29	02:59:04.333	0.84345	0.84346			6
2024.07.29	02:59:04.641		0.84349			4
2024.07.29	02:59:04.943		0.84346			4
2024.07.29	02:59:06.418	0.84346	0.84349			6
2024.07.29	02:59:08.098		0.84348			4
2024.07.29	02:59:08.421	0.84345				2
2024.07.29	02:59:09.525	0.84346				2
2024.07.29	02:59:10.374	0.84345				2
2024.07.29	02:59:15.560	0.84346				2
2024.07.29	02:59:16.690	0.84345				2
2024.07.29	02:59:17.381	0.84346				2
2024.07.29	02:59:24.698		0.84349			4
2024.07.29	02:59:29.374	0.84347				2
2024.07.29	02:59:39.873	0.84348				2
2024.07.29	02:59:40.182	0.84347	0.84348			6
2024.07.29	02:59:41.763	0.84348	0.84349			6
2024.07.29	02:59:42.081	0.84346	0.84347			6
2024.07.29	02:59:42.460	0.84347	0.84348			6
2024.07.29	02:59:43.102	0.84348	0.84349			6
2024.07.29	02:59:43.407	0.84347	0.84348			6
2024.07.29	02:59:50.463	0.84346	0.84347			6
2024.07.29	02:59:52.373	0.84347	0.84348			6
2024.07.29	03:00:00.383	0.84347				2
2024.07.29	03:00:02.385	0.84346	0.84347			6
2024.07.29	03:00:04.287	0.84347	0.84348			6
2024.07.29	03:00:07.896	0.84346	0.84347			6
2024.07.29	03:00:08.203	0.84347	0.84348			6
2024.07.29	03:00:08.542	0.84346	0.84347			6
2024.07.29	03:00:08.856	0.84347	0.84348			6
2024.07.29	03:00:11.251	0.84346	0.84347			6
2024.07.29	03:00:14.650	0.84347	0.84348			6
2024.07.29	03:00:16.093	0.84346	0.84347			6
2024.07.29	03:00:16.403	0.84347	0.84348			6
2024.07.29	03:00:18.251	0.84348	0.84349			6
2024.07.29	03:00:20.921	0.84347	0.84348			6
2024.07.29	03:00:29.766	0.84348	0.84349			6
2024.07.29	03:00:31.009	0.84347	0.84348			6
2024.07.29	03:00:33.659	0.84348	0.84349			6
2024.07.29	03:00:33.962	0.84349	0.84350			6
2024.07.29	03:00:34.353	0.84348	0.84349			6
2024.07.29	03:00:37.863	0.84349	0.84350			6
2024.07.29	03:00:39.418	0.84350	0.84351			6
2024.07.29	03:00:39.726	0.84351	0.84352			6
2024.07.29	03:00:41.478	0.84352	0.84353			6
2024.07.29	03:00:45.942	0.84350	0.84351			6
2024.07.29	03:00:51.193	0.84349	0.84350			6
2024.07.29	03:00:51.922	0.84350	0.84351			6
2024.07.29	03:00:53.100	0.84351	0.84352			6
2024.07.29	03:00:53.404	0.84350	0.84351			6
2024.07.29	03:00:54.649	0.84351	0.84352			6
2024.07.29	03:00:56.049	0.84350	0.84351			6
2024.07.29	03:00:56.362	0.84351	0.84352			6
2024.07.29	03:00:57.215	0.84350	0.84351			6
2024.07.29	03:01:00.027	0.84351	0.84352			6
2024.07.29	03:01:08.450	0.84350	0.84351			6
2024.07.29	03:01:10.163	0.84351	0.84352			6
2024.07.29	03:01:27.098	0.84352	0.84353			6
2024.07.29	03:01:28.370	0.84351	0.84352			6
2024.07.29	03:01:28.694	0.84352	0.84353			6
2024.07.29	03:01:29.010	0.84351	0.84352			6
2024.07.29	03:01:29.786	0.84352	0.84353			6
2024.07.29	03:01:31.842	0.84351	0.84352			6
2024.07.29	03:01:33.349	0.84352	0.84353			6
2024.07.29	03:01:37.990	0.84351	0.84352			6
2024.07.29	03:01:42.100	0.84352	0.84353			6
2024.07.29	03:01:45.092	0.84351	0.84352			6
2024.07.29	03:01:45.940	0.84352	0.84353			6
2024.07.29	03:01:46.241	0.84351	0.84352			6
2024.07.29	03:01:49.993	0.84352	0.84353			6
2024.07.29	03:01:50.297	0.84351	0.84352			6
2024.07.29	03:01:52.769	0.84352	0.84353			6
2024.07.29	03:01:53.247	0.84351	0.84352			6
2024.07.29	03:01:55.608	0.84352	0.84353			6
2024.07.29	03:01:56.354	0.84351	0.84352			6
2024.07.29	03:02:00.390	0.84351				2
2024.07.29	03:02:12.453	0.84353	0.84354			6
2024.07.29	03:02:13.174	0.84357	0.84358			6
2024.07.29	03:02:14.901	0.84354	0.84355			6
2024.07.29	03:02:19.966	0.84358	0.84359			6
2024.07.29	03:02:20.601	0.84357	0.84360			6
2024.07.29	03:02:21.192		0.84359			4
2024.07.29	03:02:21.522	0.84358				2
2024.07.29	03:02:22.144	0.84357	0.84358			6
2024.07.29	03:02:24.779	0.84354	0.84355			6
2024.07.29	03:02:26.063	0.84353	0.84354			6
2024.07.29	03:02:33.456	0.84354	0.84355			6
2024.07.29	03:02:34.466	0.84353	0.84354			6
2024.07.29	03:02:34.814	0.84354	0.84355			6
2024.07.29	03:02:36.772	0.84353	0.84354			6
2024.07.29	03:02:40.418	0.84355	0.84356			6
2024.07.29	03:02:40.740	0.84354	0.84355			6
2024.07.29	03:02:41.927	0.84357	0.84358			6
2024.07.29	03:02:47.347	0.84356	0.84357			6
2024.07.29	03:02:52.592	0.84355	0.84356			6
2024.07.29	03:02:53.302	0.84353	0.84354			6
2024.07.29	03:02:53.950	0.84354	0.84355			6
2024.07.29	03:02:54.966	0.84353	0.84354			6
2024.07.29	03:02:58.752	0.84354	0.84355			6
2024.07.29	03:02:59.461	0.84353	0.84354			6
2024.07.29	03:03:00.291	0.84354	0.84355			6
2024.07.29	03:03:30.237	0.84353	0.84354			6
2024.07.29	03:03:30.976	0.84354	0.84355			6
2024.07.29	03:03:33.108	0.84353	0.84354			6
2024.07.29	03:03:34.713	0.84354	0.84355			6
2024.07.29	03:03:35.094	0.84353	0.84354			6
2024.07.29	03:03:35.494	0.84354	0.84355			6
2024.07.29	03:03:39.090	0.84353				2
2024.07.29	03:03:40.372	0.84354				2
2024.07.29	03:03:44.890	0.84353	0.84354			6
2024.07.29	03:03:45.493	0.84354	0.84355			6
2024.07.29	03:03:49.366	0.84353	0.84354			6
2024.07.29	03:03:49.686	0.84354	0.84355			6
2024.07.29	03:03:51.236	0.84355	0.84356			6
2024.07.29	03:03:51.938	0.84354	0.84355			6
2024.07.29	03:03:52.249	0.84355	0.84356			6
2024.07.29	03:03:52.977	0.84354	0.84355			6
2024.07.29	03:03:53.316	0.84355	0.84356			6
2024.07.29	03:03:57.063	0.84356	0.84357			6
2024.07.29	03:03:58.636	0.84357	0.84358			6
2024.07.29	03:04:00.094	0.84357				2
2024.07.29	03:04:00.837	0.84356	0.84357			6
2024.07.29	03:04:02.361	0.84357	0.84358			6
2024.07.29	03:04:03.428	0.84356	0.84357			6
2024.07.29	03:04:04.770	0.84357	0.84358			6
