<DATE>	<TIME>	<BID>	<ASK>	<LAST>	<VOLUME>	<FLAGS>
2024.08.21	00:00:00.192	0.85360	0.85456			6
2024.08.21	00:00:00.498	0.85333	0.85505			6
2024.08.21	00:00:01.011	0.85356	0.85440			6
2024.08.21	00:00:05.598	0.85348	0.85447			6
2024.08.21	00:00:15.235	0.85345				2
2024.08.21	00:00:16.020	0.85346				2
2024.08.21	00:00:31.600	0.85347	0.85461			6
2024.08.21	00:00:47.155		0.85458			4
2024.08.21	00:00:53.599	0.85342	0.85416			6
2024.08.21	00:01:01.083	0.85342				2
2024.08.21	00:01:48.682		0.85419			4
2024.08.21	00:02:10.172	0.85342				2
2024.08.21	00:02:43.627		0.85413			4
2024.08.21	00:02:51.234	0.85339				2
2024.08.21	00:03:00.670	0.85339				2
2024.08.21	00:03:05.476		0.85406			4
2024.08.21	00:03:45.521		0.85400			4
2024.08.21	00:04:02.001	0.85339				2
2024.08.21	00:04:40.508		0.85403			4
2024.08.21	00:05:03.608	0.85339				2
2024.08.21	00:05:06.112		0.85393			4
2024.08.21	00:05:10.133		0.85391			4
2024.08.21	00:05:10.735		0.85394			4
2024.08.21	00:05:15.939		0.85393			4
2024.08.21	00:05:20.449		0.85394			4
2024.08.21	00:05:21.417		0.85393			4
2024.08.21	00:05:26.395	0.85341	0.85394			6
2024.08.21	00:05:30.352		0.85396			4
2024.08.21	00:05:31.044		0.85385			4
2024.08.21	00:05:35.481		0.85386			4
2024.08.21	00:05:40.744		0.85394			4
2024.08.21	00:05:42.118		0.85390			4
2024.08.21	00:05:44.251	0.85344				2
2024.08.21	00:05:45.529		0.85389			4
2024.08.21	00:05:48.809		0.85388			4
2024.08.21	00:05:50.867		0.85389			4
2024.08.21	00:05:55.440		0.85390			4
2024.08.21	00:05:58.796		0.85391			4
2024.08.21	00:06:00.238	0.85344	0.85392			6
2024.08.21	00:06:05.627		0.85390			4
2024.08.21	00:06:06.359		0.85395			4
2024.08.21	00:06:11.716		0.85397			4
2024.08.21	00:06:16.374		0.85392			4
2024.08.21	00:06:17.732		0.85391			4
2024.08.21	00:06:18.813		0.85392			4
2024.08.21	00:06:30.368		0.85391			4
2024.08.21	00:06:39.462		0.85393			4
2024.08.21	00:06:44.499		0.85391			4
2024.08.21	00:06:49.461		0.85390			4
2024.08.21	00:06:49.855		0.85391			4
2024.08.21	00:06:54.051		0.85389			4
2024.08.21	00:07:00.950	0.85344				2
2024.08.21	00:07:02.384		0.85390			4
2024.08.21	00:07:12.357		0.85389			4
2024.08.21	00:07:14.419		0.85388			4
2024.08.21	00:07:17.823		0.85387			4
2024.08.21	00:07:18.923		0.85388			4
2024.08.21	00:07:29.215		0.85389			4
2024.08.21	00:07:32.853		0.85391			4
2024.08.21	00:07:34.434		0.85389			4
2024.08.21	00:08:02.349	0.85344	0.85390			6
2024.08.21	00:08:12.358		0.85389			4
2024.08.21	00:08:17.805		0.85388			4
2024.08.21	00:08:54.383		0.85389			4
2024.08.21	00:09:00.892	0.85344				2
2024.08.21	00:09:02.099		0.85388			4
2024.08.21	00:09:04.354	0.85330	0.85370			6
2024.08.21	00:09:05.033		0.85372			4
2024.08.21	00:09:06.357		0.85376			4
2024.08.21	00:09:08.439		0.85401			4
2024.08.21	00:09:09.160		0.85398			4
2024.08.21	00:09:09.663		0.85395			4
2024.08.21	00:09:10.897		0.85396			4
2024.08.21	00:09:12.110		0.85376			4
2024.08.21	00:09:14.721	0.85345	0.85399			6
2024.08.21	00:09:15.478		0.85400			4
2024.08.21	00:09:16.027		0.85396			4
2024.08.21	00:09:16.371		0.85392			4
2024.08.21	00:09:17.482		0.85391			4
2024.08.21	00:09:18.357		0.85392			4
2024.08.21	00:09:22.285		0.85391			4
2024.08.21	00:09:25.028		0.85395			4
2024.08.21	00:09:32.247		0.85394			4
2024.08.21	00:09:37.128		0.85396			4
2024.08.21	00:09:42.587		0.85395			4
2024.08.21	00:09:47.434		0.85394			4
2024.08.21	00:09:52.557		0.85396			4
2024.08.21	00:09:57.194		0.85395			4
2024.08.21	00:10:00.350	0.85345	0.85385			6
2024.08.21	00:10:01.026		0.85381			4
2024.08.21	00:10:01.336	0.85332	0.85385			6
2024.08.21	00:10:02.245		0.85384			4
2024.08.21	00:10:02.553		0.85387			4
2024.08.21	00:10:03.414		0.85386			4
2024.08.21	00:10:03.978		0.85389			4
2024.08.21	00:10:05.781		0.85393			4
2024.08.21	00:10:06.361		0.85390			4
2024.08.21	00:10:06.980		0.85393			4
2024.08.21	00:10:07.441		0.85390			4
2024.08.21	00:10:07.879		0.85392			4
2024.08.21	00:10:08.731		0.85391			4
2024.08.21	00:10:09.463		0.85390			4
2024.08.21	00:10:09.765		0.85389			4
2024.08.21	00:10:10.579		0.85392			4
2024.08.21	00:10:11.521		0.85389			4
2024.08.21	00:10:12.082		0.85392			4
2024.08.21	00:10:16.360		0.85389			4
2024.08.21	00:10:16.883		0.85392			4
2024.08.21	00:10:17.919		0.85390			4
2024.08.21	00:10:19.281		0.85391			4
2024.08.21	00:10:24.678		0.85390			4
2024.08.21	00:10:35.179		0.85388			4
2024.08.21	00:10:35.484		0.85390			4
2024.08.21	00:10:38.823		0.85386			4
2024.08.21	00:10:39.386		0.85389			4
2024.08.21	00:10:41.307		0.85388			4
2024.08.21	00:10:41.694		0.85389			4
2024.08.21	00:10:42.981		0.85388			4
2024.08.21	00:10:47.899		0.85386			4
2024.08.21	00:10:48.459		0.85388			4
2024.08.21	00:10:49.354		0.85386			4
2024.08.21	00:10:49.882		0.85388			4
2024.08.21	00:10:50.299		0.85387			4
2024.08.21	00:10:51.476		0.85385			4
2024.08.21	00:10:52.008		0.85387			4
2024.08.21	00:10:52.921		0.85385			4
2024.08.21	00:10:53.481		0.85387			4
2024.08.21	00:10:55.055		0.85385			4
2024.08.21	00:10:55.418		0.85387			4
2024.08.21	00:10:57.447		0.85385			4
2024.08.21	00:10:57.978		0.85387			4
2024.08.21	00:11:00.416	0.85332				2
2024.08.21	00:11:04.718		0.85385			4
2024.08.21	00:11:05.146		0.85387			4
2024.08.21	00:11:05.913		0.85385			4
2024.08.21	00:11:06.383		0.85387			4
2024.08.21	00:11:07.065		0.85385			4
2024.08.21	00:11:07.495		0.85387			4
2024.08.21	00:11:13.321		0.85385			4
2024.08.21	00:11:13.878		0.85387			4
2024.08.21	00:11:15.947		0.85385			4
2024.08.21	00:11:16.281		0.85387			4
2024.08.21	00:11:17.074		0.85385			4
2024.08.21	00:11:17.478		0.85387			4
2024.08.21	00:11:17.897		0.85388			4
2024.08.21	00:11:18.979		0.85387			4
2024.08.21	00:11:23.897		0.85385			4
2024.08.21	00:11:24.200		0.85387			4
2024.08.21	00:11:29.778		0.85385			4
2024.08.21	00:11:30.378		0.85387			4
2024.08.21	00:11:31.578		0.85385			4
2024.08.21	00:11:31.881		0.85387			4
2024.08.21	00:11:33.081		0.85385			4
2024.08.21	00:11:33.681		0.85387			4
2024.08.21	00:11:34.641		0.85385			4
2024.08.21	00:11:35.183		0.85387			4
2024.08.21	00:11:37.712		0.85386			4
2024.08.21	00:11:38.106		0.85387			4
2024.08.21	00:11:39.379		0.85386			4
2024.08.21	00:11:39.681		0.85387			4
2024.08.21	00:11:40.881		0.85383			4
2024.08.21	00:11:41.184		0.85382			4
2024.08.21	00:11:42.102		0.85383			4
2024.08.21	00:11:43.431		0.85378			4
2024.08.21	00:11:44.261	0.85333				2
2024.08.21	00:11:47.530		0.85376			4
2024.08.21	00:11:48.082		0.85378			4
2024.08.21	00:11:51.209		0.85377			4
2024.08.21	00:11:51.548		0.85378			4
2024.08.21	00:11:52.297		0.85386			4
2024.08.21	00:11:52.633		0.85379			4
2024.08.21	00:11:55.646		0.85389			4
2024.08.21	00:11:55.971		0.85390			4
2024.08.21	00:11:59.478		0.85389			4
2024.08.21	00:11:59.780		0.85390			4
2024.08.21	00:12:00.723	0.85333	0.85389			6
2024.08.21	00:12:01.281		0.85390			4
2024.08.21	00:12:01.722		0.85380			4
2024.08.21	00:12:02.351		0.85379			4
2024.08.21	00:12:03.685		0.85378			4
2024.08.21	00:12:04.352		0.85377			4
2024.08.21	00:12:04.879		0.85378			4
2024.08.21	00:12:14.781		0.85380			4
2024.08.21	00:12:16.021		0.85381			4
2024.08.21	00:12:17.438		0.85379			4
2024.08.21	00:12:22.922		0.85378			4
2024.08.21	00:12:23.486		0.85379			4
2024.08.21	00:12:24.721		0.85378			4
2024.08.21	00:12:33.682		0.85379			4
2024.08.21	00:12:34.280		0.85380			4
2024.08.21	00:12:35.013		0.85379			4
2024.08.21	00:12:36.381		0.85380			4
2024.08.21	00:12:38.181		0.85379			4
2024.08.21	00:12:38.778		0.85380			4
2024.08.21	00:12:40.629		0.85379			4
2024.08.21	00:12:41.179		0.85382			4
2024.08.21	00:12:42.379		0.85383			4
2024.08.21	00:12:44.781		0.85382			4
2024.08.21	00:12:45.381		0.85383			4
2024.08.21	00:12:49.281		0.85382			4
2024.08.21	00:12:51.956		0.85381			4
2024.08.21	00:12:56.937		0.85382			4
2024.08.21	00:13:00.123	0.85333	0.85381			6
2024.08.21	00:13:07.879		0.85378			4
2024.08.21	00:13:11.762		0.85381			4
2024.08.21	00:13:12.079		0.85380			4
2024.08.21	00:13:12.681		0.85381			4
2024.08.21	00:13:13.921		0.85380			4
2024.08.21	00:13:14.358		0.85381			4
2024.08.21	00:13:19.921		0.85380			4
2024.08.21	00:13:20.402		0.85381			4
2024.08.21	00:13:23.822		0.85380			4
2024.08.21	00:13:24.381		0.85381			4
2024.08.21	00:13:25.922		0.85380			4
2024.08.21	00:13:26.478		0.85385			4
2024.08.21	00:13:26.782		0.85386			4
2024.08.21	00:13:28.322		0.85385			4
2024.08.21	00:13:28.882		0.85386			4
2024.08.21	00:13:39.797		0.85387			4
2024.08.21	00:13:41.438		0.85386			4
2024.08.21	00:13:44.722	0.85332	0.85387			6
2024.08.21	00:13:46.349	0.85333	0.85386			6
2024.08.21	00:14:00.088	0.85333				2
2024.08.21	00:14:31.875	0.85335	0.85392			6
2024.08.21	00:14:33.642	0.85330	0.85384			6
2024.08.21	00:14:38.938		0.85385			4
2024.08.21	00:14:40.946		0.85384			4
2024.08.21	00:14:42.201	0.85331				2
2024.08.21	00:14:47.460	0.85330				2
2024.08.21	00:14:50.821		0.85383			4
2024.08.21	00:14:53.534	0.85331				2
2024.08.21	00:14:54.681	0.85330				2
2024.08.21	00:14:55.761		0.85384			4
2024.08.21	00:14:56.265	0.85329				2
2024.08.21	00:14:56.951	0.85330	0.85385			6
2024.08.21	00:14:57.443	0.85329				2
2024.08.21	00:14:58.337	0.85330				2
2024.08.21	00:14:59.478	0.85331				2
2024.08.21	00:15:00.372	0.85331				2
2024.08.21	00:15:00.873		0.85384			4
2024.08.21	00:15:02.906	0.85330				2
2024.08.21	00:15:03.397		0.85382			4
2024.08.21	00:15:05.479		0.85384			4
2024.08.21	00:15:05.823	0.85331	0.85385			6
2024.08.21	00:15:06.352		0.85383			4
2024.08.21	00:15:07.676		0.85381			4
2024.08.21	00:15:08.000	0.85333				2
2024.08.21	00:15:20.478	0.85334				2
2024.08.21	00:15:27.378	0.85331				2
2024.08.21	00:15:28.751	0.85332				2
2024.08.21	00:15:29.522		0.85380			4
2024.08.21	00:15:30.678	0.85333	0.85381			6
2024.08.21	00:15:39.078	0.85332				2
2024.08.21	00:15:42.980	0.85334				2
2024.08.21	00:15:43.283	0.85333				2
2024.08.21	00:15:44.230	0.85337	0.85390			6
2024.08.21	00:15:44.780	0.85336	0.85392			6
2024.08.21	00:15:47.069		0.85395			4
2024.08.21	00:15:49.880	0.85337				2
2024.08.21	00:15:54.726		0.85396			4
2024.08.21	00:16:00.770	0.85337	0.85394			6
2024.08.21	00:16:03.546	0.85338				2
2024.08.21	00:16:04.878	0.85337				2
2024.08.21	00:16:08.163	0.85339				2
2024.08.21	00:16:08.824		0.85392			4
2024.08.21	00:16:10.578		0.85391			4
2024.08.21	00:16:11.480		0.85393			4
2024.08.21	00:16:12.360		0.85394			4
2024.08.21	00:16:18.877	0.85338	0.85393			6
2024.08.21	00:16:21.981		0.85394			4
2024.08.21	00:16:23.180	0.85339				2
2024.08.21	00:16:24.105		0.85396			4
2024.08.21	00:16:26.670	0.85345	0.85403			6
2024.08.21	00:16:28.880	0.85347				2
2024.08.21	00:16:29.198	0.85346				2
2024.08.21	00:16:30.080	0.85347				2
2024.08.21	00:16:30.478	0.85331	0.85420			6
2024.08.21	00:16:30.812	0.85332	0.85419			6
2024.08.21	00:16:31.296	0.85333	0.85418			6
2024.08.21	00:16:32.781	0.85334	0.85417			6
2024.08.21	00:16:33.174	0.85340	0.85426			6
2024.08.21	00:16:34.321		0.85425			4
2024.08.21	00:16:36.100	0.85341	0.85419			6
2024.08.21	00:16:36.996	0.85342	0.85421			6
2024.08.21	00:16:39.109	0.85345	0.85423			6
2024.08.21	00:16:39.604		0.85432			4
2024.08.21	00:16:40.996		0.85433			4
2024.08.21	00:16:42.037	0.85346				2
2024.08.21	00:16:42.496		0.85431			4
2024.08.21	00:16:42.817		0.85432			4
2024.08.21	00:16:43.192	0.85345	0.85426			6
2024.08.21	00:16:44.927	0.85346	0.85427			6
2024.08.21	00:16:45.282		0.85428			4
2024.08.21	00:16:46.408	0.85349	0.85425			6
2024.08.21	00:16:47.910	0.85350				2
2024.08.21	00:16:53.778	0.85351				2
2024.08.21	00:16:57.113	0.85353	0.85426			6
2024.08.21	00:16:57.444		0.85427			4
2024.08.21	00:16:57.978		0.85426			4
2024.08.21	00:16:58.672	0.85346	0.85428			6
2024.08.21	00:16:59.187	0.85350				2
2024.08.21	00:17:00.281	0.85349				2
2024.08.21	00:17:00.594	0.85351				2
2024.08.21	00:17:01.701	0.85350				2
2024.08.21	00:17:03.391	0.85347	0.85431			6
2024.08.21	00:17:04.878		0.85430			4
2024.08.21	00:17:05.403	0.85348				2
2024.08.21	00:17:05.826		0.85429			4
2024.08.21	00:17:06.977	0.85349				2
2024.08.21	00:17:07.547	0.85353				2
2024.08.21	00:17:08.284		0.85428			4
2024.08.21	00:17:08.778	0.85352				2
2024.08.21	00:17:09.104	0.85353				2
2024.08.21	00:17:09.424	0.85354				2
2024.08.21	00:17:11.281		0.85427			4
2024.08.21	00:17:12.300	0.85353	0.85429			6
2024.08.21	00:17:12.681	0.85359	0.85431			6
2024.08.21	00:17:13.279	0.85357	0.85429			6
2024.08.21	00:17:14.778	0.85356				2
2024.08.21	00:17:15.811	0.85358	0.85428			6
2024.08.21	00:17:23.445	0.85359				2
2024.08.21	00:17:24.679		0.85427			4
2024.08.21	00:17:27.242	0.85358	0.85436			6
2024.08.21	00:17:27.599		0.85434			4
2024.08.21	00:17:29.568	0.85354	0.85430			6
2024.08.21	00:17:29.929	0.85356	0.85432			6
2024.08.21	00:17:30.340	0.85355	0.85431			6
2024.08.21	00:17:30.680		0.85430			4
2024.08.21	00:17:31.881	0.85356	0.85431			6
2024.08.21	00:17:32.181	0.85355	0.85430			6
2024.08.21	00:17:32.482	0.85354				2
2024.08.21	00:17:32.816	0.85356	0.85432			6
2024.08.21	00:17:33.261		0.85431			4
2024.08.21	00:17:33.600	0.85354	0.85430			6
2024.08.21	00:17:34.266	0.85357	0.85432			6
2024.08.21	00:17:34.575	0.85353	0.85428			6
2024.08.21	00:17:35.179	0.85350	0.85427			6
2024.08.21	00:17:35.481	0.85354	0.85428			6
2024.08.21	00:17:37.604	0.85356	0.85430			6
2024.08.21	00:17:39.078	0.85357	0.85429			6
2024.08.21	00:17:40.228	0.85358	0.85430			6
2024.08.21	00:17:42.727	0.85359				2
2024.08.21	00:17:44.180	0.85360				2
2024.08.21	00:17:48.322	0.85362	0.85437			6
2024.08.21	00:17:49.612	0.85363	0.85438			6
2024.08.21	00:17:56.279		0.85439			4
2024.08.21	00:17:59.859		0.85438			4
2024.08.21	00:18:00.199	0.85363				2
2024.08.21	00:18:00.521		0.85440			4
2024.08.21	00:18:01.434	0.85364	0.85439			6
2024.08.21	00:18:04.112	0.85365	0.85438			6
2024.08.21	00:18:06.979	0.85366	0.85437			6
2024.08.21	00:18:10.278	0.85365	0.85440			6
2024.08.21	00:18:10.930	0.85366	0.85439			6
2024.08.21	00:18:11.596		0.85438			4
2024.08.21	00:18:12.981	0.85367				2
2024.08.21	00:18:14.180	0.85373	0.85437			6
2024.08.21	00:18:14.483	0.85368				2
2024.08.21	00:18:15.079	0.85373	0.85431			6
2024.08.21	00:18:21.679	0.85376	0.85434			6
2024.08.21	00:18:29.393	0.85377				2
2024.08.21	00:18:29.778	0.85376	0.85435			6
2024.08.21	00:18:30.082		0.85434			4
2024.08.21	00:18:33.081		0.85433			4
2024.08.21	00:18:46.579		0.85434			4
2024.08.21	00:18:50.821		0.85433			4
2024.08.21	00:18:52.279	0.85375	0.85432			6
2024.08.21	00:18:52.606	0.85376	0.85434			6
2024.08.21	00:18:55.904	0.85373	0.85431			6
2024.08.21	00:18:58.171	0.85369				2
2024.08.21	00:18:58.562	0.85367	0.85429			6
2024.08.21	00:19:01.086	0.85368				2
2024.08.21	00:19:02.441	0.85369	0.85431			6
2024.08.21	00:19:06.242	0.85375	0.85426			6
2024.08.21	00:19:16.077	0.85379				2
2024.08.21	00:19:37.403	0.85377				2
2024.08.21	00:19:42.013	0.85383	0.85431			6
2024.08.21	00:19:43.099	0.85379	0.85430			6
2024.08.21	00:19:55.347		0.85434			4
2024.08.21	00:20:00.980	0.85379	0.85435			6
2024.08.21	00:20:01.285		0.85433			4
2024.08.21	00:20:04.796	0.85370	0.85430			6
2024.08.21	00:20:05.105	0.85369				2
2024.08.21	00:20:05.754	0.85367	0.85428			6
2024.08.21	00:20:06.358	0.85369	0.85430			6
2024.08.21	00:20:07.890	0.85372	0.85432			6
2024.08.21	00:20:08.211	0.85371				2
2024.08.21	00:20:10.578	0.85372	0.85433			6
2024.08.21	00:20:11.807	0.85371	0.85432			6
2024.08.21	00:20:16.348	0.85372	0.85433			6
2024.08.21	00:20:19.807	0.85371				2
2024.08.21	00:20:20.983	0.85372				2
2024.08.21	00:20:22.283	0.85371				2
2024.08.21	00:20:23.018	0.85372				2
2024.08.21	00:20:26.278	0.85374	0.85435			6
2024.08.21	00:20:26.913	0.85373				2
2024.08.21	00:20:28.279	0.85374	0.85436			6
2024.08.21	00:20:28.581	0.85373	0.85435			6
2024.08.21	00:20:31.883	0.85372	0.85433			6
2024.08.21	00:20:32.481	0.85369	0.85431			6
2024.08.21	00:20:33.497	0.85371	0.85433			6
2024.08.21	00:20:37.402	0.85372	0.85434			6
2024.08.21	00:20:39.521		0.85433			4
2024.08.21	00:20:40.280	0.85373	0.85435			6
2024.08.21	00:20:42.991	0.85371	0.85426			6
2024.08.21	00:20:44.354		0.85428			4
2024.08.21	00:20:44.656		0.85427			4
2024.08.21	00:20:45.815		0.85426			4
2024.08.21	00:20:48.425		0.85427			4
2024.08.21	00:20:49.878		0.85426			4
2024.08.21	00:20:51.636		0.85424			4
2024.08.21	00:20:51.950	0.85364	0.85418			6
2024.08.21	00:20:53.777		0.85417			4
2024.08.21	00:20:54.277		0.85420			4
2024.08.21	00:20:54.581		0.85417			4
2024.08.21	00:20:58.420		0.85416			4
2024.08.21	00:21:00.378	0.85364				2
2024.08.21	00:21:00.934		0.85415			4
2024.08.21	00:21:02.521		0.85416			4
2024.08.21	00:21:05.020		0.85415			4
2024.08.21	00:21:05.972		0.85416			4
2024.08.21	00:21:06.283		0.85414			4
2024.08.21	00:21:08.903		0.85415			4
2024.08.21	00:21:09.681		0.85414			4
2024.08.21	00:21:12.261		0.85413			4
2024.08.21	00:21:14.486		0.85414			4
2024.08.21	00:21:16.188	0.85362	0.85413			6
2024.08.21	00:21:16.978		0.85411			4
2024.08.21	00:21:17.286		0.85412			4
2024.08.21	00:21:20.779		0.85413			4
2024.08.21	00:21:26.181		0.85412			4
2024.08.21	00:21:27.790		0.85413			4
2024.08.21	00:21:29.619		0.85412			4
2024.08.21	00:21:33.112	0.85353	0.85409			6
2024.08.21	00:21:36.080		0.85408			4
2024.08.21	00:21:40.473	0.85354	0.85407			6
2024.08.21	00:21:41.118		0.85406			4
2024.08.21	00:21:41.624		0.85407			4
2024.08.21	00:21:42.678		0.85406			4
2024.08.21	00:21:48.320		0.85405			4
2024.08.21	00:21:49.280	0.85349				2
2024.08.21	00:21:51.078		0.85404			4
2024.08.21	00:21:53.547		0.85405			4
2024.08.21	00:21:55.186		0.85404			4
2024.08.21	00:21:56.832	0.85346	0.85409			6
2024.08.21	00:22:00.060	0.85346				2
2024.08.21	00:22:02.403		0.85408			4
2024.08.21	00:22:02.787		0.85409			4
2024.08.21	00:22:06.378		0.85411			4
2024.08.21	00:22:07.715	0.85344	0.85412			6
2024.08.21	00:22:09.594	0.85346	0.85410			6
2024.08.21	00:22:09.980	0.85347				2
2024.08.21	00:22:10.651	0.85366	0.85416			6
2024.08.21	00:22:11.227	0.85365				2
2024.08.21	00:22:11.737	0.85358				2
2024.08.21	00:22:12.263	0.85360	0.85421			6
2024.08.21	00:22:13.378	0.85358	0.85423			6
2024.08.21	00:22:17.779	0.85357				2
2024.08.21	00:22:21.077	0.85359	0.85420			6
2024.08.21	00:22:23.537	0.85360				2
2024.08.21	00:22:24.324	0.85361	0.85419			6
2024.08.21	00:22:24.679	0.85360	0.85418			6
2024.08.21	00:22:25.165	0.85361	0.85419			6
2024.08.21	00:22:26.582	0.85360				2
2024.08.21	00:22:29.183		0.85418			4
2024.08.21	00:22:33.681	0.85363	0.85422			6
2024.08.21	00:22:34.330	0.85361	0.85420			6
2024.08.21	00:22:36.025	0.85360	0.85419			6
2024.08.21	00:22:36.610	0.85362	0.85421			6
2024.08.21	00:22:36.978	0.85360	0.85419			6
2024.08.21	00:22:37.960	0.85361	0.85421			6
2024.08.21	00:22:38.352	0.85364	0.85423			6
2024.08.21	00:22:39.423	0.85365	0.85425			6
2024.08.21	00:22:39.980	0.85364	0.85423			6
2024.08.21	00:22:44.545	0.85365	0.85425			6
2024.08.21	00:22:46.225	0.85366	0.85426			6
2024.08.21	00:22:50.616	0.85365	0.85425			6
2024.08.21	00:22:56.181	0.85366	0.85427			6
2024.08.21	00:22:57.599	0.85365	0.85426			6
2024.08.21	00:22:58.437	0.85366				2
2024.08.21	00:22:59.778		0.85427			4
2024.08.21	00:23:00.567	0.85366	0.85426			6
2024.08.21	00:23:00.981	0.85364	0.85425			6
2024.08.21	00:23:02.180	0.85365				2
2024.08.21	00:23:05.169	0.85366	0.85426			6
2024.08.21	00:23:08.568	0.85365	0.85425			6
2024.08.21	00:23:09.153	0.85366	0.85426			6
2024.08.21	00:23:10.775	0.85365				2
2024.08.21	00:23:13.320	0.85366				2
2024.08.21	00:23:26.483	0.85365	0.85425			6
2024.08.21	00:23:29.526	0.85366	0.85426			6
2024.08.21	00:23:37.580	0.85367	0.85428			6
2024.08.21	00:23:40.133	0.85366	0.85427			6
2024.08.21	00:23:44.501	0.85368	0.85429			6
2024.08.21	00:23:44.997	0.85366	0.85427			6
2024.08.21	00:24:00.380	0.85366				2
2024.08.21	00:24:06.034	0.85368	0.85429			6
2024.08.21	00:24:06.678	0.85366	0.85427			6
2024.08.21	00:24:11.030	0.85368	0.85429			6
2024.08.21	00:24:11.478	0.85366	0.85427			6
2024.08.21	00:24:12.198	0.85368	0.85429			6
2024.08.21	00:24:13.881	0.85366	0.85427			6
2024.08.21	00:24:16.040	0.85367	0.85428			6
2024.08.21	00:24:22.168	0.85370	0.85431			6
2024.08.21	00:24:26.781	0.85371				2
2024.08.21	00:24:28.982	0.85370	0.85432			6
2024.08.21	00:24:30.978		0.85431			4
2024.08.21	00:24:35.180	0.85371				2
2024.08.21	00:24:39.981	0.85370				2
2024.08.21	00:24:50.782	0.85366	0.85432			6
2024.08.21	00:24:51.501	0.85367	0.85431			6
2024.08.21	00:24:52.278	0.85371				2
2024.08.21	00:24:56.479	0.85370				2
2024.08.21	00:24:57.681	0.85371				2
2024.08.21	00:24:58.881	0.85370				2
2024.08.21	00:24:59.333		0.85430			4
2024.08.21	00:24:59.683	0.85371	0.85431			6
2024.08.21	00:25:00.314	0.85371				2
2024.08.21	00:25:01.047	0.85369	0.85430			6
2024.08.21	00:25:01.380	0.85371	0.85431			6
2024.08.21	00:25:03.631	0.85374	0.85433			6
2024.08.21	00:25:05.781	0.85373				2
2024.08.21	00:25:08.783	0.85372	0.85432			6
2024.08.21	00:25:14.261	0.85374	0.85433			6
2024.08.21	00:25:14.781	0.85375				2
2024.08.21	00:25:17.779	0.85374				2
2024.08.21	00:25:22.545	0.85376	0.85426			6
2024.08.21	00:25:32.032	0.85377				2
2024.08.21	00:25:33.231	0.85376				2
2024.08.21	00:25:57.546	0.85378				2
2024.08.21	00:25:59.782	0.85374				2
2024.08.21	00:26:00.947	0.85370				2
2024.08.21	00:26:04.360	0.85371				2
2024.08.21	00:26:08.478	0.85373				2
2024.08.21	00:26:10.204	0.85371				2
2024.08.21	00:26:11.448	0.85372				2
2024.08.21	00:26:12.679	0.85373				2
2024.08.21	00:26:14.878	0.85374	0.85433			6
2024.08.21	00:26:15.304	0.85370				2
2024.08.21	00:26:20.201	0.85369				2
2024.08.21	00:26:21.326	0.85370				2
2024.08.21	00:26:23.179	0.85369				2
2024.08.21	00:26:25.243	0.85371				2
2024.08.21	00:26:25.579	0.85370				2
2024.08.21	00:26:32.610	0.85374				2
2024.08.21	00:26:32.931	0.85372				2
2024.08.21	00:26:38.226	0.85373				2
2024.08.21	00:26:42.680	0.85374				2
2024.08.21	00:26:43.278	0.85360	0.85426			6
2024.08.21	00:26:55.667		0.85424			4
2024.08.21	00:27:00.407	0.85360	0.85423			6
2024.08.21	00:27:02.547	0.85376	0.85421			6
2024.08.21	00:27:17.350	0.85371	0.85417			6
2024.08.21	00:27:22.267	0.85359	0.85416			6
2024.08.21	00:27:22.734		0.85415			4
2024.08.21	00:27:24.275		0.85414			4
2024.08.21	00:27:27.677		0.85415			4
2024.08.21	00:27:28.878		0.85414			4
2024.08.21	00:27:30.616		0.85415			4
2024.08.21	00:27:32.293		0.85413			4
2024.08.21	00:27:52.412		0.85411			4
2024.08.21	00:27:54.695		0.85410			4
2024.08.21	00:27:57.175		0.85409			4
2024.08.21	00:27:57.579		0.85408			4
2024.08.21	00:28:00.264	0.85359				2
2024.08.21	00:28:00.642		0.85407			4
2024.08.21	00:28:06.231		0.85409			4
2024.08.21	00:28:06.661		0.85408			4
2024.08.21	00:28:08.484		0.85409			4
2024.08.21	00:28:15.201		0.85411			4
2024.08.21	00:28:21.279		0.85412			4
2024.08.21	00:28:26.631		0.85410			4
2024.08.21	00:28:30.956		0.85407			4
2024.08.21	00:28:42.889	0.85357				2
2024.08.21	00:28:44.247		0.85406			4
2024.08.21	00:28:47.180		0.85405			4
2024.08.21	00:28:48.683	0.85359	0.85409			6
2024.08.21	00:28:50.676		0.85408			4
2024.08.21	00:28:52.281		0.85409			4
2024.08.21	00:28:53.674		0.85408			4
2024.08.21	00:28:54.980		0.85409			4
2024.08.21	00:28:55.978		0.85408			4
2024.08.21	00:28:57.381		0.85409			4
2024.08.21	00:28:58.087	0.85369	0.85420			6
2024.08.21	00:28:58.729	0.85365				2
2024.08.21	00:28:59.789	0.85366	0.85419			6
2024.08.21	00:29:00.129	0.85366				2
2024.08.21	00:29:01.610		0.85420			4
2024.08.21	00:29:05.678	0.85365				2
2024.08.21	00:29:08.179		0.85421			4
2024.08.21	00:29:08.482	0.85368	0.85423			6
2024.08.21	00:29:13.690	0.85369				2
2024.08.21	00:29:21.086		0.85424			4
2024.08.21	00:29:21.747	0.85370	0.85425			6
2024.08.21	00:29:29.707	0.85373	0.85428			6
2024.08.21	00:29:30.056	0.85372	0.85427			6
2024.08.21	00:29:30.500	0.85373	0.85428			6
2024.08.21	00:29:31.964	0.85374	0.85429			6
2024.08.21	00:29:36.079	0.85373				2
2024.08.21	00:29:41.148	0.85376	0.85432			6
2024.08.21	00:29:42.834	0.85378	0.85433			6
2024.08.21	00:29:46.578	0.85377				2
2024.08.21	00:29:49.153		0.85434			4
2024.08.21	00:29:51.269		0.85431			4
2024.08.21	00:29:52.625	0.85376				2
2024.08.21	00:29:55.280	0.85377				2
2024.08.21	00:29:57.079	0.85376				2
2024.08.21	00:29:58.321	0.85377				2
2024.08.21	00:30:00.378	0.85377				2
2024.08.21	00:30:00.678	0.85376				2
2024.08.21	00:30:03.082	0.85377				2
2024.08.21	00:30:08.180	0.85376				2
2024.08.21	00:30:13.337	0.85377				2
2024.08.21	00:30:49.580	0.85378				2
2024.08.21	00:30:53.552		0.85431			4
2024.08.21	00:30:54.980	0.85379				2
2024.08.21	00:30:55.377	0.85378				2
2024.08.21	00:30:57.721	0.85379				2
2024.08.21	00:31:00.282	0.85379				2
2024.08.21	00:31:02.778	0.85378				2
2024.08.21	00:31:04.097	0.85380				2
2024.08.21	00:31:05.336	0.85378				2
2024.08.21	00:31:05.778		0.85430			4
2024.08.21	00:31:14.179		0.85431			4
2024.08.21	00:31:15.379	0.85379				2
2024.08.21	00:31:30.082	0.85381				2
2024.08.21	00:31:43.976	0.85380				2
2024.08.21	00:31:44.853	0.85381				2
2024.08.21	00:31:45.383	0.85380				2
2024.08.21	00:31:46.960	0.85381				2
2024.08.21	00:31:48.081	0.85380				2
2024.08.21	00:31:54.361	0.85381				2
2024.08.21	00:32:02.188	0.85381				2
2024.08.21	00:32:15.678		0.85431			4
2024.08.21	00:32:30.083	0.85382				2
2024.08.21	00:32:44.521	0.85381				2
2024.08.21	00:32:45.565	0.85382				2
2024.08.21	00:32:46.136	0.85380				2
2024.08.21	00:32:48.679	0.85381				2
2024.08.21	00:33:00.378	0.85381				2
2024.08.21	00:33:01.139	0.85382				2
2024.08.21	00:33:01.449	0.85380	0.85430			6
2024.08.21	00:33:02.480		0.85429			4
2024.08.21	00:33:06.864	0.85381	0.85431			6
2024.08.21	00:33:08.569	0.85380	0.85430			6
2024.08.21	00:33:09.079		0.85429			4
2024.08.21	00:33:10.467	0.85379	0.85430			6
2024.08.21	00:33:11.782	0.85380	0.85429			6
2024.08.21	00:33:12.380		0.85430			4
2024.08.21	00:33:14.178	0.85381				2
2024.08.21	00:33:15.978	0.85380				2
2024.08.21	00:33:20.178	0.85381				2
2024.08.21	00:33:24.384		0.85431			4
2024.08.21	00:33:25.435		0.85430			4
2024.08.21	00:34:00.678	0.85381				2
2024.08.21	00:34:21.377		0.85429			4
2024.08.21	00:34:24.379		0.85430			4
2024.08.21	00:34:27.978		0.85429			4
2024.08.21	00:34:41.781	0.85382	0.85430			6
2024.08.21	00:34:48.286		0.85431			4
2024.08.21	00:34:55.977		0.85430			4
2024.08.21	00:34:56.781	0.85381	0.85429			6
2024.08.21	00:35:00.530	0.85381				2
2024.08.21	00:35:06.574	0.85382	0.85431			6
2024.08.21	00:35:07.178	0.85381	0.85430			6
2024.08.21	00:35:08.182	0.85379	0.85431			6
2024.08.21	00:35:08.482		0.85430			4
2024.08.21	00:35:09.861		0.85436			4
2024.08.21	00:35:10.162		0.85430			4
2024.08.21	00:35:19.061		0.85431			4
2024.08.21	00:35:20.881	0.85380				2
2024.08.21	00:35:27.699		0.85432			4
2024.08.21	00:35:39.081		0.85433			4
2024.08.21	00:35:40.437		0.85435			4
2024.08.21	00:35:41.848		0.85431			4
2024.08.21	00:35:48.080	0.85379				2
2024.08.21	00:35:51.079	0.85380				2
2024.08.21	00:36:01.579	0.85380				2
2024.08.21	00:36:14.185		0.85430			4
2024.08.21	00:36:15.546		0.85432			4
2024.08.21	00:36:19.578		0.85431			4
2024.08.21	00:36:22.070		0.85430			4
2024.08.21	00:36:23.181		0.85429			4
2024.08.21	00:36:23.667		0.85432			4
2024.08.21	00:36:24.579		0.85431			4
2024.08.21	00:36:24.979		0.85429			4
2024.08.21	00:36:26.271		0.85430			4
2024.08.21	00:36:27.265		0.85431			4
2024.08.21	00:36:27.650		0.85432			4
2024.08.21	00:36:30.960		0.85429			4
2024.08.21	00:36:32.935		0.85432			4
2024.08.21	00:36:33.385	0.85381				2
2024.08.21	00:36:34.736	0.85380	0.85431			6
2024.08.21	00:36:36.083		0.85432			4
2024.08.21	00:36:36.730		0.85431			4
2024.08.21	00:36:38.850		0.85432			4
2024.08.21	00:36:39.378		0.85431			4
2024.08.21	00:36:39.981		0.85432			4
2024.08.21	00:36:41.854		0.85431			4
2024.08.21	00:36:42.495		0.85430			4
2024.08.21	00:36:42.876		0.85432			4
2024.08.21	00:36:43.218		0.85431			4
2024.08.21	00:36:46.282		0.85430			4
2024.08.21	00:36:54.057		0.85429			4
2024.08.21	00:36:58.284		0.85428			4
2024.08.21	00:37:00.083	0.85380	0.85427			6
2024.08.21	00:37:01.884		0.85428			4
2024.08.21	00:37:08.682		0.85427			4
2024.08.21	00:37:09.379		0.85428			4
2024.08.21	00:37:17.977	0.85381				2
2024.08.21	00:37:19.415	0.85380				2
2024.08.21	00:37:20.531		0.85429			4
2024.08.21	00:37:25.285		0.85428			4
2024.08.21	00:37:32.779	0.85381				2
2024.08.21	00:37:34.121	0.85382	0.85426			6
2024.08.21	00:37:35.478	0.85383				2
2024.08.21	00:37:41.483	0.85382				2
2024.08.21	00:37:43.280	0.85383				2
2024.08.21	00:38:00.806	0.85383				2
2024.08.21	00:38:13.195	0.85384				2
2024.08.21	00:38:13.548	0.85385				2
2024.08.21	00:38:34.340		0.85426			4
2024.08.21	00:38:56.069	0.85384				2
2024.08.21	00:38:56.382	0.85385				2
2024.08.21	00:39:00.682	0.85384	0.85435			6
2024.08.21	00:39:01.769		0.85434			4
2024.08.21	00:39:16.029		0.85433			4
2024.08.21	00:39:16.344	0.85382	0.85428			6
2024.08.21	00:39:17.030	0.85380	0.85425			6
2024.08.21	00:39:18.407	0.85379				2
2024.08.21	00:39:19.499		0.85424			4
2024.08.21	00:39:25.090	0.85380	0.85425			6
2024.08.21	00:39:25.584	0.85379				2
2024.08.21	00:39:26.966		0.85424			4
2024.08.21	00:39:28.278	0.85378				2
2024.08.21	00:39:29.482		0.85423			4
2024.08.21	00:39:33.834	0.85376	0.85421			6
2024.08.21	00:39:34.282	0.85377	0.85423			6
2024.08.21	00:39:35.666		0.85422			4
2024.08.21	00:39:38.961		0.85423			4
2024.08.21	00:39:40.872		0.85422			4
2024.08.21	00:39:42.448	0.85376				2
2024.08.21	00:40:00.245	0.85376				2
2024.08.21	00:40:09.688		0.85421			4
2024.08.21	00:40:12.380	0.85375				2
2024.08.21	00:40:12.735	0.85376				2
2024.08.21	00:40:14.592	0.85377	0.85422			6
2024.08.21	00:40:24.795	0.85376				2
2024.08.21	00:40:29.779		0.85421			4
2024.08.21	00:40:35.484	0.85375	0.85420			6
2024.08.21	00:40:47.552	0.85370	0.85417			6
2024.08.21	00:40:48.453	0.85371				2
2024.08.21	00:40:49.159		0.85416			4
2024.08.21	00:40:50.478	0.85370				2
2024.08.21	00:40:53.217	0.85368				2
2024.08.21	00:40:55.586		0.85417			4
2024.08.21	00:40:56.365	0.85369	0.85416			6
2024.08.21	00:40:57.018	0.85368	0.85417			6
2024.08.21	00:40:57.638	0.85366				2
2024.08.21	00:40:57.949	0.85363				2
2024.08.21	00:40:58.872		0.85414			4
2024.08.21	00:40:59.488	0.85362	0.85415			6
2024.08.21	00:41:00.861	0.85362	0.85416			6
2024.08.21	00:41:01.186	0.85366	0.85414			6
2024.08.21	00:41:01.571	0.85364	0.85415			6
2024.08.21	00:41:01.939	0.85363				2
2024.08.21	00:41:02.481		0.85416			4
2024.08.21	00:41:03.041	0.85364				2
2024.08.21	00:41:03.379	0.85362	0.85417			6
2024.08.21	00:41:05.364	0.85363	0.85416			6
2024.08.21	00:41:05.782	0.85364	0.85415			6
2024.08.21	00:41:06.379	0.85365				2
2024.08.21	00:41:08.879	0.85364				2
2024.08.21	00:41:09.381		0.85416			4
2024.08.21	00:41:10.475	0.85365	0.85414			6
2024.08.21	00:41:11.574	0.85364	0.85415			6
2024.08.21	00:41:15.554	0.85363	0.85416			6
2024.08.21	00:41:20.481	0.85364				2
2024.08.21	00:41:20.816	0.85366				2
2024.08.21	00:41:21.155	0.85367	0.85415			6
2024.08.21	00:41:25.849	0.85365				2
2024.08.21	00:41:26.361	0.85364	0.85416			6
2024.08.21	00:41:27.200		0.85414			4
2024.08.21	00:41:30.978	0.85363	0.85415			6
2024.08.21	00:41:31.468	0.85365	0.85416			6
2024.08.21	00:41:32.075	0.85366	0.85414			6
2024.08.21	00:41:32.894	0.85367	0.85413			6
2024.08.21	00:41:34.142	0.85365	0.85416			6
2024.08.21	00:41:34.489	0.85367				2
2024.08.21	00:41:34.800	0.85366				2
2024.08.21	00:41:35.870	0.85370				2
2024.08.21	00:41:37.310	0.85365	0.85415			6
2024.08.21	00:41:37.622	0.85366	0.85414			6
2024.08.21	00:41:37.958	0.85364	0.85416			6
2024.08.21	00:41:39.568	0.85365	0.85414			6
2024.08.21	00:41:50.431	0.85364	0.85413			6
2024.08.21	00:41:51.681		0.85414			4
2024.08.21	00:41:53.666	0.85363				2
2024.08.21	00:41:57.596	0.85364				2
2024.08.21	00:41:57.981	0.85362	0.85415			6
2024.08.21	00:41:58.284	0.85365	0.85412			6
2024.08.21	00:41:58.747	0.85364	0.85414			6
2024.08.21	00:42:00.377	0.85364				2
2024.08.21	00:42:03.861		0.85415			4
2024.08.21	00:42:06.317	0.85365	0.85414			6
2024.08.21	00:42:06.981	0.85364	0.85415			6
2024.08.21	00:42:07.644		0.85416			4
2024.08.21	00:42:10.761	0.85367	0.85414			6
2024.08.21	00:42:11.119	0.85364				2
2024.08.21	00:42:12.939		0.85413			4
2024.08.21	00:42:13.544	0.85366	0.85415			6
2024.08.21	00:42:13.860	0.85368				2
2024.08.21	00:42:14.492	0.85367				2
2024.08.21	00:42:15.189	0.85364				2
2024.08.21	00:42:15.502		0.85413			4
2024.08.21	00:42:16.920	0.85367	0.85414			6
2024.08.21	00:42:17.490		0.85415			4
2024.08.21	00:42:18.066	0.85369	0.85414			6
2024.08.21	00:42:18.388	0.85365	0.85415			6
2024.08.21	00:42:22.165	0.85368	0.85412			6
2024.08.21	00:42:23.214	0.85371	0.85415			6
2024.08.21	00:42:24.355	0.85370				2
2024.08.21	00:42:26.261		0.85416			4
2024.08.21	00:42:27.065	0.85371	0.85415			6
2024.08.21	00:42:37.085	0.85369				2
2024.08.21	00:42:40.208		0.85414			4
2024.08.21	00:42:40.583	0.85370				2
2024.08.21	00:42:41.478		0.85415			4
2024.08.21	00:42:43.129	0.85365	0.85416			6
2024.08.21	00:42:45.028	0.85370	0.85415			6
2024.08.21	00:42:46.878		0.85416			4
2024.08.21	00:42:47.680	0.85366	0.85413			6
2024.08.21	00:42:49.736	0.85365	0.85412			6
2024.08.21	00:42:50.077	0.85364	0.85413			6
2024.08.21	00:42:53.717		0.85414			4
2024.08.21	00:42:55.817		0.85413			4
2024.08.21	00:42:57.481	0.85366	0.85415			6
2024.08.21	00:42:57.803	0.85370				2
2024.08.21	00:42:58.144		0.85413			4
2024.08.21	00:42:59.731	0.85369				2
2024.08.21	00:43:00.080	0.85369	0.85414			6
2024.08.21	00:43:00.470	0.85368	0.85415			6
2024.08.21	00:43:02.178		0.85414			4
2024.08.21	00:43:03.578		0.85415			4
2024.08.21	00:43:04.000	0.85367				2
2024.08.21	00:43:05.682		0.85413			4
2024.08.21	00:43:07.463	0.85366	0.85414			6
2024.08.21	00:43:11.359	0.85367	0.85413			6
2024.08.21	00:43:13.479	0.85366	0.85414			6
2024.08.21	00:43:13.851		0.85415			4
2024.08.21	00:43:16.228		0.85413			4
2024.08.21	00:43:17.482		0.85412			4
2024.08.21	00:43:25.280	0.85367				2
2024.08.21	00:43:27.079	0.85368	0.85415			6
2024.08.21	00:43:28.465	0.85367	0.85414			6
2024.08.21	00:43:38.179	0.85365	0.85415			6
2024.08.21	00:43:39.688	0.85367	0.85412			6
2024.08.21	00:43:40.002	0.85366	0.85415			6
2024.08.21	00:43:42.536	0.85368	0.85413			6
2024.08.21	00:43:43.754	0.85366	0.85414			6
2024.08.21	00:43:44.289	0.85368				2
2024.08.21	00:43:48.259	0.85367				2
2024.08.21	00:43:50.353		0.85415			4
2024.08.21	00:43:50.668	0.85366				2
2024.08.21	00:43:50.982	0.85367	0.85412			6
2024.08.21	00:43:51.978		0.85414			4
2024.08.21	00:43:52.287	0.85366				2
2024.08.21	00:43:52.848	0.85367	0.85413			6
2024.08.21	00:43:54.560		0.85414			4
2024.08.21	00:43:54.948	0.85366				2
2024.08.21	00:43:55.614	0.85368	0.85413			6
2024.08.21	00:43:57.391	0.85367				2
2024.08.21	00:43:59.178	0.85366				2
2024.08.21	00:44:00.893	0.85365	0.85415			6
2024.08.21	00:44:01.281	0.85368				2
2024.08.21	00:44:02.065	0.85366	0.85413			6
2024.08.21	00:44:02.400	0.85364	0.85414			6
2024.08.21	00:44:02.717	0.85370	0.85413			6
2024.08.21	00:44:03.027	0.85365	0.85414			6
2024.08.21	00:44:04.280		0.85415			4
2024.08.21	00:44:08.781		0.85413			4
2024.08.21	00:44:11.781	0.85364	0.85414			6
2024.08.21	00:44:12.081	0.85366	0.85413			6
2024.08.21	00:44:18.466	0.85364	0.85415			6
2024.08.21	00:44:21.235	0.85366	0.85413			6
2024.08.21	00:44:21.681	0.85367	0.85414			6
2024.08.21	00:44:23.028	0.85368	0.85413			6
2024.08.21	00:44:27.539	0.85367	0.85415			6
2024.08.21	00:44:28.357	0.85366	0.85414			6
2024.08.21	00:44:28.756	0.85368	0.85413			6
2024.08.21	00:44:30.960	0.85367	0.85414			6
2024.08.21	00:44:31.584	0.85365				2
2024.08.21	00:44:32.058	0.85366	0.85415			6
2024.08.21	00:44:33.872	0.85368	0.85414			6
2024.08.21	00:44:34.202	0.85366				2
2024.08.21	00:44:34.540	0.85365	0.85415			6
2024.08.21	00:44:35.178	0.85364				2
2024.08.21	00:44:36.980	0.85365	0.85414			6
2024.08.21	00:44:37.659	0.85367	0.85413			6
2024.08.21	00:44:39.797	0.85368	0.85414			6
2024.08.21	00:44:40.107	0.85367	0.85416			6
2024.08.21	00:44:41.051	0.85365				2
2024.08.21	00:44:43.499	0.85366	0.85414			6
2024.08.21	00:44:43.807	0.85368				2
2024.08.21	00:44:47.812	0.85366				2
2024.08.21	00:44:49.632	0.85371	0.85415			6
2024.08.21	00:44:50.228	0.85370				2
2024.08.21	00:44:50.796	0.85369	0.85416			6
2024.08.21	00:44:53.639	0.85367	0.85415			6
2024.08.21	00:44:56.652	0.85366	0.85416			6
2024.08.21	00:44:57.690		0.85417			4
2024.08.21	00:45:00.230	0.85367				2
2024.08.21	00:45:00.862	0.85366	0.85415			6
2024.08.21	00:45:01.736	0.85370	0.85418			6
2024.08.21	00:45:03.154	0.85366	0.85415			6
2024.08.21	00:45:04.107	0.85365	0.85416			6
2024.08.21	00:45:06.517	0.85376	0.85405			6
2024.08.21	00:45:07.459	0.85378	0.85403			6
2024.08.21	00:45:08.178	0.85377				2
2024.08.21	00:45:12.078	0.85381	0.85404			6
2024.08.21	00:45:12.382	0.85379	0.85405			6
2024.08.21	00:45:12.980	0.85380				2
2024.08.21	00:45:13.283	0.85378	0.85404			6
2024.08.21	00:45:20.239	0.85377	0.85403			6
2024.08.21	00:45:27.691	0.85378				2
2024.08.21	00:45:28.125	0.85379	0.85402			6
2024.08.21	00:45:28.581	0.85376				2
2024.08.21	00:45:31.736		0.85404			4
2024.08.21	00:45:32.185	0.85379	0.85402			6
2024.08.21	00:45:32.489	0.85376	0.85404			6
2024.08.21	00:45:33.857	0.85378	0.85403			6
2024.08.21	00:45:38.364	0.85379	0.85402			6
2024.08.21	00:45:39.378	0.85378				2
2024.08.21	00:45:40.488	0.85377				2
2024.08.21	00:45:41.234	0.85379	0.85404			6
2024.08.21	00:45:43.105	0.85376	0.85405			6
2024.08.21	00:45:46.901	0.85378	0.85403			6
2024.08.21	00:45:47.475		0.85404			4
2024.08.21	00:45:47.844	0.85376	0.85405			6
2024.08.21	00:45:50.666	0.85378	0.85404			6
2024.08.21	00:45:53.070	0.85379	0.85403			6
2024.08.21	00:45:55.469	0.85378	0.85404			6
2024.08.21	00:45:57.566	0.85379				2
2024.08.21	00:45:58.311	0.85380	0.85405			6
2024.08.21	00:46:00.080	0.85380				2
2024.08.21	00:46:00.613	0.85382	0.85403			6
2024.08.21	00:46:01.279	0.85381				2
2024.08.21	00:46:02.478	0.85380	0.85404			6
2024.08.21	00:46:04.161	0.85377	0.85402			6
2024.08.21	00:46:04.489	0.85376				2
2024.08.21	00:46:08.835	0.85378	0.85403			6
2024.08.21	00:46:10.834		0.85404			4
2024.08.21	00:46:11.480	0.85380				2
2024.08.21	00:46:14.385		0.85403			4
2024.08.21	00:46:15.291		0.85402			4
2024.08.21	00:46:15.605	0.85377	0.85403			6
2024.08.21	00:46:21.558	0.85381				2
2024.08.21	00:46:21.938	0.85379	0.85404			6
2024.08.21	00:46:24.262	0.85378	0.85402			6
2024.08.21	00:46:27.615	0.85377	0.85403			6
2024.08.21	00:46:29.778	0.85378				2
2024.08.21	00:46:30.465	0.85376				2
2024.08.21	00:46:31.307	0.85377	0.85402			6
2024.08.21	00:46:32.778	0.85378				2
2024.08.21	00:46:37.583	0.85376	0.85404			6
2024.08.21	00:46:37.985		0.85402			4
2024.08.21	00:46:39.681	0.85377				2
2024.08.21	00:46:40.160	0.85376	0.85404			6
2024.08.21	00:46:40.463	0.85377	0.85402			6
2024.08.21	00:46:41.780	0.85378				2
2024.08.21	00:46:42.379	0.85377				2
2024.08.21	00:46:42.739	0.85380	0.85399			6
2024.08.21	00:46:45.379		0.85400			4
2024.08.21	00:46:47.179	0.85381				2
2024.08.21	00:46:52.499	0.85382	0.85401			6
2024.08.21	00:46:58.880	0.85381	0.85400			6
2024.08.21	00:47:00.078	0.85381	0.85401			6
2024.08.21	00:47:00.414	0.85383	0.85402			6
2024.08.21	00:47:01.740	0.85381	0.85406			6
2024.08.21	00:47:03.157	0.85382	0.85401			6
2024.08.21	00:47:20.478	0.85381				2
2024.08.21	00:47:23.260	0.85382				2
2024.08.21	00:47:24.333	0.85379	0.85398			6
2024.08.21	00:47:25.352	0.85378	0.85401			6
2024.08.21	00:47:25.884	0.85382				2
2024.08.21	00:47:26.996	0.85383	0.85402			6
2024.08.21	00:47:27.982	0.85382				2
2024.08.21	00:47:30.524	0.85379	0.85399			6
2024.08.21	00:47:30.979	0.85378	0.85398			6
2024.08.21	00:47:31.834	0.85381	0.85401			6
2024.08.21	00:47:36.401	0.85378	0.85398			6
2024.08.21	00:47:36.784	0.85379	0.85399			6
2024.08.21	00:47:37.107	0.85382	0.85401			6
2024.08.21	00:47:39.378		0.85402			4
2024.08.21	00:47:41.761	0.85383				2
2024.08.21	00:47:42.750		0.85403			4
2024.08.21	00:47:44.739	0.85380	0.85400			6
2024.08.21	00:47:46.035	0.85381	0.85402			6
2024.08.21	00:47:50.132		0.85401			4
2024.08.21	00:47:50.782		0.85402			4
2024.08.21	00:47:58.860		0.85401			4
2024.08.21	00:48:00.652	0.85380				2
2024.08.21	00:48:03.187	0.85381				2
2024.08.21	00:48:10.594	0.85380	0.85402			6
2024.08.21	00:48:15.681	0.85381	0.85401			6
2024.08.21	00:48:18.774	0.85380	0.85402			6
2024.08.21	00:48:22.580		0.85401			4
2024.08.21	00:48:24.039	0.85381	0.85402			6
2024.08.21	00:48:24.377	0.85382				2
2024.08.21	00:48:26.779		0.85403			4
2024.08.21	00:48:28.067		0.85402			4
2024.08.21	00:48:30.082		0.85403			4
2024.08.21	00:48:38.125	0.85383				2
2024.08.21	00:48:41.479	0.85382				2
2024.08.21	00:48:42.980		0.85402			4
2024.08.21	00:48:43.362		0.85403			4
2024.08.21	00:48:47.630	0.85383				2
2024.08.21	00:48:48.241	0.85382				2
2024.08.21	00:48:53.816	0.85384	0.85404			6
2024.08.21	00:48:57.079	0.85383				2
2024.08.21	00:49:01.880	0.85383				2
2024.08.21	00:49:03.079		0.85403			4
2024.08.21	00:49:03.985	0.85382	0.85402			6
2024.08.21	00:49:09.681		0.85403			4
2024.08.21	00:49:11.277	0.85381				2
2024.08.21	00:49:19.252	0.85389				2
2024.08.21	00:49:20.764		0.85404			4
2024.08.21	00:49:33.082		0.85403			4
2024.08.21	00:49:52.492		0.85405			4
2024.08.21	00:49:55.726		0.85406			4
2024.08.21	00:49:56.178		0.85405			4
2024.08.21	00:49:57.679		0.85406			4
2024.08.21	00:49:59.778		0.85405			4
2024.08.21	00:50:01.036	0.85389	0.85404			6
2024.08.21	00:50:19.282		0.85405			4
2024.08.21	00:50:22.880		0.85406			4
2024.08.21	00:50:30.764		0.85407			4
2024.08.21	00:50:49.095		0.85405			4
2024.08.21	00:51:00.466	0.85389	0.85407			6
2024.08.21	00:51:00.799		0.85406			4
2024.08.21	00:51:01.279	0.85391	0.85407			6
2024.08.21	00:51:28.880		0.85406			4
2024.08.21	00:51:50.808		0.85407			4
2024.08.21	00:51:52.621		0.85406			4
2024.08.21	00:52:00.081	0.85391				2
2024.08.21	00:52:14.488		0.85407			4
2024.08.21	00:52:23.180		0.85406			4
2024.08.21	00:52:28.672		0.85407			4
2024.08.21	00:52:30.379		0.85406			4
2024.08.21	00:52:34.881		0.85407			4
2024.08.21	00:53:00.799	0.85391				2
2024.08.21	00:53:01.863	0.85386				2
2024.08.21	00:53:09.092	0.85387				2
2024.08.21	00:53:30.780	0.85386				2
2024.08.21	00:53:35.178	0.85387	0.85407			6
2024.08.21	00:53:37.880	0.85386				2
2024.08.21	00:53:45.407	0.85383	0.85405			6
2024.08.21	00:53:45.875	0.85385				2
2024.08.21	00:53:47.784	0.85386	0.85406			6
2024.08.21	00:54:00.398	0.85386				2
2024.08.21	00:54:08.785	0.85387	0.85407			6
2024.08.21	00:54:27.984		0.85408			4
2024.08.21	00:54:30.081		0.85407			4
2024.08.21	00:54:36.078	0.85388	0.85408			6
2024.08.21	00:54:37.580	0.85387	0.85407			6
2024.08.21	00:55:00.412	0.85387				2
2024.08.21	00:55:18.988		0.85406			4
2024.08.21	00:55:19.582	0.85385	0.85405			6
2024.08.21	00:55:23.478	0.85386	0.85406			6
2024.08.21	00:55:39.005	0.85387				2
2024.08.21	00:55:45.378	0.85386	0.85405			6
2024.08.21	00:55:45.692	0.85385				2
2024.08.21	00:55:46.279	0.85386				2
2024.08.21	00:56:00.558	0.85386				2
2024.08.21	00:56:21.873	0.85387	0.85406			6
2024.08.21	00:56:37.599		0.85405			4
2024.08.21	00:56:39.686	0.85386				2
2024.08.21	00:56:40.773	0.85387				2
2024.08.21	00:56:42.081	0.85386				2
2024.08.21	00:56:57.868	0.85388	0.85407			6
2024.08.21	00:56:58.357	0.85387				2
2024.08.21	00:56:59.970		0.85405			4
2024.08.21	00:57:00.464	0.85387				2
2024.08.21	00:57:01.879	0.85386				2
2024.08.21	00:57:02.779	0.85385	0.85404			6
2024.08.21	00:57:04.110	0.85386	0.85405			6
2024.08.21	00:57:04.682	0.85385	0.85404			6
2024.08.21	00:57:05.180	0.85384	0.85403			6
2024.08.21	00:57:06.251	0.85385	0.85405			6
2024.08.21	00:57:07.983	0.85386				2
2024.08.21	00:57:09.064	0.85384	0.85403			6
2024.08.21	00:57:11.179	0.85383	0.85402			6
2024.08.21	00:57:11.487	0.85382				2
2024.08.21	00:57:11.889	0.85383				2
2024.08.21	00:57:18.857	0.85385	0.85404			6
2024.08.21	00:57:25.446	0.85386	0.85405			6
2024.08.21	00:57:45.420	0.85385	0.85404			6
2024.08.21	00:57:50.879	0.85384				2
2024.08.21	00:57:52.356		0.85403			4
2024.08.21	00:57:58.260	0.85385	0.85404			6
2024.08.21	00:58:00.303	0.85381	0.85403			6
2024.08.21	00:58:08.604	0.85384	0.85404			6
2024.08.21	00:58:10.050	0.85385				2
2024.08.21	00:58:10.402	0.85383	0.85402			6
2024.08.21	00:58:10.772	0.85382	0.85403			6
2024.08.21	00:58:11.483		0.85401			4
2024.08.21	00:58:18.096	0.85381	0.85402			6
2024.08.21	00:58:20.780	0.85383				2
2024.08.21	00:58:21.601	0.85384	0.85403			6
2024.08.21	00:58:23.455	0.85385	0.85404			6
2024.08.21	00:58:42.272	0.85386	0.85405			6
2024.08.21	00:58:46.733	0.85384	0.85404			6
2024.08.21	00:58:50.773	0.85383	0.85403			6
2024.08.21	00:58:52.216	0.85386	0.85406			6
2024.08.21	00:58:53.794	0.85383	0.85403			6
2024.08.21	00:58:57.082	0.85384				2
2024.08.21	00:59:00.586	0.85384				2
2024.08.21	00:59:06.083		0.85404			4
2024.08.21	00:59:07.225	0.85382	0.85402			6
2024.08.21	00:59:08.320	0.85383	0.85403			6
2024.08.21	00:59:09.077	0.85387	0.85407			6
2024.08.21	00:59:09.382	0.85386	0.85406			6
2024.08.21	00:59:10.205	0.85385	0.85405			6
2024.08.21	00:59:21.185	0.85365	0.85416			6
2024.08.21	00:59:21.701	0.85367	0.85417			6
2024.08.21	00:59:22.885	0.85369				2
2024.08.21	00:59:23.734	0.85370				2
2024.08.21	00:59:25.583	0.85371				2
2024.08.21	00:59:27.082	0.85372				2
2024.08.21	00:59:28.580	0.85373	0.85416			6
2024.08.21	00:59:29.781	0.85374	0.85415			6
2024.08.21	00:59:31.092		0.85411			4
2024.08.21	00:59:35.181	0.85375	0.85409			6
2024.08.21	00:59:38.479	0.85376				2
2024.08.21	00:59:41.818		0.85408			4
2024.08.21	00:59:45.084	0.85377				2
2024.08.21	00:59:45.789	0.85367	0.85416			6
2024.08.21	00:59:46.894	0.85368				2
2024.08.21	00:59:50.180	0.85369				2
2024.08.21	00:59:53.366	0.85370	0.85415			6
2024.08.21	00:59:55.880	0.85371	0.85414			6
2024.08.21	00:59:57.338	0.85373	0.85412			6
2024.08.21	00:59:59.160		0.85414			4
2024.08.21	00:59:59.641	0.85374	0.85413			6
2024.08.21	00:59:59.945	0.85375	0.85411			6
2024.08.21	01:00:00.314	0.85378	0.85409			6
2024.08.21	01:00:00.701	0.85377	0.85407			6
2024.08.21	01:00:01.333	0.85380	0.85402			6
2024.08.21	01:00:02.024	0.85377	0.85399			6
2024.08.21	01:00:02.370	0.85372	0.85397			6
2024.08.21	01:00:02.757	0.85373	0.85398			6
2024.08.21	01:00:03.919		0.85395			4
2024.08.21	01:00:04.666	0.85375	0.85397			6
2024.08.21	01:00:05.279	0.85372	0.85392			6
2024.08.21	01:00:05.583		0.85394			4
2024.08.21	01:00:05.917		0.85397			4
2024.08.21	01:00:06.224		0.85395			4
2024.08.21	01:00:07.240		0.85394			4
2024.08.21	01:00:07.541		0.85392			4
2024.08.21	01:00:08.910		0.85394			4
2024.08.21	01:00:09.242	0.85378	0.85397			6
2024.08.21	01:00:09.565		0.85395			4
2024.08.21	01:00:10.528		0.85402			4
2024.08.21	01:00:10.880		0.85403			4
2024.08.21	01:00:11.204		0.85404			4
2024.08.21	01:00:11.901		0.85397			4
2024.08.21	01:00:12.220		0.85403			4
2024.08.21	01:00:12.610		0.85399			4
2024.08.21	01:00:13.126		0.85395			4
2024.08.21	01:00:13.428	0.85383	0.85404			6
2024.08.21	01:00:13.755	0.85381	0.85403			6
2024.08.21	01:00:16.380		0.85401			4
2024.08.21	01:00:16.686		0.85400			4
2024.08.21	01:00:18.296	0.85391				2
2024.08.21	01:00:18.603		0.85405			4
2024.08.21	01:00:19.701		0.85406			4
2024.08.21	01:00:21.488	0.85386	0.85398			6
2024.08.21	01:00:21.804	0.85389	0.85399			6
2024.08.21	01:00:22.126		0.85402			4
2024.08.21	01:00:23.449		0.85401			4
2024.08.21	01:00:23.856	0.85387	0.85399			6
2024.08.21	01:00:27.351	0.85385	0.85397			6
2024.08.21	01:00:27.896	0.85387	0.85399			6
2024.08.21	01:00:33.080		0.85394			4
2024.08.21	01:00:35.100	0.85380	0.85387			6
2024.08.21	01:00:40.341	0.85382	0.85389			6
2024.08.21	01:00:48.315	0.85383				2
2024.08.21	01:00:51.539	0.85382				2
2024.08.21	01:00:53.356		0.85390			4
2024.08.21	01:00:59.602	0.85383				2
2024.08.21	01:01:00.311	0.85388	0.85395			6
2024.08.21	01:01:00.615	0.85390	0.85396			6
2024.08.21	01:01:00.923	0.85387				2
2024.08.21	01:01:01.247		0.85395			4
2024.08.21	01:01:02.352	0.85383	0.85391			6
2024.08.21	01:01:03.801		0.85390			4
2024.08.21	01:01:04.124	0.85382				2
2024.08.21	01:01:10.090	0.85380	0.85388			6
2024.08.21	01:01:19.855	0.85385	0.85393			6
2024.08.21	01:01:20.555		0.85392			4
2024.08.21	01:01:26.460		0.85393			4
2024.08.21	01:01:26.834	0.85386				2
2024.08.21	01:01:27.635	0.85385				2
2024.08.21	01:01:27.945	0.85386				2
2024.08.21	01:01:28.354	0.85385				2
2024.08.21	01:01:28.946	0.85386				2
2024.08.21	01:01:29.698	0.85388	0.85395			6
2024.08.21	01:01:35.313		0.85394			4
2024.08.21	01:01:35.697	0.85385	0.85392			6
2024.08.21	01:01:36.184	0.85387	0.85394			6
2024.08.21	01:01:37.478		0.85392			4
2024.08.21	01:01:46.235		0.85393			4
2024.08.21	01:01:49.197	0.85389	0.85390			6
2024.08.21	01:01:57.845		0.85392			4
2024.08.21	01:02:01.879	0.85389				2
2024.08.21	01:02:04.379	0.85385				2
2024.08.21	01:02:15.058	0.85383	0.85390			6
2024.08.21	01:02:16.745	0.85386				2
2024.08.21	01:02:20.154		0.85392			4
2024.08.21	01:02:21.962	0.85388	0.85393			6
2024.08.21	01:02:22.712	0.85386				2
2024.08.21	01:02:33.408	0.85387				2
2024.08.21	01:02:37.274	0.85386				2
2024.08.21	01:02:39.101	0.85387				2
2024.08.21	01:02:42.873	0.85388				2
2024.08.21	01:02:43.180		0.85392			4
2024.08.21	01:02:55.653		0.85399			4
2024.08.21	01:02:56.403		0.85394			4
2024.08.21	01:02:59.527	0.85386	0.85391			6
2024.08.21	01:03:00.080	0.85386				2
2024.08.21	01:03:00.454	0.85389				2
2024.08.21	01:03:04.379		0.85393			4
2024.08.21	01:03:15.681		0.85395			4
2024.08.21	01:03:39.680	0.85387				2
2024.08.21	01:03:42.115		0.85394			4
2024.08.21	01:03:52.808		0.85397			4
2024.08.21	01:03:54.349	0.85385	0.85393			6
2024.08.21	01:03:54.902		0.85392			4
2024.08.21	01:03:59.185		0.85394			4
2024.08.21	01:04:00.351	0.85385				2
2024.08.21	01:04:02.073	0.85384	0.85393			6
2024.08.21	01:04:36.145		0.85390			4
2024.08.21	01:04:36.959	0.85383				2
2024.08.21	01:04:56.362	0.85382				2
2024.08.21	01:05:00.426	0.85384				2
2024.08.21	01:05:01.881	0.85386				2
2024.08.21	01:05:04.107	0.85390	0.85395			6
2024.08.21	01:05:04.425	0.85391	0.85398			6
2024.08.21	01:05:04.849	0.85392				2
2024.08.21	01:05:14.559	0.85391				2
2024.08.21	01:05:14.993	0.85392				2
2024.08.21	01:05:17.738	0.85394	0.85400			6
2024.08.21	01:05:18.042	0.85390				2
2024.08.21	01:05:18.721	0.85392	0.85398			6
2024.08.21	01:05:23.436	0.85391	0.85397			6
2024.08.21	01:05:23.756	0.85390	0.85395			6
2024.08.21	01:05:31.614	0.85391				2
2024.08.21	01:05:39.463	0.85390				2
2024.08.21	01:06:00.586	0.85389				2
2024.08.21	01:06:12.075	0.85390	0.85396			6
2024.08.21	01:06:15.351	0.85389	0.85399			6
2024.08.21	01:06:15.994	0.85390	0.85396			6
2024.08.21	01:06:53.076	0.85391				2
2024.08.21	01:06:56.632	0.85393				2
2024.08.21	01:06:57.687	0.85391				2
2024.08.21	01:07:00.078	0.85391				2
2024.08.21	01:07:01.376		0.85397			4
2024.08.21	01:07:02.323	0.85392	0.85398			6
2024.08.21	01:07:02.658	0.85393	0.85399			6
2024.08.21	01:07:45.374	0.85394				2
2024.08.21	01:08:00.582	0.85393				2
2024.08.21	01:08:01.371	0.85392	0.85397			6
2024.08.21	01:08:03.076	0.85391				2
2024.08.21	01:08:05.121	0.85395	0.85401			6
2024.08.21	01:08:05.430		0.85402			4
2024.08.21	01:08:06.412	0.85396				2
2024.08.21	01:08:07.280	0.85395				2
2024.08.21	01:08:15.486	0.85396				2
2024.08.21	01:08:25.476	0.85397				2
2024.08.21	01:08:26.179		0.85403			4
2024.08.21	01:08:42.696	0.85396				2
2024.08.21	01:08:46.455	0.85395	0.85402			6
2024.08.21	01:08:55.917	0.85396				2
2024.08.21	01:08:59.752	0.85395	0.85401			6
2024.08.21	01:09:00.423	0.85394	0.85400			6
2024.08.21	01:09:00.743		0.85399			4
2024.08.21	01:09:14.223	0.85397	0.85401			6
2024.08.21	01:09:26.555	0.85395	0.85402			6
2024.08.21	01:09:32.969	0.85396				2
2024.08.21	01:09:38.543	0.85395				2
2024.08.21	01:09:40.475	0.85396				2
2024.08.21	01:09:56.321	0.85400	0.85404			6
2024.08.21	01:09:57.030	0.85401	0.85405			6
2024.08.21	01:09:57.348		0.85404			4
2024.08.21	01:09:58.841	0.85400				2
2024.08.21	01:10:00.079	0.85400				2
2024.08.21	01:10:12.549	0.85399	0.85403			6
2024.08.21	01:10:12.946	0.85398				2
2024.08.21	01:10:18.462		0.85402			4
2024.08.21	01:10:19.373		0.85403			4
2024.08.21	01:10:20.472	0.85397				2
2024.08.21	01:10:20.796		0.85402			4
2024.08.21	01:10:23.180	0.85396				2
2024.08.21	01:10:54.182		0.85403			4
2024.08.21	01:11:00.422	0.85397	0.85402			6
2024.08.21	01:11:29.183	0.85398				2
2024.08.21	01:11:42.688	0.85395				2
2024.08.21	01:11:42.991	0.85396	0.85403			6
2024.08.21	01:11:44.075	0.85395	0.85402			6
2024.08.21	01:11:44.599	0.85396				2
2024.08.21	01:11:45.573	0.85395				2
2024.08.21	01:11:46.027	0.85396				2
2024.08.21	01:11:57.136		0.85403			4
2024.08.21	01:11:57.520	0.85394	0.85401			6
2024.08.21	01:12:00.427	0.85395	0.85402			6
2024.08.21	01:12:08.597	0.85396	0.85403			6
2024.08.21	01:12:09.290	0.85395	0.85402			6
2024.08.21	01:12:11.038	0.85397	0.85404			6
2024.08.21	01:12:18.002	0.85400				2
2024.08.21	01:12:18.334	0.85399				2
2024.08.21	01:12:24.934	0.85400				2
2024.08.21	01:12:31.007	0.85397	0.85402			6
2024.08.21	01:12:39.452		0.85403			4
2024.08.21	01:12:55.073	0.85398				2
2024.08.21	01:12:59.325	0.85397				2
2024.08.21	01:13:00.375	0.85397				2
2024.08.21	01:13:04.402	0.85395	0.85402			6
2024.08.21	01:13:04.911		0.85401			4
2024.08.21	01:13:09.184	0.85396	0.85400			6
2024.08.21	01:13:10.306	0.85395				2
2024.08.21	01:13:11.062	0.85394				2
2024.08.21	01:13:12.111	0.85393				2
2024.08.21	01:13:18.331		0.85399			4
2024.08.21	01:13:36.113	0.85396	0.85400			6
2024.08.21	01:13:37.689	0.85399	0.85405			6
2024.08.21	01:13:47.966		0.85404			4
2024.08.21	01:13:51.852	0.85400				2
2024.08.21	01:14:00.430	0.85400				2
2024.08.21	01:14:02.494	0.85399				2
2024.08.21	01:14:04.475		0.85405			4
2024.08.21	01:14:06.528	0.85400				2
2024.08.21	01:14:08.941		0.85404			4
2024.08.21	01:14:18.371		0.85405			4
2024.08.21	01:14:19.208		0.85404			4
2024.08.21	01:14:22.677	0.85402	0.85403			6
2024.08.21	01:14:29.675	0.85400	0.85402			6
2024.08.21	01:14:37.921		0.85403			4
2024.08.21	01:14:38.451	0.85401				2
2024.08.21	01:14:43.550	0.85402	0.85405			6
2024.08.21	01:14:44.259		0.85404			4
2024.08.21	01:14:57.274		0.85405			4
2024.08.21	01:15:00.373	0.85402				2
2024.08.21	01:15:15.917	0.85401	0.85404			6
2024.08.21	01:15:25.335		0.85405			4
2024.08.21	01:15:25.643		0.85403			4
2024.08.21	01:15:27.528		0.85404			4
2024.08.21	01:15:41.449		0.85403			4
2024.08.21	01:16:00.157	0.85401				2
2024.08.21	01:16:02.525	0.85399				2
2024.08.21	01:16:02.833		0.85402			4
2024.08.21	01:16:03.142		0.85403			4
2024.08.21	01:16:11.468	0.85398	0.85402			6
2024.08.21	01:16:12.909	0.85399				2
2024.08.21	01:16:16.683		0.85403			4
2024.08.21	01:16:33.342	0.85402	0.85406			6
2024.08.21	01:16:46.103	0.85403	0.85407			6
2024.08.21	01:17:00.441	0.85403	0.85406			6
2024.08.21	01:17:02.387		0.85407			4
2024.08.21	01:17:04.072	0.85402	0.85406			6
2024.08.21	01:17:14.732	0.85404	0.85408			6
2024.08.21	01:17:25.481	0.85405	0.85409			6
2024.08.21	01:17:34.602	0.85407	0.85411			6
2024.08.21	01:17:39.953	0.85405	0.85410			6
2024.08.21	01:17:45.056	0.85404	0.85409			6
2024.08.21	01:17:47.728	0.85405	0.85410			6
2024.08.21	01:17:57.192	0.85404	0.85409			6
2024.08.21	01:18:00.456	0.85404				2
2024.08.21	01:18:00.765	0.85403	0.85408			6
2024.08.21	01:18:18.481	0.85402	0.85407			6
2024.08.21	01:18:18.848	0.85403	0.85408			6
2024.08.21	01:18:23.670	0.85400	0.85404			6
2024.08.21	01:18:25.604	0.85399				2
2024.08.21	01:18:32.222	0.85403	0.85408			6
2024.08.21	01:18:48.936	0.85402	0.85407			6
2024.08.21	01:18:49.274	0.85403				2
2024.08.21	01:18:51.405		0.85408			4
2024.08.21	01:19:00.479	0.85403	0.85407			6
2024.08.21	01:19:04.387		0.85408			4
2024.08.21	01:19:05.907		0.85407			4
2024.08.21	01:19:26.920		0.85408			4
2024.08.21	01:19:27.236		0.85407			4
2024.08.21	01:19:29.621	0.85404	0.85408			6
2024.08.21	01:19:37.183	0.85402	0.85407			6
2024.08.21	01:19:43.043	0.85401	0.85406			6
2024.08.21	01:19:50.712	0.85402	0.85407			6
2024.08.21	01:20:00.317	0.85402				2
2024.08.21	01:20:03.499	0.85403				2
2024.08.21	01:20:12.180		0.85408			4
2024.08.21	01:20:20.205		0.85407			4
2024.08.21	01:20:28.131	0.85402				2
2024.08.21	01:20:58.672	0.85403				2
2024.08.21	01:20:58.983		0.85408			4
2024.08.21	01:21:00.341	0.85403				2
2024.08.21	01:21:01.826		0.85407			4
2024.08.21	01:21:08.724	0.85402				2
2024.08.21	01:21:41.584	0.85403				2
2024.08.21	01:21:41.904		0.85408			4
2024.08.21	01:21:44.242		0.85407			4
2024.08.21	01:21:52.182		0.85408			4
2024.08.21	01:22:00.283	0.85403				2
2024.08.21	01:22:03.247	0.85401	0.85406			6
2024.08.21	01:22:05.722	0.85402	0.85407			6
2024.08.21	01:22:08.582		0.85406			4
2024.08.21	01:22:12.078		0.85407			4
2024.08.21	01:22:19.376		0.85406			4
2024.08.21	01:22:22.720	0.85401				2
2024.08.21	01:22:23.937	0.85402	0.85407			6
2024.08.21	01:22:35.841	0.85401	0.85406			6
2024.08.21	01:22:38.787	0.85402	0.85407			6
2024.08.21	01:22:39.871	0.85403	0.85408			6
2024.08.21	01:22:45.652		0.85407			4
2024.08.21	01:22:51.627		0.85408			4
2024.08.21	01:22:52.497		0.85407			4
2024.08.21	01:22:52.822		0.85408			4
2024.08.21	01:23:00.046	0.85403				2
2024.08.21	01:23:04.706		0.85407			4
2024.08.21	01:23:07.279	0.85402				2
2024.08.21	01:23:18.766	0.85401				2
2024.08.21	01:23:19.859		0.85406			4
2024.08.21	01:23:21.062		0.85407			4
2024.08.21	01:23:23.355		0.85404			4
2024.08.21	01:23:24.440	0.85399				2
2024.08.21	01:23:33.463	0.85398	0.85403			6
2024.08.21	01:24:00.143	0.85398				2
2024.08.21	01:24:11.940	0.85400				2
2024.08.21	01:24:12.247	0.85401	0.85405			6
2024.08.21	01:24:15.224	0.85399	0.85404			6
2024.08.21	01:24:17.775	0.85400				2
2024.08.21	01:24:24.064	0.85401				2
2024.08.21	01:24:34.627	0.85400				2
2024.08.21	01:24:58.389	0.85403				2
2024.08.21	01:25:00.405	0.85403				2
2024.08.21	01:25:02.764	0.85404	0.85405			6
2024.08.21	01:25:08.219	0.85401	0.85404			6
2024.08.21	01:26:00.035	0.85401				2
2024.08.21	01:26:08.636		0.85404			4
2024.08.21	01:26:15.484	0.85399				2
2024.08.21	01:26:59.460	0.85400				2
2024.08.21	01:27:00.619	0.85400				2
2024.08.21	01:27:07.166	0.85401				2
2024.08.21	01:27:09.409		0.85404			4
2024.08.21	01:27:14.928	0.85400				2
2024.08.21	01:27:55.580	0.85401	0.85402			6
2024.08.21	01:27:55.901	0.85400				2
2024.08.21	01:27:56.221		0.85403			4
2024.08.21	01:28:01.550	0.85400				2
2024.08.21	01:28:12.903	0.85399				2
2024.08.21	01:28:13.556		0.85401			4
2024.08.21	01:28:13.880		0.85402			4
2024.08.21	01:28:16.600	0.85398				2
2024.08.21	01:28:18.970	0.85399				2
2024.08.21	01:29:00.891	0.85399				2
2024.08.21	01:29:14.605		0.85402			4
2024.08.21	01:29:23.769		0.85403			4
2024.08.21	01:29:29.265		0.85404			4
2024.08.21	01:29:47.928	0.85400	0.85403			6
2024.08.21	01:29:49.145	0.85399				2
2024.08.21	01:29:56.831	0.85398	0.85402			6
2024.08.21	01:29:57.918	0.85399				2
2024.08.21	01:30:00.305	0.85399				2
2024.08.21	01:30:01.779	0.85398	0.85403			6
2024.08.21	01:30:03.230	0.85399	0.85402			6
2024.08.21	01:30:03.638	0.85402	0.85403			6
2024.08.21	01:30:05.405	0.85404	0.85405			6
2024.08.21	01:30:05.746		0.85406			4
2024.08.21	01:30:08.190		0.85407			4
2024.08.21	01:30:09.467		0.85406			4
2024.08.21	01:30:21.378	0.85403				2
2024.08.21	01:30:25.069	0.85404				2
2024.08.21	01:30:31.195	0.85403				2
2024.08.21	01:30:31.497	0.85404	0.85407			6
2024.08.21	01:30:48.956		0.85406			4
2024.08.21	01:31:00.079	0.85404				2
2024.08.21	01:31:00.862	0.85402	0.85404			6
2024.08.21	01:31:01.182	0.85400				2
2024.08.21	01:31:03.824	0.85401	0.85403			6
2024.08.21	01:31:19.990		0.85402			4
2024.08.21	01:31:30.234	0.85402	0.85403			6
2024.08.21	01:31:43.675	0.85401	0.85402			6
2024.08.21	01:31:48.198	0.85402	0.85403			6
2024.08.21	01:32:00.244	0.85402				2
2024.08.21	01:32:00.581	0.85400	0.85401			6
2024.08.21	01:32:01.005	0.85399				2
2024.08.21	01:32:04.012	0.85398				2
2024.08.21	01:32:04.323	0.85399				2
2024.08.21	01:32:04.906	0.85398				2
2024.08.21	01:32:06.405	0.85399				2
2024.08.21	01:32:21.626	0.85397	0.85398			6
2024.08.21	01:32:22.253	0.85398	0.85400			6
2024.08.21	01:32:25.689	0.85399				2
2024.08.21	01:32:26.164	0.85398	0.85401			6
2024.08.21	01:32:30.679	0.85399				2
2024.08.21	01:32:37.983	0.85403	0.85405			6
2024.08.21	01:32:41.046	0.85404	0.85406			6
2024.08.21	01:33:01.198	0.85404				2
2024.08.21	01:33:09.374	0.85405				2
2024.08.21	01:33:10.624	0.85404				2
2024.08.21	01:33:21.723	0.85403	0.85407			6
2024.08.21	01:33:31.399	0.85404	0.85406			6
2024.08.21	01:33:41.835	0.85403				2
2024.08.21	01:33:45.905		0.85407			4
2024.08.21	01:33:46.263	0.85402	0.85406			6
2024.08.21	01:33:51.636	0.85400	0.85402			6
2024.08.21	01:33:51.950	0.85401				2
2024.08.21	01:34:00.396	0.85401				2
2024.08.21	01:34:03.865	0.85400				2
2024.08.21	01:34:04.872	0.85399	0.85401			6
2024.08.21	01:34:12.278		0.85400			4
2024.08.21	01:34:21.507	0.85400	0.85401			6
2024.08.21	01:34:38.331	0.85398	0.85399			6
2024.08.21	01:34:43.434		0.85400			4
2024.08.21	01:34:53.444	0.85396	0.85397			6
2024.08.21	01:34:53.765	0.85395				2
2024.08.21	01:35:00.575	0.85395				2
2024.08.21	01:35:12.759	0.85394	0.85396			6
2024.08.21	01:35:54.046	0.85393	0.85395			6
2024.08.21	01:36:00.115	0.85393				2
2024.08.21	01:36:03.686	0.85392				2
2024.08.21	01:36:14.769	0.85393				2
2024.08.21	01:36:45.301	0.85394				2
2024.08.21	01:36:54.356		0.85395			4
2024.08.21	01:37:00.451	0.85394	0.85396			6
2024.08.21	01:37:00.758		0.85395			4
2024.08.21	01:37:17.054	0.85393				2
2024.08.21	01:37:20.635	0.85394				2
2024.08.21	01:37:23.641	0.85393				2
2024.08.21	01:37:25.470	0.85394				2
2024.08.21	01:37:29.627	0.85395	0.85400			6
2024.08.21	01:37:31.440	0.85397				2
2024.08.21	01:37:34.606	0.85395				2
2024.08.21	01:37:35.039		0.85401			4
2024.08.21	01:37:38.361	0.85397	0.85400			6
2024.08.21	01:37:46.634	0.85396				2
2024.08.21	01:37:50.634	0.85397				2
2024.08.21	01:38:02.372	0.85397				2
2024.08.21	01:38:05.131		0.85399			4
2024.08.21	01:38:05.460	0.85396	0.85401			6
2024.08.21	01:38:11.523	0.85398	0.85400			6
2024.08.21	01:38:11.853	0.85397	0.85401			6
2024.08.21	01:38:26.381	0.85396				2
2024.08.21	01:38:36.167		0.85400			4
2024.08.21	01:38:51.332		0.85401			4
2024.08.21	01:39:00.297	0.85395				2
2024.08.21	01:39:04.358		0.85400			4
2024.08.21	01:39:06.390		0.85396			4
2024.08.21	01:39:07.102		0.85397			4
2024.08.21	01:39:12.825		0.85396			4
2024.08.21	01:39:20.460		0.85397			4
2024.08.21	01:39:21.384		0.85396			4
2024.08.21	01:39:21.772		0.85397			4
2024.08.21	01:39:34.251		0.85396			4
2024.08.21	01:39:37.036	0.85396	0.85397			6
2024.08.21	01:40:00.170	0.85396				2
2024.08.21	01:40:03.304	0.85395	0.85396			6
2024.08.21	01:40:06.308	0.85397	0.85398			6
2024.08.21	01:40:06.608		0.85399			4
2024.08.21	01:40:16.575	0.85398				2
2024.08.21	01:40:24.086	0.85396	0.85397			6
2024.08.21	01:40:39.688	0.85395	0.85396			6
2024.08.21	01:40:48.463	0.85396	0.85397			6
2024.08.21	01:40:48.887	0.85395	0.85396			6
2024.08.21	01:40:52.012	0.85396	0.85397			6
2024.08.21	01:40:57.276	0.85395	0.85396			6
2024.08.21	01:41:00.507	0.85395				2
2024.08.21	01:41:38.222	0.85396	0.85397			6
2024.08.21	01:41:41.279	0.85398	0.85399			6
2024.08.21	01:41:41.811	0.85396	0.85397			6
2024.08.21	01:41:58.800	0.85395	0.85396			6
2024.08.21	01:42:00.615	0.85395				2
2024.08.21	01:42:17.532	0.85393				2
2024.08.21	01:42:17.855		0.85395			4
2024.08.21	01:42:21.895	0.85394				2
2024.08.21	01:42:23.171	0.85393				2
2024.08.21	01:42:42.058	0.85394				2
2024.08.21	01:43:00.366	0.85394				2
2024.08.21	01:43:19.812		0.85395			4
2024.08.21	01:43:30.892	0.85395	0.85396			6
2024.08.21	01:43:53.359	0.85394	0.85395			6
2024.08.21	01:44:01.001	0.85394				2
2024.08.21	01:44:03.444	0.85395	0.85396			6
2024.08.21	01:44:31.278	0.85394	0.85395			6
2024.08.21	01:44:33.309	0.85397	0.85399			6
2024.08.21	01:44:33.973		0.85400			4
2024.08.21	01:44:34.751	0.85395	0.85397			6
2024.08.21	01:44:36.894	0.85396				2
2024.08.21	01:44:44.140	0.85395				2
2024.08.21	01:44:52.415	0.85396				2
2024.08.21	01:45:00.521	0.85396				2
2024.08.21	01:45:15.142	0.85395	0.85396			6
2024.08.21	01:45:52.660	0.85394	0.85395			6
2024.08.21	01:46:00.427	0.85394				2
2024.08.21	01:46:02.551	0.85393				2
2024.08.21	01:46:11.390	0.85394				2
2024.08.21	01:46:12.833	0.85392				2
2024.08.21	01:46:22.202		0.85393			4
2024.08.21	01:46:47.373	0.85391	0.85392			6
2024.08.21	01:46:48.209	0.85393	0.85394			6
2024.08.21	01:47:02.128	0.85393				2
2024.08.21	01:47:02.646	0.85392	0.85393			6
2024.08.21	01:47:04.414	0.85391	0.85392			6
2024.08.21	01:47:56.809	0.85392	0.85393			6
2024.08.21	01:47:57.195	0.85391	0.85392			6
2024.08.21	01:48:01.205	0.85391				2
2024.08.21	01:48:10.581	0.85392	0.85393			6
2024.08.21	01:48:11.701	0.85393	0.85394			6
2024.08.21	01:48:20.776	0.85392	0.85393			6
2024.08.21	01:48:30.557	0.85391	0.85392			6
2024.08.21	01:48:48.735	0.85390	0.85391			6
2024.08.21	01:48:49.035	0.85389	0.85390			6
2024.08.21	01:48:53.739	0.85390	0.85391			6
2024.08.21	01:49:01.358	0.85390				2
2024.08.21	01:49:05.237	0.85391	0.85392			6
2024.08.21	01:49:10.232	0.85390	0.85391			6
2024.08.21	01:49:16.741	0.85389	0.85390			6
2024.08.21	01:49:53.025	0.85388	0.85389			6
2024.08.21	01:50:00.154	0.85388				2
2024.08.21	01:50:34.990		0.85390			4
2024.08.21	01:50:35.352		0.85389			4
2024.08.21	01:51:00.758	0.85388				2
2024.08.21	01:51:35.929		0.85389			4
2024.08.21	01:51:45.683	0.85387	0.85388			6
2024.08.21	01:51:53.294	0.85386	0.85389			6
2024.08.21	01:51:55.522	0.85387	0.85388			6
2024.08.21	01:52:00.059	0.85387				2
2024.08.21	01:52:01.723		0.85390			4
2024.08.21	01:52:02.063	0.85388	0.85389			6
2024.08.21	01:52:03.598	0.85389	0.85390			6
2024.08.21	01:52:03.904	0.85390	0.85391			6
2024.08.21	01:52:04.761	0.85393	0.85395			6
2024.08.21	01:52:05.459		0.85396			4
2024.08.21	01:52:06.353	0.85394	0.85395			6
2024.08.21	01:52:12.565	0.85395	0.85396			6
2024.08.21	01:52:17.781	0.85396	0.85397			6
2024.08.21	01:52:18.321	0.85395	0.85396			6
2024.08.21	01:52:22.260	0.85396	0.85397			6
2024.08.21	01:52:23.573	0.85393	0.85396			6
2024.08.21	01:52:23.882	0.85395				2
2024.08.21	01:52:34.941	0.85396	0.85397			6
2024.08.21	01:53:00.536	0.85396				2
2024.08.21	01:53:35.163		0.85397			4
2024.08.21	01:53:41.926	0.85397	0.85398			6
2024.08.21	01:53:42.304	0.85396	0.85397			6
2024.08.21	01:54:00.015	0.85396				2
2024.08.21	01:54:08.206	0.85398	0.85399			6
2024.08.21	01:54:08.509	0.85399	0.85400			6
2024.08.21	01:54:42.704	0.85400	0.85401			6
2024.08.21	01:54:49.006	0.85399	0.85400			6
2024.08.21	01:54:49.325	0.85400	0.85401			6
2024.08.21	01:54:53.479	0.85399	0.85400			6
2024.08.21	01:54:54.245	0.85397	0.85398			6
2024.08.21	01:54:56.231	0.85396	0.85397			6
2024.08.21	01:54:56.870	0.85395	0.85396			6
2024.08.21	01:55:00.460	0.85395				2
2024.08.21	01:55:01.892	0.85397	0.85398			6
2024.08.21	01:55:14.616	0.85398	0.85401			6
2024.08.21	01:55:16.790	0.85400				2
2024.08.21	01:55:30.877	0.85401	0.85402			6
2024.08.21	01:55:52.721	0.85400	0.85401			6
2024.08.21	01:56:01.278	0.85400				2
2024.08.21	01:56:09.354	0.85399	0.85400			6
2024.08.21	01:56:16.854	0.85400	0.85401			6
2024.08.21	01:56:39.826	0.85401	0.85402			6
2024.08.21	01:56:40.696	0.85400	0.85401			6
2024.08.21	01:56:45.048	0.85399	0.85400			6
2024.08.21	01:56:54.721	0.85400	0.85401			6
2024.08.21	01:56:58.911	0.85399	0.85400			6
2024.08.21	01:57:00.301	0.85399				2
2024.08.21	01:57:05.077	0.85400	0.85401			6
2024.08.21	01:57:09.383	0.85399	0.85400			6
2024.08.21	01:57:17.058	0.85400	0.85401			6
2024.08.21	01:57:29.621	0.85401	0.85402			6
2024.08.21	01:57:29.926	0.85400	0.85401			6
2024.08.21	01:57:32.465	0.85401	0.85402			6
2024.08.21	01:57:47.902	0.85400	0.85401			6
2024.08.21	01:57:57.540	0.85401	0.85402			6
2024.08.21	01:58:00.482	0.85401				2
2024.08.21	01:58:02.639	0.85400	0.85401			6
2024.08.21	01:58:03.756	0.85401	0.85402			6
2024.08.21	01:58:43.780	0.85400	0.85401			6
2024.08.21	01:59:00.014	0.85400				2
2024.08.21	01:59:00.893	0.85401	0.85402			6
2024.08.21	01:59:16.385	0.85400	0.85401			6
2024.08.21	01:59:19.015	0.85399	0.85400			6
2024.08.21	01:59:19.323	0.85397	0.85398			6
2024.08.21	01:59:22.957	0.85399	0.85400			6
2024.08.21	01:59:35.192	0.85398	0.85399			6
2024.08.21	01:59:37.833	0.85399	0.85400			6
2024.08.21	01:59:57.010	0.85396	0.85397			6
2024.08.21	02:00:00.350	0.85396				2
2024.08.21	02:00:03.587	0.85395	0.85396			6
2024.08.21	02:00:14.892	0.85394	0.85395			6
2024.08.21	02:00:15.376	0.85395	0.85396			6
2024.08.21	02:00:22.709	0.85394	0.85395			6
2024.08.21	02:00:24.532	0.85393	0.85394			6
2024.08.21	02:00:31.238	0.85394	0.85395			6
2024.08.21	02:00:39.839	0.85393	0.85394			6
2024.08.21	02:00:49.372	0.85392				2
2024.08.21	02:00:53.894	0.85393				2
2024.08.21	02:01:00.921	0.85391	0.85392			6
2024.08.21	02:01:01.837	0.85392	0.85393			6
2024.08.21	02:01:02.150	0.85390	0.85391			6
2024.08.21	02:01:06.620	0.85393	0.85394			6
2024.08.21	02:01:15.971	0.85394	0.85395			6
2024.08.21	02:01:17.472	0.85393				2
2024.08.21	02:01:17.782	0.85392	0.85396			6
2024.08.21	02:01:18.229	0.85395				2
2024.08.21	02:01:21.656	0.85394	0.85395			6
2024.08.21	02:01:29.247	0.85395	0.85396			6
2024.08.21	02:01:51.314	0.85394	0.85395			6
2024.08.21	02:02:00.538	0.85394				2
2024.08.21	02:02:02.297	0.85392	0.85393			6
2024.08.21	02:02:04.772	0.85394	0.85395			6
2024.08.21	02:02:21.105	0.85396	0.85397			6
2024.08.21	02:02:35.135	0.85395	0.85396			6
2024.08.21	02:02:35.469	0.85396	0.85397			6
2024.08.21	02:02:46.791	0.85395	0.85396			6
2024.08.21	02:02:56.641	0.85393	0.85397			6
2024.08.21	02:02:58.213	0.85395	0.85396			6
2024.08.21	02:03:00.092	0.85394				2
2024.08.21	02:03:04.824		0.85395			4
2024.08.21	02:03:05.142	0.85393	0.85394			6
2024.08.21	02:03:12.309	0.85391	0.85393			6
2024.08.21	02:03:27.675	0.85390	0.85392			6
2024.08.21	02:03:27.980	0.85391				2
2024.08.21	02:03:49.411	0.85390	0.85391			6
2024.08.21	02:03:52.561	0.85391	0.85392			6
2024.08.21	02:03:54.638	0.85392	0.85393			6
2024.08.21	02:03:58.015	0.85394	0.85395			6
2024.08.21	02:04:00.513	0.85394				2
2024.08.21	02:04:01.024	0.85393	0.85394			6
2024.08.21	02:04:01.340	0.85394	0.85395			6
2024.08.21	02:04:14.230	0.85389	0.85390			6
2024.08.21	02:04:20.452	0.85388				2
2024.08.21	02:04:21.917	0.85389				2
2024.08.21	02:04:23.756	0.85390	0.85391			6
2024.08.21	02:04:34.023	0.85393	0.85394			6
2024.08.21	02:04:34.607	0.85391	0.85392			6
2024.08.21	02:04:48.683	0.85392	0.85393			6
2024.08.21	02:04:49.678	0.85391	0.85392			6
2024.08.21	02:05:00.369	0.85391				2
2024.08.21	02:05:17.048	0.85390	0.85391			6
2024.08.21	02:05:26.402	0.85392	0.85393			6
2024.08.21	02:05:26.816	0.85393	0.85394			6
2024.08.21	02:05:32.834	0.85392	0.85393			6
2024.08.21	02:05:35.343	0.85390	0.85391			6
2024.08.21	02:05:46.433	0.85391	0.85392			6
2024.08.21	02:05:46.975	0.85390	0.85391			6
2024.08.21	02:05:50.894	0.85392	0.85393			6
2024.08.21	02:05:54.327	0.85390	0.85392			6
2024.08.21	02:05:57.553		0.85391			4
2024.08.21	02:05:58.328	0.85391	0.85392			6
2024.08.21	02:05:58.644	0.85392	0.85393			6
2024.08.21	02:06:00.349	0.85392				2
2024.08.21	02:06:15.556	0.85390	0.85391			6
2024.08.21	02:06:59.781	0.85389	0.85390			6
2024.08.21	02:07:00.356	0.85389				2
2024.08.21	02:07:07.022	0.85390	0.85391			6
2024.08.21	02:07:07.597	0.85391	0.85392			6
2024.08.21	02:07:08.065	0.85388	0.85390			6
2024.08.21	02:07:08.383	0.85389				2
2024.08.21	02:07:08.695	0.85388	0.85389			6
2024.08.21	02:07:23.172	0.85387				2
2024.08.21	02:07:29.444		0.85390			4
2024.08.21	02:07:34.048		0.85388			4
2024.08.21	02:07:35.368	0.85386	0.85390			6
2024.08.21	02:07:59.502	0.85387				2
2024.08.21	02:08:00.405	0.85387				2
2024.08.21	02:08:06.595	0.85386				2
2024.08.21	02:08:06.900	0.85387				2
2024.08.21	02:08:07.329		0.85389			4
2024.08.21	02:08:07.779	0.85386	0.85390			6
2024.08.21	02:08:09.500	0.85387	0.85389			6
2024.08.21	02:08:36.235		0.85388			4
2024.08.21	02:08:47.310		0.85389			4
2024.08.21	02:08:49.620	0.85389	0.85390			6
2024.08.21	02:09:00.079	0.85389				2
2024.08.21	02:09:07.857		0.85391			4
2024.08.21	02:09:15.511		0.85390			4
2024.08.21	02:09:26.117	0.85390	0.85391			6
2024.08.21	02:09:26.735		0.85393			4
2024.08.21	02:09:28.643	0.85389	0.85391			6
2024.08.21	02:09:32.519		0.85390			4
2024.08.21	02:09:33.938		0.85391			4
2024.08.21	02:09:34.242		0.85390			4
2024.08.21	02:09:34.676	0.85388				2
2024.08.21	02:09:35.295	0.85387				2
2024.08.21	02:09:46.931	0.85388				2
2024.08.21	02:09:47.622	0.85387				2
2024.08.21	02:09:50.585	0.85388				2
2024.08.21	02:09:52.059		0.85389			4
2024.08.21	02:09:56.236		0.85390			4
2024.08.21	02:09:58.027	0.85389				2
2024.08.21	02:09:58.674	0.85388				2
2024.08.21	02:10:00.405	0.85388				2
2024.08.21	02:10:00.706		0.85389			4
2024.08.21	02:10:12.181		0.85390			4
2024.08.21	02:10:13.775	0.85389	0.85391			6
2024.08.21	02:10:14.179		0.85390			4
2024.08.21	02:10:23.041	0.85390	0.85392			6
2024.08.21	02:10:24.655	0.85391				2
2024.08.21	02:10:32.348	0.85390	0.85391			6
2024.08.21	02:10:37.480	0.85391	0.85392			6
2024.08.21	02:10:42.068	0.85390	0.85391			6
2024.08.21	02:10:53.374	0.85389	0.85390			6
2024.08.21	02:11:01.255	0.85389				2
2024.08.21	02:11:06.359	0.85390	0.85391			6
2024.08.21	02:11:09.552	0.85389	0.85390			6
2024.08.21	02:11:10.606	0.85390	0.85391			6
2024.08.21	02:11:24.037	0.85389	0.85390			6
2024.08.21	02:11:27.721	0.85388	0.85389			6
2024.08.21	02:11:28.633	0.85389	0.85390			6
2024.08.21	02:11:29.972	0.85388	0.85389			6
2024.08.21	02:11:32.859	0.85389	0.85390			6
2024.08.21	02:11:39.554	0.85388				2
2024.08.21	02:11:51.952	0.85389				2
2024.08.21	02:11:52.937	0.85388				2
2024.08.21	02:11:54.674	0.85389				2
2024.08.21	02:12:00.319	0.85389				2
2024.08.21	02:12:14.922	0.85390	0.85391			6
2024.08.21	02:12:25.893	0.85389	0.85390			6
2024.08.21	02:12:55.873	0.85390	0.85391			6
2024.08.21	02:12:56.984	0.85389	0.85390			6
2024.08.21	02:13:01.008	0.85389				2
2024.08.21	02:13:14.258	0.85390	0.85391			6
2024.08.21	02:13:14.742	0.85389	0.85390			6
2024.08.21	02:13:34.221	0.85390	0.85391			6
2024.08.21	02:13:34.737	0.85389	0.85390			6
2024.08.21	02:13:35.042	0.85386	0.85387			6
2024.08.21	02:14:00.405	0.85386				2
2024.08.21	02:14:09.581	0.85385	0.85386			6
2024.08.21	02:14:15.018	0.85386	0.85388			6
2024.08.21	02:14:28.368	0.85387				2
2024.08.21	02:14:29.023	0.85386				2
2024.08.21	02:14:38.748	0.85387				2
2024.08.21	02:14:55.462	0.85388	0.85389			6
2024.08.21	02:14:56.170	0.85387	0.85388			6
2024.08.21	02:14:57.813	0.85386	0.85387			6
2024.08.21	02:15:00.020	0.85386				2
2024.08.21	02:15:02.821	0.85387	0.85388			6
2024.08.21	02:15:10.821	0.85388	0.85389			6
2024.08.21	02:15:16.707	0.85389	0.85390			6
2024.08.21	02:15:27.621	0.85386	0.85387			6
2024.08.21	02:15:27.942	0.85385	0.85386			6
2024.08.21	02:15:39.179	0.85386	0.85387			6
2024.08.21	02:15:39.921	0.85385	0.85386			6
2024.08.21	02:15:40.453	0.85384	0.85385			6
2024.08.21	02:15:42.606	0.85383	0.85384			6
2024.08.21	02:15:43.223	0.85384	0.85385			6
2024.08.21	02:15:45.841	0.85385	0.85386			6
2024.08.21	02:16:01.218	0.85385				2
2024.08.21	02:16:01.601	0.85384	0.85385			6
2024.08.21	02:16:02.420	0.85383	0.85384			6
2024.08.21	02:16:03.223	0.85384	0.85385			6
2024.08.21	02:16:11.636	0.85383	0.85384			6
2024.08.21	02:16:25.045	0.85384	0.85385			6
2024.08.21	02:16:33.186	0.85383	0.85384			6
2024.08.21	02:16:45.284	0.85384	0.85385			6
2024.08.21	02:16:45.653	0.85383	0.85384			6
2024.08.21	02:16:51.024	0.85381	0.85382			6
2024.08.21	02:16:51.779	0.85382	0.85383			6
2024.08.21	02:17:00.628	0.85382				2
2024.08.21	02:17:07.905	0.85383	0.85384			6
2024.08.21	02:17:09.612	0.85382	0.85383			6
2024.08.21	02:17:52.967		0.85384			4
2024.08.21	02:17:53.327	0.85384	0.85385			6
2024.08.21	02:17:56.250	0.85383	0.85384			6
2024.08.21	02:17:56.568	0.85384	0.85385			6
2024.08.21	02:17:58.235	0.85383	0.85384			6
2024.08.21	02:18:00.653	0.85384	0.85385			6
2024.08.21	02:18:13.517	0.85383	0.85384			6
2024.08.21	02:18:13.885	0.85384	0.85385			6
2024.08.21	02:18:35.401	0.85385	0.85386			6
2024.08.21	02:18:36.296	0.85384	0.85385			6
2024.08.21	02:18:38.844	0.85383	0.85384			6
2024.08.21	02:18:40.754	0.85387	0.85388			6
2024.08.21	02:18:41.064	0.85386	0.85387			6
2024.08.21	02:18:45.813	0.85385	0.85386			6
2024.08.21	02:19:01.819	0.85385				2
2024.08.21	02:19:11.884	0.85387	0.85388			6
2024.08.21	02:19:16.512	0.85390	0.85391			6
2024.08.21	02:19:30.567	0.85389	0.85390			6
2024.08.21	02:19:39.636	0.85390	0.85391			6
2024.08.21	02:19:46.934	0.85389	0.85390			6
2024.08.21	02:19:47.237	0.85390	0.85391			6
2024.08.21	02:20:00.604	0.85390				2
2024.08.21	02:20:08.225	0.85391	0.85392			6
2024.08.21	02:20:48.832	0.85390	0.85391			6
2024.08.21	02:21:00.440	0.85390				2
2024.08.21	02:21:02.760	0.85391	0.85392			6
2024.08.21	02:21:03.674	0.85390	0.85391			6
2024.08.21	02:21:06.065	0.85393	0.85394			6
2024.08.21	02:21:17.493	0.85394	0.85395			6
2024.08.21	02:21:18.055	0.85393	0.85394			6
2024.08.21	02:21:20.351	0.85392	0.85393			6
2024.08.21	02:21:20.790	0.85391	0.85392			6
2024.08.21	02:21:22.973	0.85390	0.85391			6
2024.08.21	02:21:23.629	0.85392	0.85393			6
2024.08.21	02:21:30.406	0.85393	0.85394			6
2024.08.21	02:22:00.161	0.85393				2
2024.08.21	02:22:15.684	0.85390	0.85391			6
2024.08.21	02:22:28.124	0.85389	0.85390			6
2024.08.21	02:23:00.364	0.85389				2
2024.08.21	02:23:29.361		0.85390			4
2024.08.21	02:23:34.974	0.85390	0.85391			6
2024.08.21	02:23:37.621	0.85388	0.85389			6
2024.08.21	02:23:37.925	0.85386	0.85387			6
2024.08.21	02:23:38.273	0.85385	0.85386			6
2024.08.21	02:24:00.604	0.85385				2
2024.08.21	02:24:02.103	0.85384	0.85385			6
2024.08.21	02:24:09.385	0.85387	0.85388			6
2024.08.21	02:24:13.334	0.85388	0.85389			6
2024.08.21	02:24:26.507	0.85387	0.85388			6
2024.08.21	02:24:43.885	0.85389	0.85390			6
2024.08.21	02:24:47.491	0.85390	0.85391			6
2024.08.21	02:24:56.341	0.85391	0.85392			6
2024.08.21	02:24:56.662	0.85392	0.85393			6
2024.08.21	02:24:58.813	0.85393	0.85394			6
2024.08.21	02:24:59.183	0.85391	0.85392			6
2024.08.21	02:24:59.598	0.85390	0.85391			6
2024.08.21	02:25:00.535	0.85390				2
2024.08.21	02:25:42.701	0.85389	0.85390			6
2024.08.21	02:25:44.081	0.85390	0.85391			6
2024.08.21	02:26:00.426	0.85390				2
2024.08.21	02:26:14.521	0.85389	0.85390			6
2024.08.21	02:26:15.401	0.85390	0.85391			6
2024.08.21	02:26:21.844	0.85391	0.85392			6
2024.08.21	02:26:22.322	0.85390	0.85391			6
2024.08.21	02:26:23.701	0.85389	0.85390			6
2024.08.21	02:26:40.322	0.85388	0.85389			6
2024.08.21	02:26:41.667	0.85389	0.85390			6
2024.08.21	02:27:00.906	0.85389				2
2024.08.21	02:27:02.828	0.85388	0.85389			6
2024.08.21	02:27:03.193		0.85390			4
2024.08.21	02:27:03.838	0.85389				2
2024.08.21	02:27:04.322	0.85390	0.85391			6
2024.08.21	02:27:34.246	0.85389	0.85390			6
2024.08.21	02:27:34.582	0.85388	0.85389			6
2024.08.21	02:27:47.471	0.85389	0.85390			6
2024.08.21	02:27:51.117	0.85390	0.85391			6
2024.08.21	02:27:58.220	0.85389	0.85390			6
2024.08.21	02:28:00.552	0.85389				2
2024.08.21	02:28:39.716	0.85388				2
2024.08.21	02:28:42.936	0.85393	0.85394			6
2024.08.21	02:28:43.242	0.85389	0.85391			6
2024.08.21	02:29:00.315	0.85390				2
2024.08.21	02:29:05.164	0.85391	0.85392			6
2024.08.21	02:29:05.631	0.85389	0.85391			6
2024.08.21	02:29:06.701	0.85390				2
2024.08.21	02:29:32.439		0.85392			4
2024.08.21	02:29:38.626	0.85391	0.85393			6
2024.08.21	02:29:38.934	0.85392	0.85394			6
2024.08.21	02:29:39.374		0.85393			4
2024.08.21	02:29:57.226		0.85394			4
2024.08.21	02:30:00.122	0.85392	0.85393			6
2024.08.21	02:30:19.193	0.85391				2
2024.08.21	02:30:19.711	0.85393	0.85394			6
2024.08.21	02:30:27.693	0.85392	0.85393			6
2024.08.21	02:30:42.112	0.85391				2
2024.08.21	02:30:57.520	0.85392				2
2024.08.21	02:30:57.828	0.85393	0.85394			6
2024.08.21	02:31:00.046	0.85393				2
2024.08.21	02:31:08.696	0.85392				2
2024.08.21	02:31:09.100	0.85393				2
2024.08.21	02:31:11.613	0.85392				2
2024.08.21	02:31:17.805	0.85393				2
2024.08.21	02:31:19.907	0.85392				2
2024.08.21	02:31:22.612	0.85393				2
2024.08.21	02:31:25.688		0.85395			4
2024.08.21	02:31:26.003	0.85394				2
2024.08.21	02:31:30.248	0.85393				2
2024.08.21	02:31:32.222	0.85392	0.85394			6
2024.08.21	02:31:34.678	0.85390				2
2024.08.21	02:31:37.644	0.85392				2
2024.08.21	02:31:37.944	0.85390	0.85392			6
2024.08.21	02:31:38.263		0.85391			4
2024.08.21	02:31:44.379		0.85392			4
2024.08.21	02:31:47.722	0.85391				2
2024.08.21	02:31:49.654	0.85390	0.85391			6
2024.08.21	02:32:00.208	0.85390				2
2024.08.21	02:32:01.865	0.85389	0.85390			6
2024.08.21	02:32:03.487	0.85390	0.85391			6
2024.08.21	02:32:08.424	0.85392	0.85393			6
2024.08.21	02:32:08.745	0.85391	0.85392			6
2024.08.21	02:32:09.148	0.85390	0.85391			6
2024.08.21	02:32:18.313	0.85389				2
2024.08.21	02:32:35.196	0.85390				2
2024.08.21	02:32:44.189		0.85392			4
2024.08.21	02:32:53.398	0.85391	0.85393			6
2024.08.21	02:32:54.079	0.85392				2
2024.08.21	02:32:54.850	0.85391	0.85392			6
2024.08.21	02:32:55.399	0.85390				2
2024.08.21	02:33:00.355	0.85390				2
2024.08.21	02:33:01.201		0.85391			4
2024.08.21	02:33:04.347	0.85389				2
2024.08.21	02:33:05.637		0.85390			4
2024.08.21	02:33:18.651	0.85388				2
2024.08.21	02:33:18.988	0.85389				2
2024.08.21	02:33:21.958	0.85388				2
2024.08.21	02:33:29.798	0.85389				2
2024.08.21	02:33:30.542	0.85388				2
2024.08.21	02:33:35.330	0.85389				2
2024.08.21	02:33:37.764	0.85388	0.85389			6
2024.08.21	02:33:50.246	0.85389	0.85390			6
2024.08.21	02:33:56.783	0.85388	0.85389			6
2024.08.21	02:33:57.089	0.85389	0.85390			6
2024.08.21	02:34:00.387	0.85389				2
2024.08.21	02:34:09.318	0.85388	0.85389			6
2024.08.21	02:34:14.201	0.85389	0.85390			6
2024.08.21	02:34:20.279	0.85388	0.85389			6
2024.08.21	02:34:22.554	0.85389	0.85390			6
2024.08.21	02:34:23.668	0.85388	0.85389			6
2024.08.21	02:34:24.353	0.85387	0.85388			6
2024.08.21	02:34:24.662	0.85385	0.85386			6
2024.08.21	02:34:29.418	0.85388	0.85389			6
2024.08.21	02:34:38.346	0.85386	0.85387			6
2024.08.21	02:34:39.198	0.85388	0.85389			6
2024.08.21	02:34:40.326	0.85385	0.85386			6
2024.08.21	02:34:51.234	0.85386	0.85387			6
2024.08.21	02:34:51.801	0.85385	0.85386			6
2024.08.21	02:34:52.703	0.85386	0.85387			6
2024.08.21	02:34:53.397	0.85385	0.85386			6
2024.08.21	02:34:56.324	0.85388	0.85389			6
2024.08.21	02:34:57.386	0.85389	0.85390			6
2024.08.21	02:34:58.038	0.85391	0.85392			6
2024.08.21	02:34:58.342	0.85394	0.85395			6
2024.08.21	02:34:58.742	0.85395	0.85396			6
2024.08.21	02:35:00.024	0.85395				2
2024.08.21	02:35:15.618	0.85394	0.85395			6
2024.08.21	02:35:18.337	0.85392	0.85393			6
2024.08.21	02:35:18.671	0.85391	0.85392			6
2024.08.21	02:35:18.978	0.85390	0.85391			6
2024.08.21	02:35:20.171	0.85391	0.85392			6
2024.08.21	02:35:29.430	0.85393	0.85394			6
2024.08.21	02:35:29.744	0.85394	0.85395			6
2024.08.21	02:35:31.229	0.85393	0.85394			6
2024.08.21	02:35:52.044	0.85392	0.85393			6
2024.08.21	02:35:52.726	0.85391	0.85392			6
2024.08.21	02:35:53.471	0.85392	0.85393			6
2024.08.21	02:35:54.565	0.85391	0.85392			6
2024.08.21	02:35:56.574	0.85392	0.85393			6
2024.08.21	02:35:56.883	0.85394	0.85395			6
2024.08.21	02:36:00.201	0.85394				2
2024.08.21	02:36:15.919	0.85392	0.85393			6
2024.08.21	02:36:19.440	0.85390	0.85391			6
2024.08.21	02:36:20.841	0.85389	0.85390			6
2024.08.21	02:36:30.177	0.85390	0.85391			6
2024.08.21	02:36:40.307	0.85389	0.85390			6
2024.08.21	02:36:44.119	0.85387	0.85388			6
2024.08.21	02:36:50.244	0.85388	0.85389			6
2024.08.21	02:36:50.687	0.85389	0.85390			6
2024.08.21	02:36:53.606	0.85388	0.85389			6
2024.08.21	02:36:56.091	0.85389	0.85390			6
2024.08.21	02:36:57.325	0.85388	0.85389			6
2024.08.21	02:37:00.459	0.85388				2
2024.08.21	02:37:02.764	0.85386	0.85387			6
2024.08.21	02:37:06.429	0.85387	0.85388			6
2024.08.21	02:37:12.625	0.85389	0.85390			6
2024.08.21	02:37:16.349	0.85388	0.85389			6
2024.08.21	02:37:17.567	0.85389	0.85390			6
2024.08.21	02:37:34.240	0.85390	0.85391			6
2024.08.21	02:37:43.175	0.85389	0.85390			6
2024.08.21	02:37:53.677	0.85390	0.85391			6
2024.08.21	02:37:54.686	0.85391	0.85392			6
2024.08.21	02:38:00.423	0.85391				2
2024.08.21	02:38:02.777	0.85394	0.85395			6
2024.08.21	02:38:12.204	0.85391	0.85392			6
2024.08.21	02:38:13.395	0.85390	0.85391			6
2024.08.21	02:38:13.778	0.85391	0.85392			6
2024.08.21	02:38:14.317	0.85390	0.85391			6
2024.08.21	02:38:16.007	0.85391	0.85392			6
2024.08.21	02:38:16.511	0.85390	0.85391			6
2024.08.21	02:38:33.840	0.85389	0.85390			6
2024.08.21	02:39:00.306	0.85389				2
2024.08.21	02:39:25.365	0.85388	0.85389			6
2024.08.21	02:39:32.841	0.85390	0.85391			6
2024.08.21	02:39:33.920	0.85389	0.85390			6
2024.08.21	02:39:34.832	0.85385	0.85386			6
2024.08.21	02:39:35.157	0.85384	0.85385			6
2024.08.21	02:40:00.392	0.85384				2
2024.08.21	02:40:05.142	0.85385	0.85386			6
2024.08.21	02:40:11.056	0.85384	0.85385			6
2024.08.21	02:40:14.731	0.85383	0.85384			6
2024.08.21	02:40:15.345	0.85384	0.85385			6
2024.08.21	02:40:20.337	0.85383	0.85384			6
2024.08.21	02:40:21.646	0.85384	0.85385			6
2024.08.21	02:40:22.393	0.85383	0.85384			6
2024.08.21	02:40:26.675	0.85384	0.85385			6
2024.08.21	02:40:50.139	0.85385	0.85386			6
2024.08.21	02:40:50.468	0.85384	0.85385			6
2024.08.21	02:41:00.582	0.85384				2
2024.08.21	02:41:16.752	0.85383	0.85384			6
2024.08.21	02:41:27.972	0.85384	0.85385			6
2024.08.21	02:41:32.786	0.85383	0.85384			6
2024.08.21	02:41:38.203	0.85384	0.85385			6
2024.08.21	02:41:52.886	0.85385	0.85386			6
2024.08.21	02:41:56.506	0.85384	0.85385			6
2024.08.21	02:42:00.196	0.85384				2
2024.08.21	02:42:01.668	0.85383	0.85384			6
2024.08.21	02:42:06.992	0.85384	0.85385			6
2024.08.21	02:42:08.014	0.85383	0.85384			6
2024.08.21	02:42:08.514	0.85384	0.85385			6
2024.08.21	02:42:09.524	0.85383	0.85384			6
2024.08.21	02:42:10.605	0.85384	0.85385			6
2024.08.21	02:42:12.215	0.85385	0.85386			6
2024.08.21	02:42:47.374	0.85386	0.85387			6
2024.08.21	02:42:47.682	0.85385	0.85386			6
2024.08.21	02:43:02.198	0.85385				2
2024.08.21	02:43:37.038	0.85386	0.85387			6
2024.08.21	02:43:41.421	0.85385	0.85386			6
2024.08.21	02:44:02.274	0.85385				2
2024.08.21	02:44:26.497	0.85384	0.85385			6
2024.08.21	02:44:37.299	0.85385	0.85386			6
2024.08.21	02:44:59.672	0.85384	0.85385			6
2024.08.21	02:45:00.386	0.85384				2
2024.08.21	02:45:01.639	0.85385	0.85386			6
2024.08.21	02:46:00.459	0.85385				2
2024.08.21	02:46:01.705	0.85384	0.85385			6
2024.08.21	02:46:06.211	0.85383	0.85384			6
2024.08.21	02:46:07.579	0.85384	0.85385			6
2024.08.21	02:46:37.346	0.85385	0.85386			6
2024.08.21	02:46:37.663	0.85384	0.85385			6
2024.08.21	02:46:44.806	0.85383	0.85384			6
2024.08.21	02:46:48.281	0.85384	0.85385			6
2024.08.21	02:46:52.082	0.85385	0.85386			6
2024.08.21	02:46:58.287	0.85384	0.85385			6
2024.08.21	02:47:00.229	0.85384				2
2024.08.21	02:47:58.911		0.85385			4
2024.08.21	02:48:00.894	0.85384				2
2024.08.21	02:48:02.864	0.85385	0.85386			6
2024.08.21	02:49:00.108	0.85385				2
2024.08.21	02:49:03.240		0.85386			4
2024.08.21	02:49:09.341	0.85381	0.85382			6
2024.08.21	02:49:17.885	0.85380	0.85381			6
2024.08.21	02:49:47.735	0.85383	0.85384			6
2024.08.21	02:49:48.045	0.85384	0.85385			6
2024.08.21	02:49:51.565	0.85385	0.85386			6
2024.08.21	02:49:53.454	0.85387	0.85388			6
2024.08.21	02:49:53.833	0.85388	0.85389			6
2024.08.21	02:50:00.279	0.85385				2
2024.08.21	02:50:00.587	0.85384	0.85388			6
2024.08.21	02:50:00.903	0.85383	0.85387			6
2024.08.21	02:50:01.216	0.85384				2
2024.08.21	02:50:01.753	0.85383				2
2024.08.21	02:50:02.331	0.85386				2
2024.08.21	02:50:13.861	0.85385	0.85386			6
2024.08.21	02:50:25.636	0.85386	0.85387			6
2024.08.21	02:50:34.554	0.85385	0.85386			6
2024.08.21	02:50:52.672	0.85384	0.85385			6
2024.08.21	02:50:54.823	0.85385	0.85386			6
2024.08.21	02:51:00.619	0.85385				2
2024.08.21	02:51:03.772	0.85386	0.85387			6
2024.08.21	02:51:18.501	0.85384	0.85385			6
2024.08.21	02:51:18.803	0.85386	0.85387			6
2024.08.21	02:51:54.271	0.85387	0.85388			6
2024.08.21	02:51:56.357	0.85386	0.85387			6
2024.08.21	02:52:00.188	0.85386				2
2024.08.21	02:52:00.822	0.85385	0.85386			6
2024.08.21	02:52:06.956	0.85386	0.85387			6
2024.08.21	02:52:15.293	0.85385	0.85386			6
2024.08.21	02:52:16.137	0.85384	0.85385			6
2024.08.21	02:52:29.459	0.85385	0.85386			6
2024.08.21	02:52:42.064	0.85383	0.85385			6
2024.08.21	02:52:52.088	0.85384				2
2024.08.21	02:52:54.009	0.85383	0.85384			6
2024.08.21	02:52:56.606	0.85384	0.85385			6
2024.08.21	02:53:00.412	0.85383	0.85384			6
2024.08.21	02:53:00.915	0.85380	0.85381			6
2024.08.21	02:53:04.527	0.85379	0.85380			6
2024.08.21	02:53:47.483	0.85376	0.85377			6
2024.08.21	02:53:53.779	0.85378	0.85379			6
2024.08.21	02:53:57.556	0.85376	0.85377			6
2024.08.21	02:54:00.104	0.85376				2
2024.08.21	02:54:01.109	0.85375	0.85376			6
2024.08.21	02:54:24.933	0.85376	0.85377			6
2024.08.21	02:54:30.405	0.85374	0.85375			6
2024.08.21	02:54:43.316	0.85375	0.85376			6
2024.08.21	02:54:44.130	0.85376	0.85377			6
2024.08.21	02:54:50.650	0.85377	0.85378			6
2024.08.21	02:54:50.962	0.85378	0.85379			6
2024.08.21	02:54:56.314	0.85376	0.85377			6
2024.08.21	02:54:58.723	0.85379	0.85380			6
2024.08.21	02:54:59.028	0.85378	0.85379			6
2024.08.21	02:54:59.771	0.85379	0.85380			6
2024.08.21	02:55:00.277	0.85379				2
2024.08.21	02:55:08.175	0.85378	0.85379			6
2024.08.21	02:55:08.533	0.85377	0.85378			6
2024.08.21	02:55:09.185	0.85376	0.85377			6
2024.08.21	02:55:09.521	0.85377	0.85378			6
2024.08.21	02:55:11.441	0.85379	0.85380			6
2024.08.21	02:55:15.161	0.85378	0.85379			6
2024.08.21	02:55:15.652	0.85376	0.85377			6
2024.08.21	02:55:16.306	0.85375	0.85376			6
2024.08.21	02:55:18.095	0.85376	0.85377			6
2024.08.21	02:55:29.143	0.85375	0.85376			6
2024.08.21	02:55:31.125	0.85377	0.85378			6
2024.08.21	02:55:31.947	0.85376	0.85377			6
2024.08.21	02:55:39.318	0.85375	0.85376			6
2024.08.21	02:55:42.882	0.85376	0.85377			6
2024.08.21	02:55:55.057	0.85377	0.85378			6
2024.08.21	02:55:58.876	0.85378	0.85379			6
2024.08.21	02:55:59.267	0.85375	0.85376			6
2024.08.21	02:56:00.170	0.85375				2
2024.08.21	02:56:05.822	0.85376	0.85377			6
2024.08.21	02:56:06.437	0.85377	0.85378			6
2024.08.21	02:56:08.365	0.85375	0.85376			6
2024.08.21	02:56:16.266	0.85379	0.85380			6
2024.08.21	02:56:21.145	0.85378	0.85379			6
2024.08.21	02:56:23.453	0.85379	0.85380			6
2024.08.21	02:56:39.945	0.85378	0.85379			6
2024.08.21	02:56:50.664	0.85376	0.85377			6
2024.08.21	02:56:51.722	0.85377	0.85378			6
2024.08.21	02:56:57.374	0.85378	0.85379			6
2024.08.21	02:57:00.107	0.85378				2
2024.08.21	02:57:12.859	0.85375	0.85376			6
2024.08.21	02:57:13.190	0.85378	0.85379			6
2024.08.21	02:57:16.399	0.85377	0.85378			6
2024.08.21	02:57:30.453	0.85374	0.85375			6
2024.08.21	02:57:31.576	0.85375	0.85376			6
2024.08.21	02:57:34.336	0.85374	0.85375			6
2024.08.21	02:57:35.641	0.85373	0.85374			6
2024.08.21	02:57:36.616	0.85374	0.85375			6
2024.08.21	02:57:37.795	0.85373	0.85374			6
2024.08.21	02:57:38.349	0.85372	0.85373			6
2024.08.21	02:57:39.806	0.85373	0.85374			6
2024.08.21	02:57:50.712	0.85372	0.85373			6
2024.08.21	02:57:51.024	0.85373	0.85374			6
2024.08.21	02:58:00.098	0.85373				2
2024.08.21	02:58:00.817	0.85372	0.85373			6
2024.08.21	02:58:01.456	0.85373	0.85374			6
2024.08.21	02:58:04.091	0.85374	0.85375			6
2024.08.21	02:58:10.296	0.85371	0.85373			6
2024.08.21	02:58:10.714	0.85372				2
2024.08.21	02:58:13.373	0.85374	0.85375			6
2024.08.21	02:58:17.505	0.85373	0.85374			6
2024.08.21	02:58:26.945	0.85374	0.85375			6
2024.08.21	02:58:46.525	0.85377	0.85378			6
2024.08.21	02:58:51.224	0.85378	0.85379			6
2024.08.21	02:59:00.216	0.85378				2
2024.08.21	02:59:29.039	0.85379	0.85380			6
2024.08.21	02:59:31.949	0.85376	0.85377			6
2024.08.21	02:59:32.264	0.85377	0.85378			6
2024.08.21	02:59:36.112	0.85378	0.85379			6
2024.08.21	02:59:56.278	0.85377	0.85378			6
2024.08.21	03:00:00.363	0.85377				2
2024.08.21	03:00:02.104	0.85379	0.85380			6
2024.08.21	03:00:05.345	0.85377	0.85378			6
2024.08.21	03:00:05.668	0.85376				2
2024.08.21	03:00:06.367	0.85377				2
2024.08.21	03:00:08.149	0.85376	0.85377			6
2024.08.21	03:00:08.463	0.85378	0.85379			6
2024.08.21	03:00:14.357	0.85377	0.85378			6
2024.08.21	03:00:16.850	0.85378	0.85379			6
2024.08.21	03:00:18.707	0.85379	0.85380			6
2024.08.21	03:00:19.071	0.85378	0.85379			6
2024.08.21	03:00:20.410	0.85379	0.85380			6
2024.08.21	03:00:21.379	0.85378	0.85379			6
2024.08.21	03:00:21.729	0.85379	0.85380			6
2024.08.21	03:00:22.060	0.85378	0.85379			6
2024.08.21	03:00:25.678	0.85379	0.85380			6
2024.08.21	03:00:27.208	0.85378	0.85379			6
2024.08.21	03:00:28.323	0.85379	0.85380			6
2024.08.21	03:00:28.672	0.85378	0.85379			6
2024.08.21	03:00:30.417	0.85377	0.85378			6
2024.08.21	03:00:31.061	0.85376	0.85377			6
2024.08.21	03:00:35.512	0.85377	0.85378			6
2024.08.21	03:00:39.305	0.85376	0.85377			6
2024.08.21	03:00:41.401	0.85377	0.85378			6
2024.08.21	03:00:47.662	0.85378	0.85379			6
2024.08.21	03:00:50.098	0.85377	0.85378			6
2024.08.21	03:00:50.881	0.85378	0.85379			6
2024.08.21	03:01:00.375	0.85378				2
2024.08.21	03:01:00.822	0.85379	0.85380			6
2024.08.21	03:01:17.158	0.85378	0.85379			6
2024.08.21	03:01:17.465	0.85377	0.85378			6
2024.08.21	03:01:21.257	0.85376	0.85377			6
2024.08.21	03:01:21.676	0.85378	0.85379			6
2024.08.21	03:01:21.993	0.85377	0.85378			6
2024.08.21	03:01:23.932	0.85378	0.85379			6
2024.08.21	03:01:27.186	0.85376	0.85377			6
2024.08.21	03:01:27.821	0.85379	0.85380			6
2024.08.21	03:01:28.123	0.85378	0.85379			6
2024.08.21	03:01:40.853	0.85379	0.85380			6
2024.08.21	03:01:42.666	0.85381	0.85382			6
2024.08.21	03:01:43.017	0.85380	0.85381			6
2024.08.21	03:01:43.390	0.85381	0.85382			6
2024.08.21	03:01:44.470	0.85380	0.85381			6
2024.08.21	03:01:45.540	0.85381	0.85382			6
2024.08.21	03:01:48.343	0.85379	0.85380			6
2024.08.21	03:01:48.663	0.85380	0.85381			6
2024.08.21	03:01:49.302	0.85379	0.85380			6
2024.08.21	03:01:50.266	0.85380	0.85381			6
2024.08.21	03:01:51.054	0.85379	0.85380			6
2024.08.21	03:02:00.175	0.85379				2
2024.08.21	03:02:22.323	0.85380	0.85381			6
2024.08.21	03:02:24.989	0.85379	0.85380			6
2024.08.21	03:02:30.079	0.85380	0.85381			6
2024.08.21	03:02:35.096	0.85379	0.85380			6
2024.08.21	03:02:45.708	0.85378	0.85379			6
2024.08.21	03:02:46.666	0.85379	0.85380			6
2024.08.21	03:03:00.305	0.85379				2
2024.08.21	03:03:18.964	0.85378	0.85379			6
2024.08.21	03:03:19.273	0.85379	0.85380			6
2024.08.21	03:03:19.921	0.85378	0.85379			6
2024.08.21	03:03:23.376	0.85379	0.85380			6
2024.08.21	03:03:24.267	0.85378	0.85379			6
2024.08.21	03:03:25.675	0.85379	0.85380			6
2024.08.21	03:03:40.083	0.85378	0.85379			6
2024.08.21	03:03:54.085	0.85380	0.85381			6
2024.08.21	03:03:54.509	0.85379	0.85380			6
2024.08.21	03:04:02.560	0.85379				2
2024.08.21	03:04:15.824	0.85377				2
2024.08.21	03:04:17.344	0.85379				2
2024.08.21	03:04:24.727	0.85376	0.85377			6
2024.08.21	03:04:25.346	0.85375	0.85376			6
2024.08.21	03:04:26.345	0.85376	0.85377			6
2024.08.21	03:04:42.683	0.85378	0.85379			6
2024.08.21	03:04:43.303	0.85379	0.85380			6
2024.08.21	03:04:43.622	0.85378	0.85379			6
2024.08.21	03:04:47.992	0.85377	0.85378			6
2024.08.21	03:04:51.605	0.85378	0.85379			6
2024.08.21	03:04:52.935	0.85377	0.85378			6
2024.08.21	03:04:53.811	0.85378	0.85379			6
2024.08.21	03:04:54.168	0.85377	0.85378			6
2024.08.21	03:04:56.565	0.85378	0.85379			6
2024.08.21	03:05:00.080	0.85379	0.85380			6
2024.08.21	03:05:07.330	0.85376	0.85377			6
2024.08.21	03:05:11.006	0.85377	0.85378			6
2024.08.21	03:05:11.372	0.85376	0.85377			6
2024.08.21	03:05:15.390	0.85377	0.85378			6
2024.08.21	03:05:16.031	0.85376	0.85377			6
2024.08.21	03:05:17.253	0.85377	0.85378			6
2024.08.21	03:05:17.640	0.85378	0.85379			6
2024.08.21	03:05:26.117	0.85377	0.85378			6
2024.08.21	03:05:28.119	0.85376	0.85377			6
2024.08.21	03:05:30.630	0.85377	0.85378			6
2024.08.21	03:05:31.506	0.85376	0.85377			6
2024.08.21	03:06:00.068	0.85375	0.85376			6
2024.08.21	03:06:00.412	0.85376	0.85377			6
2024.08.21	03:06:06.668	0.85375	0.85376			6
2024.08.21	03:06:07.701	0.85376	0.85377			6
2024.08.21	03:06:13.178	0.85379	0.85380			6
2024.08.21	03:06:42.725	0.85376	0.85377			6
2024.08.21	03:06:43.105	0.85378	0.85379			6
2024.08.21	03:06:44.050	0.85379	0.85380			6
2024.08.21	03:06:45.227	0.85380	0.85381			6
2024.08.21	03:06:45.591	0.85379	0.85380			6
2024.08.21	03:06:51.750	0.85378	0.85379			6
2024.08.21	03:06:57.379	0.85377	0.85378			6
2024.08.21	03:06:58.170	0.85376	0.85377			6
2024.08.21	03:07:00.105	0.85376				2
2024.08.21	03:07:00.504	0.85377	0.85378			6
2024.08.21	03:07:18.391	0.85376	0.85377			6
2024.08.21	03:07:31.606	0.85378	0.85379			6
2024.08.21	03:07:31.925	0.85379	0.85380			6
2024.08.21	03:07:33.375	0.85380	0.85381			6
2024.08.21	03:07:36.262	0.85379	0.85380			6
2024.08.21	03:07:37.761	0.85380	0.85381			6
2024.08.21	03:07:38.375	0.85379	0.85380			6
2024.08.21	03:07:48.595	0.85378	0.85379			6
2024.08.21	03:07:54.067	0.85379	0.85380			6
2024.08.21	03:07:56.497	0.85380	0.85381			6
2024.08.21	03:08:00.050	0.85380				2
2024.08.21	03:08:00.863	0.85381	0.85382			6
2024.08.21	03:08:08.974	0.85380	0.85381			6
2024.08.21	03:08:09.353	0.85378	0.85379			6
2024.08.21	03:08:22.966	0.85380	0.85381			6
2024.08.21	03:08:25.391	0.85381	0.85382			6
2024.08.21	03:09:00.442	0.85381				2
2024.08.21	03:09:01.455	0.85380	0.85381			6
2024.08.21	03:09:02.854	0.85381	0.85382			6
2024.08.21	03:09:05.604	0.85380	0.85381			6
2024.08.21	03:09:16.648	0.85381	0.85382			6
2024.08.21	03:09:27.096	0.85380	0.85381			6
2024.08.21	03:09:30.700	0.85381	0.85382			6
2024.08.21	03:09:31.012	0.85380	0.85381			6
2024.08.21	03:09:40.897	0.85379	0.85380			6
2024.08.21	03:09:42.807	0.85380	0.85381			6
2024.08.21	03:09:43.732	0.85379	0.85380			6
2024.08.21	03:09:47.339	0.85380	0.85381			6
2024.08.21	03:09:47.651	0.85381	0.85382			6
2024.08.21	03:09:56.232	0.85380	0.85381			6
2024.08.21	03:10:00.375	0.85379	0.85380			6
2024.08.21	03:10:08.792	0.85377	0.85378			6
2024.08.21	03:10:11.534	0.85376	0.85377			6
2024.08.21	03:10:16.684	0.85377	0.85378			6
2024.08.21	03:10:27.159	0.85375	0.85376			6
2024.08.21	03:10:27.473	0.85377	0.85378			6
2024.08.21	03:10:28.133	0.85375	0.85376			6
2024.08.21	03:10:30.872	0.85376	0.85377			6
2024.08.21	03:10:31.844	0.85374	0.85375			6
2024.08.21	03:10:32.162	0.85375	0.85376			6
2024.08.21	03:10:39.504	0.85374	0.85375			6
2024.08.21	03:10:41.108	0.85375	0.85376			6
2024.08.21	03:10:41.876	0.85374	0.85375			6
2024.08.21	03:10:42.606	0.85373	0.85374			6
2024.08.21	03:10:42.962	0.85374	0.85375			6
2024.08.21	03:11:00.430	0.85374				2
2024.08.21	03:11:12.941	0.85372	0.85373			6
2024.08.21	03:11:20.169	0.85371	0.85372			6
2024.08.21	03:11:20.905	0.85372	0.85373			6
2024.08.21	03:11:22.132	0.85371	0.85372			6
2024.08.21	03:11:22.457	0.85372	0.85373			6
2024.08.21	03:11:26.573	0.85371	0.85372			6
