<DATE>	<TIME>	<BID>	<ASK>	<LAST>	<VOLUME>	<FLAGS>
2024.10.08	00:00:00.006	0.83861	0.83931			6
2024.10.08	00:00:00.421	0.83865	0.83923			6
2024.10.08	00:00:01.395	0.83862	0.83926			6
2024.10.08	00:00:02.470		0.83924			4
2024.10.08	00:00:30.722		0.83934			4
2024.10.08	00:01:16.392	0.83862				2
2024.10.08	00:01:32.533		0.83934			4
2024.10.08	00:02:01.340	0.83862				2
2024.10.08	00:02:50.928		0.83934			4
2024.10.08	00:03:16.422	0.83862				2
2024.10.08	00:04:10.881	0.83862	0.83934			6
2024.10.08	00:05:00.716	0.83862				2
2024.10.08	00:05:10.882		0.83934			4
2024.10.08	00:06:00.384	0.83862	0.83932			6
2024.10.08	00:07:00.887	0.83862	0.83932			6
2024.10.08	00:08:02.365	0.83862	0.83932			6
2024.10.08	00:09:00.609	0.83862				2
2024.10.08	00:09:05.007		0.83932			4
2024.10.08	00:10:00.415	0.83862				2
2024.10.08	00:10:03.241	0.83833				2
2024.10.08	00:10:05.146		0.83932			4
2024.10.08	00:11:28.962	0.83833	0.83932			6
2024.10.08	00:12:01.261	0.83833				2
2024.10.08	00:12:21.347	0.83834				2
2024.10.08	00:12:30.468		0.83932			4
2024.10.08	00:12:32.517	0.83835				2
2024.10.08	00:13:00.415	0.83836	0.83931			6
2024.10.08	00:13:03.730	0.83837				2
2024.10.08	00:13:04.746		0.83930			4
2024.10.08	00:13:07.934	0.83838	0.83929			6
2024.10.08	00:13:18.151	0.83839				2
2024.10.08	00:13:29.149	0.83840	0.83930			6
2024.10.08	00:13:30.156	0.83839	0.83929			6
2024.10.08	00:13:34.642	0.83840				2
2024.10.08	00:13:35.596	0.83839				2
2024.10.08	00:13:53.256	0.83840				2
2024.10.08	00:14:00.387	0.83840				2
2024.10.08	00:14:07.072		0.83928			4
2024.10.08	00:15:00.502	0.83840				2
2024.10.08	00:15:11.852		0.83928			4
2024.10.08	00:15:19.952	0.83839	0.83929			6
2024.10.08	00:15:21.107	0.83840	0.83928			6
2024.10.08	00:15:22.411	0.83833	0.83927			6
2024.10.08	00:15:23.469		0.83926			4
2024.10.08	00:15:24.665		0.83924			4
2024.10.08	00:15:34.052		0.83923			4
2024.10.08	00:15:39.496		0.83921			4
2024.10.08	00:15:49.031		0.83923			4
2024.10.08	00:15:50.502		0.83922			4
2024.10.08	00:15:57.420	0.83834				2
2024.10.08	00:15:57.911	0.83835				2
2024.10.08	00:16:00.596	0.83835				2
2024.10.08	00:16:01.355	0.83836				2
2024.10.08	00:16:01.832	0.83841	0.83924			6
2024.10.08	00:16:05.348	0.83835	0.83919			6
2024.10.08	00:16:05.854	0.83833	0.83918			6
2024.10.08	00:16:07.624		0.83920			4
2024.10.08	00:16:08.836		0.83918			4
2024.10.08	00:16:12.521	0.83834				2
2024.10.08	00:16:13.179		0.83919			4
2024.10.08	00:16:30.875	0.83841	0.83922			6
2024.10.08	00:16:31.186	0.83834	0.83918			6
2024.10.08	00:16:37.955		0.83917			4
2024.10.08	00:16:39.437	0.83841	0.83921			6
2024.10.08	00:16:39.747	0.83834				2
2024.10.08	00:16:43.342	0.83841				2
2024.10.08	00:16:48.265	0.83842				2
2024.10.08	00:16:51.903	0.83852	0.83931			6
2024.10.08	00:16:52.356	0.83847	0.83926			6
2024.10.08	00:17:00.445	0.83847				2
2024.10.08	00:17:02.290	0.83848				2
2024.10.08	00:17:05.037	0.83852	0.83931			6
2024.10.08	00:17:12.550	0.83851	0.83930			6
2024.10.08	00:17:32.765	0.83852	0.83931			6
2024.10.08	00:17:48.482	0.83850	0.83928			6
2024.10.08	00:17:50.604	0.83852	0.83930			6
2024.10.08	00:18:01.506	0.83852				2
2024.10.08	00:18:10.543	0.83867				2
2024.10.08	00:18:18.998		0.83929			4
2024.10.08	00:18:19.303		0.83930			4
2024.10.08	00:18:19.622		0.83929			4
2024.10.08	00:18:19.964		0.83930			4
2024.10.08	00:18:20.612		0.83928			4
2024.10.08	00:18:24.200		0.83929			4
2024.10.08	00:18:24.506		0.83928			4
2024.10.08	00:18:24.834		0.83929			4
2024.10.08	00:18:25.158		0.83930			4
2024.10.08	00:18:25.474		0.83928			4
2024.10.08	00:18:25.796	0.83862				2
2024.10.08	00:18:29.893		0.83930			4
2024.10.08	00:18:30.562		0.83928			4
2024.10.08	00:18:30.862		0.83931			4
2024.10.08	00:18:34.248		0.83930			4
2024.10.08	00:18:35.248		0.83929			4
2024.10.08	00:18:35.556		0.83931			4
2024.10.08	00:18:35.896		0.83930			4
2024.10.08	00:18:36.584		0.83928			4
2024.10.08	00:18:36.917		0.83929			4
2024.10.08	00:18:39.260		0.83928			4
2024.10.08	00:18:39.647		0.83931			4
2024.10.08	00:18:40.250		0.83929			4
2024.10.08	00:18:40.594		0.83928			4
2024.10.08	00:18:40.953		0.83929			4
2024.10.08	00:18:41.639		0.83928			4
2024.10.08	00:18:42.023		0.83929			4
2024.10.08	00:18:42.458		0.83930			4
2024.10.08	00:18:45.252		0.83929			4
2024.10.08	00:18:45.900		0.83928			4
2024.10.08	00:18:46.254		0.83927			4
2024.10.08	00:18:47.601		0.83926			4
2024.10.08	00:18:49.253		0.83927			4
2024.10.08	00:18:50.254		0.83926			4
2024.10.08	00:19:00.248	0.83862				2
2024.10.08	00:19:04.635		0.83925			4
2024.10.08	00:19:15.028		0.83920			4
2024.10.08	00:19:17.856		0.83919			4
2024.10.08	00:19:18.254		0.83918			4
2024.10.08	00:19:31.052		0.83917			4
2024.10.08	00:19:44.285		0.83918			4
2024.10.08	00:19:44.620		0.83917			4
2024.10.08	00:19:45.250		0.83916			4
2024.10.08	00:19:46.253		0.83915			4
2024.10.08	00:19:46.606		0.83913			4
2024.10.08	00:19:57.260		0.83912			4
2024.10.08	00:19:58.250		0.83913			4
2024.10.08	00:19:59.247		0.83915			4
2024.10.08	00:20:00.251	0.83862	0.83916			6
2024.10.08	00:20:01.252		0.83914			4
2024.10.08	00:20:01.641		0.83915			4
2024.10.08	00:20:04.156		0.83914			4
2024.10.08	00:20:16.251		0.83915			4
2024.10.08	00:20:17.188		0.83914			4
2024.10.08	00:20:27.287		0.83915			4
2024.10.08	00:20:27.639		0.83914			4
2024.10.08	00:20:27.974		0.83915			4
2024.10.08	00:20:29.250		0.83914			4
2024.10.08	00:20:32.106		0.83915			4
2024.10.08	00:20:40.267		0.83914			4
2024.10.08	00:20:48.249		0.83913			4
2024.10.08	00:20:49.314		0.83914			4
2024.10.08	00:20:50.249		0.83920			4
2024.10.08	00:20:50.558		0.83923			4
2024.10.08	00:20:50.899		0.83920			4
2024.10.08	00:21:00.253	0.83862				2
2024.10.08	00:21:03.013		0.83923			4
2024.10.08	00:21:03.314		0.83920			4
2024.10.08	00:21:04.996		0.83923			4
2024.10.08	00:21:05.317		0.83920			4
2024.10.08	00:21:17.251		0.83919			4
2024.10.08	00:21:19.995		0.83922			4
2024.10.08	00:21:20.323		0.83919			4
2024.10.08	00:21:26.016		0.83922			4
2024.10.08	00:21:26.324		0.83919			4
2024.10.08	00:21:50.246		0.83920			4
2024.10.08	00:21:54.023		0.83919			4
2024.10.08	00:21:56.260		0.83920			4
2024.10.08	00:21:57.241		0.83919			4
2024.10.08	00:22:00.026	0.83862				2
2024.10.08	00:22:12.019		0.83924			4
2024.10.08	00:22:12.322		0.83919			4
2024.10.08	00:22:18.020		0.83924			4
2024.10.08	00:22:18.326		0.83919			4
2024.10.08	00:22:26.679		0.83924			4
2024.10.08	00:23:00.322	0.83862				2
2024.10.08	00:23:05.553		0.83923			4
2024.10.08	00:23:31.061		0.83922			4
2024.10.08	00:23:37.075		0.83931			4
2024.10.08	00:23:44.853		0.83930			4
2024.10.08	00:23:45.366		0.83931			4
2024.10.08	00:23:54.356		0.83930			4
2024.10.08	00:23:55.761		0.83931			4
2024.10.08	00:24:01.279	0.83862				2
2024.10.08	00:24:25.794		0.83934			4
2024.10.08	00:25:00.324	0.83862				2
2024.10.08	00:25:00.754		0.83915			4
2024.10.08	00:25:13.057		0.83914			4
2024.10.08	00:25:13.374		0.83913			4
2024.10.08	00:25:26.884		0.83912			4
2024.10.08	00:25:40.272	0.83858	0.83910			6
2024.10.08	00:25:41.394		0.83911			4
2024.10.08	00:25:45.533		0.83910			4
2024.10.08	00:25:50.007		0.83908			4
2024.10.08	00:25:57.206		0.83906			4
2024.10.08	00:26:00.315	0.83858				2
2024.10.08	00:26:02.861		0.83907			4
2024.10.08	00:26:29.621		0.83908			4
2024.10.08	00:26:40.980		0.83907			4
2024.10.08	00:27:00.236	0.83858	0.83908			6
2024.10.08	00:27:24.075		0.83907			4
2024.10.08	00:27:42.456		0.83908			4
2024.10.08	00:28:01.193	0.83858	0.83909			6
2024.10.08	00:28:01.656		0.83910			4
2024.10.08	00:28:48.152		0.83911			4
2024.10.08	00:29:00.756	0.83858				2
2024.10.08	00:29:42.353		0.83912			4
2024.10.08	00:29:43.785		0.83913			4
2024.10.08	00:29:50.107		0.83912			4
2024.10.08	00:29:54.043		0.83914			4
2024.10.08	00:29:55.626		0.83915			4
2024.10.08	00:29:56.309		0.83916			4
2024.10.08	00:29:59.052		0.83917			4
2024.10.08	00:30:00.089	0.83858	0.83922			6
2024.10.08	00:30:00.404	0.83855	0.83924			6
2024.10.08	00:30:00.756		0.83921			4
2024.10.08	00:30:02.292		0.83922			4
2024.10.08	00:30:02.613		0.83925			4
2024.10.08	00:30:04.085		0.83922			4
2024.10.08	00:30:11.110		0.83920			4
2024.10.08	00:30:13.804		0.83919			4
2024.10.08	00:30:14.824		0.83917			4
2024.10.08	00:30:16.715		0.83919			4
2024.10.08	00:30:17.027		0.83917			4
2024.10.08	00:30:17.368		0.83915			4
2024.10.08	00:30:17.717		0.83914			4
2024.10.08	00:30:19.659		0.83918			4
2024.10.08	00:30:20.696		0.83914			4
2024.10.08	00:30:23.299		0.83913			4
2024.10.08	00:30:29.592		0.83916			4
2024.10.08	00:30:35.664		0.83913			4
2024.10.08	00:30:37.840		0.83912			4
2024.10.08	00:30:38.522		0.83907			4
2024.10.08	00:30:40.656		0.83906			4
2024.10.08	00:30:42.433		0.83905			4
2024.10.08	00:30:46.236		0.83904			4
2024.10.08	00:31:02.350	0.83855				2
2024.10.08	00:31:16.948		0.83906			4
2024.10.08	00:31:24.289		0.83908			4
2024.10.08	00:31:28.835		0.83910			4
2024.10.08	00:31:32.691		0.83912			4
2024.10.08	00:31:37.117	0.83860				2
2024.10.08	00:31:43.974		0.83917			4
2024.10.08	00:31:47.874		0.83912			4
2024.10.08	00:32:00.454	0.83860				2
2024.10.08	00:32:17.574		0.83916			4
2024.10.08	00:32:32.242		0.83912			4
2024.10.08	00:32:57.759		0.83916			4
2024.10.08	00:33:01.244	0.83860				2
2024.10.08	00:33:03.446		0.83915			4
2024.10.08	00:33:18.844		0.83916			4
2024.10.08	00:33:26.036		0.83915			4
2024.10.08	00:33:39.175		0.83913			4
2024.10.08	00:33:46.591		0.83916			4
2024.10.08	00:33:49.603		0.83913			4
2024.10.08	00:33:51.860		0.83915			4
2024.10.08	00:33:56.490		0.83913			4
2024.10.08	00:34:00.151	0.83860				2
2024.10.08	00:34:00.503		0.83915			4
2024.10.08	00:34:01.357		0.83916			4
2024.10.08	00:34:05.288	0.83859	0.83913			6
2024.10.08	00:34:10.099	0.83860	0.83917			6
2024.10.08	00:34:11.166		0.83915			4
2024.10.08	00:34:13.658	0.83861				2
2024.10.08	00:34:14.769	0.83860	0.83917			6
2024.10.08	00:34:15.485	0.83861	0.83918			6
2024.10.08	00:34:18.723	0.83862	0.83919			6
2024.10.08	00:34:19.353	0.83863	0.83920			6
2024.10.08	00:34:21.482	0.83864	0.83921			6
2024.10.08	00:34:22.101	0.83862	0.83919			6
2024.10.08	00:34:22.962	0.83863	0.83920			6
2024.10.08	00:34:27.759	0.83861	0.83918			6
2024.10.08	00:34:30.756	0.83860	0.83917			6
2024.10.08	00:34:34.229	0.83863	0.83919			6
2024.10.08	00:34:34.544		0.83920			4
2024.10.08	00:34:45.569	0.83865	0.83918			6
2024.10.08	00:34:47.248		0.83917			4
2024.10.08	00:34:48.705		0.83913			4
2024.10.08	00:35:00.380	0.83865				2
2024.10.08	00:35:21.875		0.83918			4
2024.10.08	00:35:27.309		0.83913			4
2024.10.08	00:35:33.485		0.83921			4
2024.10.08	00:35:34.356		0.83915			4
2024.10.08	00:35:37.232	0.83866				2
2024.10.08	00:35:38.106		0.83917			4
2024.10.08	00:35:41.486	0.83868				2
2024.10.08	00:35:41.834		0.83919			4
2024.10.08	00:35:42.145	0.83869				2
2024.10.08	00:35:45.128		0.83924			4
2024.10.08	00:35:45.753	0.83866	0.83925			6
2024.10.08	00:35:50.900	0.83867				2
2024.10.08	00:35:52.957	0.83868				2
2024.10.08	00:35:55.517	0.83869				2
2024.10.08	00:35:56.928	0.83867	0.83928			6
2024.10.08	00:35:59.972		0.83925			4
2024.10.08	00:36:01.056	0.83866				2
2024.10.08	00:36:07.552	0.83869				2
2024.10.08	00:36:09.152	0.83870				2
2024.10.08	00:36:10.533	0.83869				2
2024.10.08	00:36:11.555	0.83866	0.83929			6
2024.10.08	00:36:14.856	0.83867				2
2024.10.08	00:36:15.180	0.83868	0.83927			6
2024.10.08	00:36:15.485	0.83869	0.83926			6
2024.10.08	00:36:16.054		0.83927			4
2024.10.08	00:36:16.399		0.83926			4
2024.10.08	00:36:16.954		0.83925			4
2024.10.08	00:36:19.201	0.83870	0.83927			6
2024.10.08	00:36:21.755	0.83871				2
2024.10.08	00:36:26.930		0.83919			4
2024.10.08	00:36:36.788		0.83928			4
2024.10.08	00:36:44.466	0.83870	0.83921			6
2024.10.08	00:36:44.862	0.83869				2
2024.10.08	00:36:46.425	0.83870	0.83922			6
2024.10.08	00:36:50.406	0.83867	0.83921			6
2024.10.08	00:36:50.793	0.83869				2
2024.10.08	00:37:01.616	0.83869	0.83920			6
2024.10.08	00:37:02.550	0.83868				2
2024.10.08	00:37:11.674	0.83869				2
2024.10.08	00:37:19.854	0.83870	0.83921			6
2024.10.08	00:37:23.259		0.83920			4
2024.10.08	00:37:27.142	0.83869				2
2024.10.08	00:37:37.367	0.83870	0.83918			6
2024.10.08	00:37:39.971	0.83868				2
2024.10.08	00:37:44.478	0.83869				2
2024.10.08	00:37:45.590		0.83920			4
2024.10.08	00:37:46.138	0.83870	0.83922			6
2024.10.08	00:37:47.162		0.83921			4
2024.10.08	00:37:53.256		0.83922			4
2024.10.08	00:37:53.671		0.83918			4
2024.10.08	00:37:54.023	0.83871				2
2024.10.08	00:37:58.341	0.83870				2
2024.10.08	00:38:03.317	0.83870				2
2024.10.08	00:38:07.536		0.83920			4
2024.10.08	00:38:08.792	0.83869				2
2024.10.08	00:38:11.324		0.83919			4
2024.10.08	00:38:11.864		0.83918			4
2024.10.08	00:38:13.008	0.83868				2
2024.10.08	00:38:19.641	0.83867				2
2024.10.08	00:38:19.941		0.83917			4
2024.10.08	00:38:20.272	0.83866	0.83916			6
2024.10.08	00:38:43.735	0.83870	0.83918			6
2024.10.08	00:38:44.114	0.83871				2
2024.10.08	00:38:47.012	0.83869				2
2024.10.08	00:38:47.317	0.83868				2
2024.10.08	00:38:49.356	0.83867	0.83917			6
2024.10.08	00:38:51.832	0.83866	0.83916			6
2024.10.08	00:39:01.780	0.83866				2
2024.10.08	00:39:25.925	0.83865	0.83914			6
2024.10.08	00:39:26.253		0.83915			4
2024.10.08	00:39:32.023		0.83914			4
2024.10.08	00:39:32.412		0.83915			4
2024.10.08	00:39:36.256		0.83914			4
2024.10.08	00:39:36.640		0.83915			4
2024.10.08	00:39:37.254		0.83914			4
2024.10.08	00:39:46.948		0.83912			4
2024.10.08	00:39:47.251		0.83914			4
2024.10.08	00:39:47.923		0.83913			4
2024.10.08	00:39:48.244		0.83914			4
2024.10.08	00:39:49.298		0.83913			4
2024.10.08	00:39:49.657		0.83912			4
2024.10.08	00:39:50.311		0.83913			4
2024.10.08	00:39:58.908		0.83915			4
2024.10.08	00:39:59.235		0.83914			4
2024.10.08	00:40:00.141	0.83865				2
2024.10.08	00:40:01.329		0.83913			4
2024.10.08	00:40:02.800		0.83912			4
2024.10.08	00:40:04.270		0.83913			4
2024.10.08	00:40:07.982		0.83912			4
2024.10.08	00:40:08.942		0.83913			4
2024.10.08	00:40:10.719	0.83862	0.83911			6
2024.10.08	00:40:13.349		0.83910			4
2024.10.08	00:40:14.577		0.83909			4
2024.10.08	00:40:21.622	0.83867				2
2024.10.08	00:40:36.681	0.83862				2
2024.10.08	00:40:53.278		0.83908			4
2024.10.08	00:40:59.552		0.83909			4
2024.10.08	00:41:02.377	0.83862				2
2024.10.08	00:41:05.253		0.83908			4
2024.10.08	00:41:19.353		0.83907			4
2024.10.08	00:41:23.017		0.83908			4
2024.10.08	00:41:34.654		0.83907			4
2024.10.08	00:41:40.226		0.83906			4
2024.10.08	00:41:42.074		0.83907			4
2024.10.08	00:41:46.051		0.83908			4
2024.10.08	00:41:58.007		0.83907			4
2024.10.08	00:42:00.509	0.83862				2
2024.10.08	00:42:12.155		0.83906			4
2024.10.08	00:42:14.610		0.83908			4
2024.10.08	00:42:17.088		0.83907			4
2024.10.08	00:42:19.054		0.83906			4
2024.10.08	00:42:30.452		0.83907			4
2024.10.08	00:42:37.824		0.83906			4
2024.10.08	00:42:39.557		0.83905			4
2024.10.08	00:42:44.254		0.83906			4
2024.10.08	00:42:52.956		0.83905			4
2024.10.08	00:43:00.566	0.83862				2
2024.10.08	00:43:02.770		0.83907			4
2024.10.08	00:43:05.488		0.83906			4
2024.10.08	00:43:08.253		0.83905			4
2024.10.08	00:43:09.096		0.83907			4
2024.10.08	00:43:13.498		0.83904			4
2024.10.08	00:43:17.545		0.83905			4
2024.10.08	00:43:21.454		0.83904			4
2024.10.08	00:43:23.188		0.83907			4
2024.10.08	00:43:38.770		0.83908			4
2024.10.08	00:43:39.295		0.83906			4
2024.10.08	00:43:47.270		0.83907			4
2024.10.08	00:44:00.422	0.83862				2
2024.10.08	00:44:48.045		0.83907			4
2024.10.08	00:44:51.754		0.83908			4
2024.10.08	00:45:00.438	0.83862				2
2024.10.08	00:45:02.124	0.83866	0.83912			6
2024.10.08	00:45:04.042	0.83862	0.83908			6
2024.10.08	00:45:06.969	0.83874	0.83896			6
2024.10.08	00:45:41.606		0.83895			4
2024.10.08	00:45:41.931		0.83896			4
2024.10.08	00:46:01.963	0.83874				2
2024.10.08	00:46:04.434		0.83897			4
2024.10.08	00:46:04.747		0.83896			4
2024.10.08	00:46:21.064		0.83897			4
2024.10.08	00:46:25.520		0.83896			4
2024.10.08	00:46:42.880		0.83897			4
2024.10.08	00:46:50.687		0.83896			4
2024.10.08	00:46:58.977		0.83897			4
2024.10.08	00:47:00.198	0.83874				2
2024.10.08	00:47:01.470	0.83876				2
2024.10.08	00:47:02.109	0.83875	0.83901			6
2024.10.08	00:47:04.029	0.83876	0.83897			6
2024.10.08	00:47:04.445		0.83896			4
2024.10.08	00:47:06.863		0.83895			4
2024.10.08	00:47:14.943		0.83896			4
2024.10.08	00:47:18.753		0.83895			4
2024.10.08	00:47:28.775		0.83896			4
2024.10.08	00:47:31.992		0.83895			4
2024.10.08	00:47:38.963		0.83896			4
2024.10.08	00:47:41.741		0.83895			4
2024.10.08	00:47:50.304		0.83894			4
2024.10.08	00:47:51.199		0.83896			4
2024.10.08	00:47:52.338		0.83894			4
2024.10.08	00:47:56.255		0.83893			4
2024.10.08	00:47:57.419		0.83892			4
2024.10.08	00:48:00.158	0.83876				2
2024.10.08	00:48:01.938		0.83893			4
2024.10.08	00:48:02.257		0.83894			4
2024.10.08	00:48:02.874		0.83893			4
2024.10.08	00:48:12.176		0.83892			4
2024.10.08	00:48:12.718		0.83893			4
2024.10.08	00:48:15.757		0.83892			4
2024.10.08	00:48:21.821		0.83893			4
2024.10.08	00:48:42.483		0.83892			4
2024.10.08	00:48:47.747		0.83893			4
2024.10.08	00:48:51.905		0.83892			4
2024.10.08	00:48:55.440		0.83893			4
2024.10.08	00:49:01.098	0.83876				2
2024.10.08	00:49:01.718	0.83859				2
2024.10.08	00:49:02.721	0.83860				2
2024.10.08	00:49:03.031	0.83862				2
2024.10.08	00:49:03.551	0.83866				2
2024.10.08	00:49:05.743	0.83864				2
2024.10.08	00:49:18.203	0.83866				2
2024.10.08	00:49:26.260	0.83865				2
2024.10.08	00:49:40.381		0.83894			4
2024.10.08	00:49:41.762	0.83866				2
2024.10.08	00:49:43.452	0.83864	0.83895			6
2024.10.08	00:49:43.852	0.83866				2
2024.10.08	00:49:44.855	0.83869				2
2024.10.08	00:49:57.455	0.83868	0.83894			6
2024.10.08	00:50:00.322	0.83868				2
2024.10.08	00:50:04.054	0.83869	0.83895			6
2024.10.08	00:50:13.310	0.83870				2
2024.10.08	00:50:13.958	0.83871				2
2024.10.08	00:50:15.989	0.83870				2
2024.10.08	00:50:16.315		0.83896			4
2024.10.08	00:50:18.341	0.83871	0.83895			6
2024.10.08	00:50:26.262	0.83870	0.83896			6
2024.10.08	00:50:33.467	0.83871	0.83895			6
2024.10.08	00:50:38.855	0.83870	0.83896			6
2024.10.08	00:50:39.189	0.83869				2
2024.10.08	00:50:44.142	0.83870				2
2024.10.08	00:50:44.476	0.83868	0.83895			6
2024.10.08	00:50:44.840	0.83865	0.83896			6
2024.10.08	00:50:46.058	0.83867	0.83895			6
2024.10.08	00:50:59.182	0.83868				2
2024.10.08	00:51:01.303	0.83868				2
2024.10.08	00:51:14.481	0.83869				2
2024.10.08	00:51:44.474	0.83872				2
2024.10.08	00:51:47.323		0.83896			4
2024.10.08	00:51:47.804		0.83895			4
2024.10.08	00:52:01.481	0.83872				2
2024.10.08	00:52:04.137	0.83878	0.83894			6
2024.10.08	00:52:20.096		0.83893			4
2024.10.08	00:52:53.424		0.83892			4
2024.10.08	00:53:00.867	0.83878				2
2024.10.08	00:53:02.586		0.83893			4
2024.10.08	00:54:04.177	0.83878	0.83893			6
2024.10.08	00:54:05.121	0.83869				2
2024.10.08	00:54:35.536	0.83868				2
2024.10.08	00:54:41.606	0.83877				2
2024.10.08	00:55:01.123	0.83877	0.83894			6
2024.10.08	00:55:07.166		0.83895			4
2024.10.08	00:55:13.893		0.83894			4
2024.10.08	00:55:26.814		0.83897			4
2024.10.08	00:55:28.759		0.83895			4
2024.10.08	00:55:30.760		0.83893			4
2024.10.08	00:55:36.374		0.83895			4
2024.10.08	00:55:54.395		0.83894			4
2024.10.08	00:55:57.834		0.83895			4
2024.10.08	00:56:00.524	0.83877				2
2024.10.08	00:56:11.542		0.83894			4
2024.10.08	00:56:12.464		0.83895			4
2024.10.08	00:56:13.364		0.83894			4
2024.10.08	00:56:41.941	0.83867				2
2024.10.08	00:56:53.253	0.83866	0.83895			6
2024.10.08	00:57:05.794	0.83866				2
2024.10.08	00:57:44.262	0.83864	0.83896			6
2024.10.08	00:57:48.871	0.83866				2
2024.10.08	00:57:49.449	0.83864				2
2024.10.08	00:57:50.864	0.83863				2
2024.10.08	00:57:52.710	0.83864				2
2024.10.08	00:57:55.015	0.83865				2
2024.10.08	00:57:55.657	0.83866				2
2024.10.08	00:58:00.361	0.83866				2
2024.10.08	00:58:02.855	0.83865				2
2024.10.08	00:58:12.181	0.83866				2
2024.10.08	00:58:15.433	0.83865				2
2024.10.08	00:58:16.479	0.83863				2
2024.10.08	00:58:19.401	0.83862	0.83897			6
2024.10.08	00:58:23.854	0.83863				2
2024.10.08	00:58:26.224	0.83862	0.83896			6
2024.10.08	00:58:26.577	0.83864				2
2024.10.08	00:58:38.621		0.83897			4
2024.10.08	00:58:56.257	0.83865	0.83896			6
2024.10.08	00:59:00.273	0.83865				2
2024.10.08	00:59:00.654		0.83897			4
2024.10.08	00:59:11.976	0.83864				2
2024.10.08	00:59:24.565	0.83862				2
2024.10.08	00:59:32.721	0.83861				2
2024.10.08	00:59:33.754	0.83859				2
2024.10.08	00:59:35.546	0.83860				2
2024.10.08	00:59:35.854	0.83858				2
2024.10.08	00:59:39.462	0.83859				2
2024.10.08	00:59:41.125		0.83896			4
2024.10.08	00:59:42.020		0.83897			4
2024.10.08	01:00:00.274	0.83859	0.83889			6
2024.10.08	01:00:00.587		0.83890			4
2024.10.08	01:00:00.904		0.83894			4
2024.10.08	01:00:01.210		0.83896			4
2024.10.08	01:00:01.586	0.83852	0.83893			6
2024.10.08	01:00:01.909	0.83846	0.83891			6
2024.10.08	01:00:02.234	0.83847	0.83892			6
2024.10.08	01:00:02.552	0.83861	0.83894			6
2024.10.08	01:00:03.345	0.83865	0.83895			6
2024.10.08	01:00:03.672	0.83864	0.83896			6
2024.10.08	01:00:04.000	0.83863	0.83893			6
2024.10.08	01:00:04.303	0.83849	0.83891			6
2024.10.08	01:00:04.636		0.83897			4
2024.10.08	01:00:04.945	0.83844	0.83896			6
2024.10.08	01:00:05.340	0.83846	0.83895			6
2024.10.08	01:00:05.976		0.83894			4
2024.10.08	01:00:06.382	0.83850				2
2024.10.08	01:00:07.061		0.83893			4
2024.10.08	01:00:07.405	0.83846	0.83894			6
2024.10.08	01:00:08.234	0.83858	0.83896			6
2024.10.08	01:00:08.649	0.83849	0.83898			6
2024.10.08	01:00:09.002	0.83846				2
2024.10.08	01:00:09.729		0.83897			4
2024.10.08	01:00:10.685	0.83873	0.83896			6
2024.10.08	01:00:10.988	0.83874	0.83898			6
2024.10.08	01:00:12.213		0.83899			4
2024.10.08	01:00:13.433		0.83898			4
2024.10.08	01:00:13.783		0.83896			4
2024.10.08	01:00:14.281		0.83895			4
2024.10.08	01:00:14.623		0.83896			4
2024.10.08	01:00:15.002		0.83900			4
2024.10.08	01:00:15.336		0.83898			4
2024.10.08	01:00:15.651		0.83899			4
2024.10.08	01:00:16.373		0.83896			4
2024.10.08	01:00:17.769		0.83898			4
2024.10.08	01:00:18.260	0.83878	0.83900			6
2024.10.08	01:00:18.611		0.83899			4
2024.10.08	01:00:19.097		0.83900			4
2024.10.08	01:00:19.405		0.83898			4
2024.10.08	01:00:19.749	0.83877	0.83900			6
2024.10.08	01:00:21.355	0.83875	0.83897			6
2024.10.08	01:00:21.801		0.83895			4
2024.10.08	01:00:22.691	0.83873				2
2024.10.08	01:00:23.037		0.83894			4
2024.10.08	01:00:23.457		0.83898			4
2024.10.08	01:00:26.167		0.83897			4
2024.10.08	01:00:29.792	0.83870	0.83898			6
2024.10.08	01:00:30.123	0.83874	0.83899			6
2024.10.08	01:00:30.431	0.83870				2
2024.10.08	01:00:30.791	0.83875				2
2024.10.08	01:00:31.102	0.83870				2
2024.10.08	01:00:31.744		0.83900			4
2024.10.08	01:00:33.520	0.83866	0.83899			6
2024.10.08	01:00:33.821		0.83900			4
2024.10.08	01:00:34.128		0.83899			4
2024.10.08	01:00:34.453		0.83897			4
2024.10.08	01:00:34.770		0.83898			4
2024.10.08	01:00:35.121		0.83897			4
2024.10.08	01:00:35.583		0.83898			4
2024.10.08	01:00:37.378		0.83896			4
2024.10.08	01:00:39.521		0.83897			4
2024.10.08	01:00:39.830		0.83899			4
2024.10.08	01:00:40.304		0.83898			4
2024.10.08	01:00:41.203		0.83896			4
2024.10.08	01:00:42.250		0.83897			4
2024.10.08	01:00:43.765		0.83896			4
2024.10.08	01:00:44.378		0.83894			4
2024.10.08	01:00:47.066		0.83893			4
2024.10.08	01:00:49.445		0.83892			4
2024.10.08	01:00:50.442		0.83893			4
2024.10.08	01:00:51.381		0.83892			4
2024.10.08	01:00:51.876	0.83884	0.83900			6
2024.10.08	01:00:52.184	0.83885	0.83899			6
2024.10.08	01:00:52.813		0.83900			4
2024.10.08	01:00:53.125		0.83899			4
2024.10.08	01:00:53.498		0.83901			4
2024.10.08	01:00:54.232	0.83886				2
2024.10.08	01:00:55.379	0.83884	0.83900			6
2024.10.08	01:00:55.988		0.83901			4
2024.10.08	01:00:56.378	0.83885	0.83900			6
2024.10.08	01:00:57.149	0.83887	0.83904			6
2024.10.08	01:00:57.455		0.83903			4
2024.10.08	01:00:58.655	0.83886				2
2024.10.08	01:00:59.061	0.83887				2
2024.10.08	01:01:00.147	0.83890	0.83907			6
2024.10.08	01:01:01.028		0.83906			4
2024.10.08	01:01:01.664	0.83887				2
2024.10.08	01:01:04.357	0.83888				2
2024.10.08	01:01:05.566		0.83905			4
2024.10.08	01:01:05.998	0.83889				2
2024.10.08	01:01:06.374	0.83886				2
2024.10.08	01:01:06.682	0.83883				2
2024.10.08	01:01:07.214	0.83886				2
2024.10.08	01:01:07.613		0.83903			4
2024.10.08	01:01:08.105		0.83906			4
2024.10.08	01:01:08.841	0.83884				2
2024.10.08	01:01:10.315	0.83883				2
2024.10.08	01:01:10.625		0.83905			4
2024.10.08	01:01:11.012	0.83885				2
2024.10.08	01:01:13.852		0.83904			4
2024.10.08	01:01:17.150	0.83890	0.83905			6
2024.10.08	01:01:17.474	0.83888	0.83904			6
2024.10.08	01:01:17.839	0.83887				2
2024.10.08	01:01:19.305		0.83905			4
2024.10.08	01:01:24.362	0.83886				2
2024.10.08	01:01:24.661		0.83904			4
2024.10.08	01:01:25.238		0.83906			4
2024.10.08	01:01:25.883		0.83904			4
2024.10.08	01:01:26.723		0.83906			4
2024.10.08	01:01:27.362	0.83888	0.83909			6
2024.10.08	01:01:31.668		0.83908			4
2024.10.08	01:01:34.499	0.83891	0.83909			6
2024.10.08	01:01:35.135		0.83911			4
2024.10.08	01:01:36.854	0.83888				2
2024.10.08	01:01:37.168		0.83910			4
2024.10.08	01:01:38.418		0.83909			4
2024.10.08	01:01:46.886		0.83910			4
2024.10.08	01:01:50.278	0.83889	0.83909			6
2024.10.08	01:01:50.684	0.83888				2
2024.10.08	01:01:51.299		0.83910			4
2024.10.08	01:01:55.050		0.83908			4
2024.10.08	01:01:55.791	0.83887	0.83901			6
2024.10.08	01:01:56.103	0.83890	0.83904			6
2024.10.08	01:01:57.669	0.83888	0.83902			6
2024.10.08	01:01:58.685		0.83903			4
2024.10.08	01:01:59.073		0.83902			4
2024.10.08	01:02:00.831	0.83889	0.83901			6
2024.10.08	01:02:02.476	0.83893	0.83907			6
2024.10.08	01:02:03.655		0.83908			4
2024.10.08	01:02:03.969		0.83907			4
2024.10.08	01:02:05.551		0.83906			4
2024.10.08	01:02:06.177	0.83894				2
2024.10.08	01:02:24.326	0.83892	0.83903			6
2024.10.08	01:02:24.737	0.83891				2
2024.10.08	01:02:25.685	0.83890				2
2024.10.08	01:02:28.068		0.83902			4
2024.10.08	01:02:31.655		0.83903			4
2024.10.08	01:02:41.420	0.83894	0.83906			6
2024.10.08	01:02:41.721		0.83907			4
2024.10.08	01:02:49.956		0.83906			4
2024.10.08	01:02:50.273	0.83896	0.83909			6
2024.10.08	01:02:54.758		0.83910			4
2024.10.08	01:03:00.657	0.83896				2
2024.10.08	01:03:05.553	0.83897				2
2024.10.08	01:03:29.991		0.83909			4
2024.10.08	01:03:31.711	0.83896	0.83908			6
2024.10.08	01:03:32.101	0.83897				2
2024.10.08	01:03:33.754		0.83909			4
2024.10.08	01:03:36.330	0.83898				2
2024.10.08	01:03:40.439	0.83897				2
2024.10.08	01:04:00.400	0.83897				2
2024.10.08	01:04:10.875	0.83898				2
2024.10.08	01:04:17.250	0.83897				2
2024.10.08	01:04:17.579	0.83896	0.83908			6
2024.10.08	01:04:21.156		0.83907			4
2024.10.08	01:04:22.402	0.83892	0.83903			6
2024.10.08	01:04:22.717	0.83890	0.83901			6
2024.10.08	01:04:23.556		0.83902			4
2024.10.08	01:04:25.081	0.83891				2
2024.10.08	01:04:25.547	0.83890				2
2024.10.08	01:04:40.054		0.83901			4
2024.10.08	01:04:56.603		0.83900			4
2024.10.08	01:04:59.562	0.83889				2
2024.10.08	01:05:00.428	0.83889				2
2024.10.08	01:05:11.855		0.83896			4
2024.10.08	01:05:17.187	0.83890				2
2024.10.08	01:05:18.179	0.83889	0.83897			6
2024.10.08	01:05:18.857	0.83890				2
2024.10.08	01:05:21.459		0.83898			4
2024.10.08	01:05:57.952	0.83892	0.83899			6
2024.10.08	01:05:58.295		0.83896			4
2024.10.08	01:05:58.656	0.83890				2
2024.10.08	01:06:00.356	0.83890				2
2024.10.08	01:06:02.252	0.83891				2
2024.10.08	01:06:03.791	0.83889				2
2024.10.08	01:06:04.440		0.83897			4
2024.10.08	01:06:04.754		0.83896			4
2024.10.08	01:06:06.623	0.83888	0.83895			6
2024.10.08	01:06:16.767		0.83896			4
2024.10.08	01:06:34.014		0.83895			4
2024.10.08	01:06:47.246	0.83889				2
2024.10.08	01:06:52.895	0.83888				2
2024.10.08	01:07:00.754	0.83888				2
2024.10.08	01:07:06.453	0.83887				2
2024.10.08	01:07:07.655	0.83888				2
2024.10.08	01:07:35.269		0.83895			4
2024.10.08	01:07:36.657	0.83893	0.83900			6
2024.10.08	01:07:36.966		0.83899			4
2024.10.08	01:07:39.373		0.83900			4
2024.10.08	01:07:40.957	0.83894				2
2024.10.08	01:07:41.310		0.83901			4
2024.10.08	01:07:41.846		0.83900			4
2024.10.08	01:07:45.311		0.83901			4
2024.10.08	01:07:53.742	0.83898	0.83904			6
2024.10.08	01:07:54.051	0.83899				2
2024.10.08	01:07:57.005		0.83906			4
2024.10.08	01:07:57.372		0.83905			4
2024.10.08	01:08:00.331	0.83899				2
2024.10.08	01:08:02.057		0.83906			4
2024.10.08	01:08:08.372		0.83905			4
2024.10.08	01:08:11.452		0.83906			4
2024.10.08	01:08:13.956	0.83900				2
2024.10.08	01:08:19.696		0.83909			4
2024.10.08	01:08:20.445		0.83905			4
2024.10.08	01:08:34.932	0.83896	0.83901			6
2024.10.08	01:08:35.242	0.83895	0.83900			6
2024.10.08	01:08:36.196	0.83889	0.83894			6
2024.10.08	01:08:36.878		0.83895			4
2024.10.08	01:08:39.528	0.83890				2
2024.10.08	01:08:43.356	0.83889				2
2024.10.08	01:08:44.784		0.83894			4
2024.10.08	01:08:50.283		0.83896			4
2024.10.08	01:08:50.643	0.83892				2
2024.10.08	01:08:54.453	0.83891				2
2024.10.08	01:09:00.434	0.83891	0.83897			6
2024.10.08	01:09:06.675	0.83894	0.83899			6
2024.10.08	01:09:08.156		0.83898			4
2024.10.08	01:09:08.557	0.83895				2
2024.10.08	01:09:10.372		0.83899			4
2024.10.08	01:09:10.747		0.83898			4
2024.10.08	01:09:12.199		0.83899			4
2024.10.08	01:09:17.011	0.83896	0.83901			6
2024.10.08	01:09:29.342	0.83897				2
2024.10.08	01:09:31.054	0.83896				2
2024.10.08	01:09:44.314		0.83900			4
2024.10.08	01:09:44.629	0.83897	0.83901			6
2024.10.08	01:09:45.161	0.83896				2
2024.10.08	01:09:51.398	0.83894	0.83900			6
2024.10.08	01:09:51.707	0.83896				2
2024.10.08	01:09:52.055	0.83895				2
2024.10.08	01:10:00.375	0.83894				2
2024.10.08	01:10:09.817	0.83893	0.83899			6
2024.10.08	01:10:18.367	0.83897	0.83902			6
2024.10.08	01:10:21.685	0.83899	0.83906			6
2024.10.08	01:10:22.048		0.83905			4
2024.10.08	01:10:26.861	0.83900				2
2024.10.08	01:10:31.060	0.83899				2
2024.10.08	01:10:31.364	0.83897	0.83902			6
2024.10.08	01:10:31.912		0.83901			4
2024.10.08	01:10:33.209	0.83899	0.83905			6
2024.10.08	01:10:33.525		0.83904			4
2024.10.08	01:10:38.558	0.83898				2
2024.10.08	01:11:00.321	0.83898				2
2024.10.08	01:11:28.756		0.83903			4
2024.10.08	01:11:36.708		0.83904			4
2024.10.08	01:11:37.055	0.83899	0.83903			6
2024.10.08	01:11:42.762	0.83900				2
2024.10.08	01:11:43.627	0.83898				2
2024.10.08	01:11:47.083		0.83905			4
2024.10.08	01:11:49.062	0.83899				2
2024.10.08	01:12:02.047	0.83899	0.83903			6
2024.10.08	01:12:18.458	0.83900				2
2024.10.08	01:12:22.768	0.83897	0.83902			6
2024.10.08	01:12:24.814	0.83898	0.83901			6
2024.10.08	01:12:27.130	0.83895	0.83899			6
2024.10.08	01:12:48.335	0.83894				2
2024.10.08	01:12:49.354	0.83895				2
2024.10.08	01:12:49.838		0.83900			4
2024.10.08	01:12:50.211	0.83898	0.83901			6
2024.10.08	01:12:50.512		0.83902			4
2024.10.08	01:12:53.826	0.83899				2
2024.10.08	01:12:55.902		0.83901			4
2024.10.08	01:12:56.257	0.83898				2
2024.10.08	01:12:58.654	0.83899				2
2024.10.08	01:12:58.962	0.83897				2
2024.10.08	01:13:00.436	0.83897				2
2024.10.08	01:13:08.398		0.83902			4
2024.10.08	01:13:27.693	0.83898				2
2024.10.08	01:13:31.731	0.83896				2
2024.10.08	01:13:32.376	0.83898				2
2024.10.08	01:13:32.721	0.83899	0.83903			6
2024.10.08	01:13:40.598	0.83898	0.83901			6
2024.10.08	01:13:44.482	0.83897				2
2024.10.08	01:14:00.512	0.83897	0.83902			6
2024.10.08	01:14:07.055	0.83898				2
2024.10.08	01:14:28.515	0.83894	0.83900			6
2024.10.08	01:14:32.568	0.83896	0.83899			6
2024.10.08	01:14:37.496	0.83895	0.83898			6
2024.10.08	01:14:42.460	0.83894				2
2024.10.08	01:14:52.680	0.83893				2
2024.10.08	01:15:01.036	0.83893				2
2024.10.08	01:15:02.903		0.83897			4
2024.10.08	01:15:03.246		0.83898			4
2024.10.08	01:15:09.456	0.83894				2
2024.10.08	01:15:12.322	0.83893	0.83899			6
2024.10.08	01:15:13.114		0.83898			4
2024.10.08	01:15:20.505	0.83891	0.83897			6
2024.10.08	01:15:26.797		0.83896			4
2024.10.08	01:15:27.229	0.83890				2
2024.10.08	01:15:31.954	0.83889				2
2024.10.08	01:15:32.278	0.83890				2
2024.10.08	01:15:35.894	0.83891				2
2024.10.08	01:15:37.509	0.83890	0.83894			6
2024.10.08	01:15:38.980	0.83889				2
2024.10.08	01:15:42.916		0.83895			4
2024.10.08	01:15:49.040		0.83894			4
2024.10.08	01:16:00.442	0.83889				2
2024.10.08	01:16:04.772	0.83888				2
2024.10.08	01:16:06.601		0.83893			4
2024.10.08	01:16:10.502		0.83892			4
2024.10.08	01:16:15.051		0.83891			4
2024.10.08	01:16:15.514		0.83892			4
2024.10.08	01:16:20.205		0.83891			4
2024.10.08	01:16:30.380		0.83892			4
2024.10.08	01:16:33.473	0.83887				2
2024.10.08	01:16:34.180		0.83893			4
2024.10.08	01:16:40.571		0.83894			4
2024.10.08	01:16:44.750		0.83893			4
2024.10.08	01:16:48.683	0.83886				2
2024.10.08	01:16:55.754	0.83885	0.83892			6
2024.10.08	01:16:56.161	0.83886				2
2024.10.08	01:16:59.781	0.83887				2
2024.10.08	01:17:00.184	0.83886				2
2024.10.08	01:17:02.389	0.83885				2
2024.10.08	01:17:02.753	0.83886				2
2024.10.08	01:17:11.554	0.83883	0.83890			6
2024.10.08	01:17:11.855	0.83882				2
2024.10.08	01:17:13.902	0.83881				2
2024.10.08	01:17:18.021		0.83889			4
2024.10.08	01:17:18.378		0.83890			4
2024.10.08	01:17:19.947	0.83882				2
2024.10.08	01:17:47.354	0.83883				2
2024.10.08	01:17:52.308	0.83882				2
2024.10.08	01:18:02.954	0.83882				2
2024.10.08	01:18:10.877	0.83881				2
2024.10.08	01:18:17.284	0.83882				2
2024.10.08	01:18:19.392		0.83890			4
2024.10.08	01:18:21.111		0.83891			4
2024.10.08	01:18:28.390	0.83887	0.83893			6
2024.10.08	01:18:30.183		0.83895			4
2024.10.08	01:18:30.484	0.83889				2
2024.10.08	01:18:32.083		0.83897			4
2024.10.08	01:18:32.423	0.83891	0.83898			6
2024.10.08	01:18:33.634		0.83897			4
2024.10.08	01:18:39.303	0.83888	0.83895			6
2024.10.08	01:18:39.606	0.83886				2
2024.10.08	01:18:40.510	0.83887	0.83894			6
2024.10.08	01:18:44.596	0.83885				2
2024.10.08	01:18:45.237	0.83887				2
2024.10.08	01:19:00.440	0.83887				2
2024.10.08	01:19:01.372	0.83885				2
2024.10.08	01:19:06.862	0.83887				2
2024.10.08	01:19:07.171	0.83886				2
2024.10.08	01:19:11.340	0.83887				2
2024.10.08	01:19:28.215	0.83885				2
2024.10.08	01:19:30.451	0.83886	0.83893			6
2024.10.08	01:19:31.711		0.83892			4
2024.10.08	01:19:35.958	0.83884				2
2024.10.08	01:19:37.172	0.83886				2
2024.10.08	01:19:41.981	0.83887	0.83893			6
2024.10.08	01:19:42.284		0.83895			4
2024.10.08	01:19:46.277		0.83894			4
2024.10.08	01:19:46.675	0.83888				2
2024.10.08	01:19:51.881	0.83886				2
2024.10.08	01:19:52.750	0.83887				2
2024.10.08	01:20:00.326	0.83887				2
2024.10.08	01:20:02.168	0.83888				2
2024.10.08	01:20:03.450	0.83887				2
2024.10.08	01:20:20.500	0.83886	0.83893			6
2024.10.08	01:20:20.803	0.83884				2
2024.10.08	01:20:21.680	0.83883	0.83892			6
2024.10.08	01:20:28.482	0.83882	0.83890			6
2024.10.08	01:20:28.992		0.83891			4
2024.10.08	01:20:40.667	0.83883				2
2024.10.08	01:20:42.587	0.83882				2
2024.10.08	01:20:43.079	0.83883				2
2024.10.08	01:20:51.081	0.83882				2
2024.10.08	01:20:52.519	0.83883	0.83892			6
2024.10.08	01:20:52.825	0.83884	0.83893			6
2024.10.08	01:20:53.605	0.83885				2
2024.10.08	01:20:54.361	0.83886				2
2024.10.08	01:20:55.318	0.83884				2
2024.10.08	01:20:55.672	0.83885				2
2024.10.08	01:21:00.331	0.83885				2
2024.10.08	01:21:27.791	0.83884				2
2024.10.08	01:21:39.086	0.83885				2
2024.10.08	01:21:46.493	0.83884				2
2024.10.08	01:21:46.972	0.83886				2
2024.10.08	01:21:47.329	0.83885	0.83892			6
2024.10.08	01:21:49.856	0.83886				2
2024.10.08	01:22:01.012	0.83886				2
2024.10.08	01:22:07.173	0.83885				2
2024.10.08	01:22:12.221	0.83886				2
2024.10.08	01:22:17.386	0.83885				2
2024.10.08	01:22:18.543	0.83884				2
2024.10.08	01:22:47.542		0.83892			4
2024.10.08	01:22:57.388	0.83883				2
2024.10.08	01:22:57.761	0.83884				2
2024.10.08	01:23:00.738	0.83884				2
2024.10.08	01:23:11.724		0.83891			4
2024.10.08	01:23:14.529		0.83890			4
2024.10.08	01:23:15.032		0.83891			4
2024.10.08	01:23:33.273	0.83883				2
2024.10.08	01:23:34.595		0.83890			4
2024.10.08	01:23:36.680		0.83891			4
2024.10.08	01:23:43.502	0.83884				2
2024.10.08	01:23:51.965	0.83888	0.83893			6
2024.10.08	01:24:00.053	0.83888				2
2024.10.08	01:24:00.379		0.83894			4
2024.10.08	01:24:25.094	0.83887				2
2024.10.08	01:24:32.689	0.83882	0.83888			6
2024.10.08	01:24:33.061		0.83889			4
2024.10.08	01:24:34.870		0.83888			4
2024.10.08	01:24:42.470	0.83883				2
2024.10.08	01:24:42.789		0.83889			4
2024.10.08	01:24:43.322		0.83890			4
2024.10.08	01:25:00.263	0.83883				2
2024.10.08	01:25:03.126	0.83881	0.83887			6
2024.10.08	01:25:18.841	0.83880				2
2024.10.08	01:25:20.891	0.83881				2
2024.10.08	01:25:32.176		0.83888			4
2024.10.08	01:25:33.179		0.83887			4
2024.10.08	01:25:38.100		0.83888			4
2024.10.08	01:25:38.601		0.83887			4
2024.10.08	01:25:56.776	0.83885	0.83890			6
2024.10.08	01:25:57.400		0.83891			4
2024.10.08	01:26:00.325	0.83885				2
2024.10.08	01:26:01.996	0.83886	0.83892			6
2024.10.08	01:26:02.439		0.83893			4
2024.10.08	01:26:04.188		0.83892			4
2024.10.08	01:26:12.136	0.83885	0.83891			6
2024.10.08	01:26:22.301		0.83892			4
2024.10.08	01:27:01.172	0.83885				2
2024.10.08	01:27:22.388		0.83892			4
2024.10.08	01:27:22.717		0.83891			4
2024.10.08	01:27:26.371		0.83892			4
2024.10.08	01:27:27.279		0.83891			4
2024.10.08	01:27:56.109		0.83890			4
2024.10.08	01:28:00.453	0.83885				2
2024.10.08	01:28:01.449		0.83891			4
2024.10.08	01:28:07.307		0.83890			4
2024.10.08	01:28:15.829	0.83884	0.83891			6
2024.10.08	01:28:17.857	0.83885				2
2024.10.08	01:28:30.248		0.83890			4
2024.10.08	01:28:54.836	0.83884	0.83891			6
2024.10.08	01:28:55.181	0.83886				2
2024.10.08	01:28:59.815		0.83890			4
2024.10.08	01:29:00.124	0.83886				2
2024.10.08	01:29:00.427	0.83884	0.83888			6
2024.10.08	01:29:32.181	0.83883				2
2024.10.08	01:29:34.624		0.83889			4
2024.10.08	01:29:35.927		0.83888			4
2024.10.08	01:29:41.400		0.83889			4
2024.10.08	01:29:49.037		0.83890			4
2024.10.08	01:29:54.482		0.83889			4
2024.10.08	01:29:55.043	0.83884				2
2024.10.08	01:30:00.278	0.83884	0.83890			6
2024.10.08	01:30:01.184	0.83883				2
2024.10.08	01:30:01.904	0.83887				2
2024.10.08	01:30:04.104	0.83883				2
2024.10.08	01:30:07.698	0.83884	0.83889			6
2024.10.08	01:30:15.470	0.83885				2
2024.10.08	01:30:22.356	0.83884				2
2024.10.08	01:30:29.824	0.83885				2
2024.10.08	01:30:32.545	0.83884				2
2024.10.08	01:30:33.592	0.83885				2
2024.10.08	01:30:34.765	0.83884				2
2024.10.08	01:30:41.714	0.83885				2
2024.10.08	01:31:00.440	0.83885				2
2024.10.08	01:31:08.676		0.83889			4
2024.10.08	01:31:21.454	0.83884				2
2024.10.08	01:31:48.430	0.83885				2
2024.10.08	01:31:50.142	0.83881	0.83887			6
2024.10.08	01:32:00.374	0.83881				2
2024.10.08	01:32:07.097	0.83885	0.83888			6
2024.10.08	01:32:07.519		0.83889			4
2024.10.08	01:32:07.983		0.83888			4
2024.10.08	01:32:08.716		0.83889			4
2024.10.08	01:32:09.061		0.83890			4
2024.10.08	01:32:09.406		0.83889			4
2024.10.08	01:32:11.470	0.83882	0.83887			6
2024.10.08	01:32:11.783	0.83884				2
2024.10.08	01:32:13.083	0.83885	0.83889			6
2024.10.08	01:32:13.719	0.83886				2
2024.10.08	01:32:14.021	0.83885	0.83890			6
2024.10.08	01:32:15.333	0.83889				2
2024.10.08	01:32:20.829	0.83890	0.83891			6
2024.10.08	01:32:27.797		0.83892			4
2024.10.08	01:32:45.509	0.83888				2
2024.10.08	01:32:51.567	0.83887	0.83893			6
2024.10.08	01:32:52.872		0.83892			4
2024.10.08	01:33:03.449	0.83887				2
2024.10.08	01:33:09.754	0.83886				2
2024.10.08	01:33:26.798	0.83895	0.83898			6
2024.10.08	01:33:27.106	0.83894	0.83897			6
2024.10.08	01:33:27.486		0.83898			4
2024.10.08	01:33:31.759		0.83897			4
2024.10.08	01:33:36.985	0.83893	0.83898			6
2024.10.08	01:33:38.156	0.83892	0.83897			6
2024.10.08	01:33:38.480	0.83891				2
2024.10.08	01:33:40.102	0.83893	0.83898			6
2024.10.08	01:33:40.416	0.83891	0.83896			6
2024.10.08	01:33:41.057	0.83890	0.83895			6
2024.10.08	01:33:41.415	0.83891				2
2024.10.08	01:33:42.189		0.83896			4
2024.10.08	01:33:42.509	0.83894	0.83898			6
2024.10.08	01:33:45.709		0.83899			4
2024.10.08	01:33:46.040		0.83900			4
2024.10.08	01:33:48.394		0.83899			4
2024.10.08	01:33:48.878	0.83893				2
2024.10.08	01:33:49.571		0.83898			4
2024.10.08	01:33:51.367	0.83895				2
2024.10.08	01:33:53.266	0.83893				2
2024.10.08	01:33:53.587	0.83894				2
2024.10.08	01:33:53.944	0.83895				2
2024.10.08	01:33:54.756	0.83893				2
2024.10.08	01:33:57.391	0.83895				2
2024.10.08	01:33:59.932		0.83899			4
2024.10.08	01:34:00.259	0.83895				2
2024.10.08	01:34:00.615	0.83894				2
2024.10.08	01:34:03.107	0.83893				2
2024.10.08	01:34:03.877	0.83895				2
2024.10.08	01:34:08.363	0.83892	0.83898			6
2024.10.08	01:34:09.238		0.83894			4
2024.10.08	01:34:09.603	0.83891	0.83893			6
2024.10.08	01:34:10.304	0.83890	0.83896			6
2024.10.08	01:34:11.406		0.83897			4
2024.10.08	01:34:12.719		0.83894			4
2024.10.08	01:34:13.054	0.83891	0.83895			6
2024.10.08	01:34:14.532	0.83894	0.83899			6
2024.10.08	01:34:14.879		0.83898			4
2024.10.08	01:34:15.557	0.83893				2
2024.10.08	01:34:16.281	0.83892	0.83897			6
2024.10.08	01:34:16.699	0.83890				2
2024.10.08	01:34:17.106	0.83891				2
2024.10.08	01:34:26.370	0.83892	0.83899			6
2024.10.08	01:34:30.509	0.83893				2
2024.10.08	01:34:39.545	0.83897	0.83902			6
2024.10.08	01:34:39.901		0.83903			4
2024.10.08	01:34:40.955		0.83902			4
2024.10.08	01:34:48.623	0.83898	0.83903			6
2024.10.08	01:35:00.471	0.83898				2
2024.10.08	01:35:01.173		0.83902			4
2024.10.08	01:35:01.532		0.83903			4
2024.10.08	01:35:05.430		0.83902			4
2024.10.08	01:35:16.061	0.83897				2
2024.10.08	01:35:17.745	0.83898				2
2024.10.08	01:35:18.280	0.83899				2
2024.10.08	01:35:18.918	0.83898				2
2024.10.08	01:35:20.022	0.83899	0.83903			6
2024.10.08	01:35:23.229		0.83902			4
2024.10.08	01:35:26.379	0.83898				2
2024.10.08	01:35:30.390	0.83896	0.83899			6
2024.10.08	01:35:32.700	0.83895				2
2024.10.08	01:35:45.692	0.83896	0.83902			6
2024.10.08	01:35:48.771		0.83901			4
2024.10.08	01:35:49.430	0.83895				2
2024.10.08	01:35:53.127	0.83898	0.83902			6
2024.10.08	01:36:00.395	0.83898				2
2024.10.08	01:36:01.103	0.83897				2
2024.10.08	01:36:01.873	0.83896				2
2024.10.08	01:36:04.360	0.83897				2
2024.10.08	01:36:05.036	0.83898	0.83903			6
2024.10.08	01:36:05.761		0.83902			4
2024.10.08	01:36:06.714		0.83903			4
2024.10.08	01:36:07.763	0.83899				2
2024.10.08	01:36:08.065	0.83902	0.83906			6
2024.10.08	01:36:08.366	0.83903	0.83907			6
2024.10.08	01:36:09.122	0.83902	0.83905			6
2024.10.08	01:36:09.463	0.83900				2
2024.10.08	01:36:10.238		0.83906			4
2024.10.08	01:36:11.708	0.83901				2
2024.10.08	01:36:12.367	0.83900				2
2024.10.08	01:36:14.574	0.83901	0.83907			6
2024.10.08	01:36:15.338	0.83900				2
2024.10.08	01:36:20.659	0.83901				2
2024.10.08	01:36:27.325	0.83899	0.83905			6
2024.10.08	01:36:27.953	0.83900	0.83904			6
2024.10.08	01:36:28.361		0.83905			4
2024.10.08	01:36:28.710	0.83899				2
2024.10.08	01:36:29.029		0.83904			4
2024.10.08	01:36:29.394		0.83905			4
2024.10.08	01:36:30.572		0.83903			4
2024.10.08	01:36:31.224		0.83905			4
2024.10.08	01:36:31.616		0.83904			4
2024.10.08	01:36:32.029		0.83905			4
2024.10.08	01:36:33.285		0.83904			4
2024.10.08	01:36:35.007	0.83898				2
2024.10.08	01:36:38.465	0.83899	0.83905			6
2024.10.08	01:36:43.171		0.83904			4
2024.10.08	01:36:43.655		0.83905			4
2024.10.08	01:36:43.956	0.83901				2
2024.10.08	01:36:45.938		0.83906			4
2024.10.08	01:36:46.558		0.83905			4
2024.10.08	01:36:46.910		0.83906			4
2024.10.08	01:36:51.277	0.83900				2
2024.10.08	01:36:51.937		0.83905			4
2024.10.08	01:36:57.273	0.83901	0.83906			6
2024.10.08	01:36:57.585	0.83902				2
2024.10.08	01:36:57.891	0.83901				2
2024.10.08	01:37:00.318	0.83901				2
2024.10.08	01:37:02.104	0.83900	0.83904			6
2024.10.08	01:37:03.421		0.83903			4
2024.10.08	01:37:20.552		0.83904			4
2024.10.08	01:37:35.697	0.83898	0.83902			6
2024.10.08	01:37:36.759	0.83896				2
2024.10.08	01:37:37.197		0.83901			4
2024.10.08	01:37:42.749		0.83903			4
2024.10.08	01:37:46.968		0.83902			4
2024.10.08	01:37:49.178	0.83895				2
2024.10.08	01:37:52.354	0.83896				2
2024.10.08	01:37:57.880		0.83903			4
2024.10.08	01:38:01.034	0.83896				2
2024.10.08	01:38:04.133		0.83902			4
2024.10.08	01:38:06.415	0.83895	0.83899			6
2024.10.08	01:38:37.847	0.83896				2
2024.10.08	01:38:38.748	0.83895	0.83901			6
2024.10.08	01:38:39.552		0.83902			4
2024.10.08	01:38:40.626	0.83894	0.83901			6
2024.10.08	01:38:42.091	0.83893				2
2024.10.08	01:38:42.805	0.83894				2
2024.10.08	01:38:44.088	0.83895	0.83899			6
2024.10.08	01:38:44.619		0.83901			4
2024.10.08	01:39:00.318	0.83895				2
2024.10.08	01:39:06.734		0.83899			4
2024.10.08	01:39:11.251	0.83893	0.83900			6
2024.10.08	01:39:12.000	0.83895	0.83899			6
2024.10.08	01:39:18.755		0.83898			4
2024.10.08	01:39:20.703	0.83896	0.83900			6
2024.10.08	01:39:41.411	0.83893	0.83898			6
2024.10.08	01:39:42.761	0.83894	0.83900			6
2024.10.08	01:39:47.182	0.83895				2
2024.10.08	01:40:00.460	0.83895				2
2024.10.08	01:40:07.444	0.83896	0.83899			6
2024.10.08	01:40:09.169		0.83901			4
2024.10.08	01:40:10.204	0.83894	0.83899			6
2024.10.08	01:40:14.089	0.83891	0.83897			6
2024.10.08	01:40:14.411		0.83896			4
2024.10.08	01:40:14.911	0.83890				2
2024.10.08	01:40:15.771		0.83895			4
2024.10.08	01:40:28.055	0.83891	0.83896			6
2024.10.08	01:40:40.886	0.83894	0.83899			6
2024.10.08	01:40:42.754	0.83893				2
2024.10.08	01:40:49.053	0.83894				2
2024.10.08	01:40:56.732	0.83893				2
2024.10.08	01:41:00.309	0.83893				2
2024.10.08	01:41:09.676		0.83900			4
2024.10.08	01:41:18.683	0.83894				2
2024.10.08	01:41:19.191		0.83899			4
2024.10.08	01:41:23.213		0.83900			4
2024.10.08	01:41:37.485		0.83899			4
2024.10.08	01:41:38.600		0.83900			4
2024.10.08	01:42:00.361	0.83895				2
2024.10.08	01:42:01.563		0.83899			4
2024.10.08	01:42:04.372		0.83900			4
2024.10.08	01:42:15.081		0.83899			4
2024.10.08	01:43:00.282	0.83895				2
2024.10.08	01:43:15.278		0.83899			4
2024.10.08	01:43:18.993		0.83900			4
2024.10.08	01:43:41.967		0.83899			4
2024.10.08	01:43:52.142	0.83896	0.83900			6
2024.10.08	01:43:59.147	0.83895				2
2024.10.08	01:44:00.512	0.83895				2
2024.10.08	01:44:03.192		0.83901			4
2024.10.08	01:44:04.763	0.83898	0.83904			6
2024.10.08	01:44:05.629	0.83897				2
2024.10.08	01:44:07.868	0.83898				2
2024.10.08	01:44:13.923		0.83903			4
2024.10.08	01:44:14.620	0.83897				2
2024.10.08	01:44:23.043		0.83902			4
2024.10.08	01:44:25.857		0.83903			4
2024.10.08	01:44:28.616	0.83898				2
2024.10.08	01:44:31.038		0.83902			4
2024.10.08	01:44:31.648	0.83897				2
2024.10.08	01:44:38.382		0.83903			4
2024.10.08	01:44:40.757		0.83902			4
2024.10.08	01:44:41.737		0.83903			4
2024.10.08	01:45:00.354	0.83897				2
2024.10.08	01:45:01.053	0.83898	0.83902			6
2024.10.08	01:45:50.415	0.83899				2
2024.10.08	01:45:50.725	0.83901				2
2024.10.08	01:45:52.942		0.83903			4
2024.10.08	01:45:53.549		0.83902			4
2024.10.08	01:45:56.406		0.83903			4
2024.10.08	01:46:00.665	0.83901				2
2024.10.08	01:46:01.237		0.83902			4
2024.10.08	01:46:05.137		0.83903			4
2024.10.08	01:46:17.252		0.83904			4
2024.10.08	01:47:00.624	0.83901				2
2024.10.08	01:47:18.713		0.83904			4
2024.10.08	01:47:29.555	0.83900				2
2024.10.08	01:47:35.381	0.83901				2
2024.10.08	01:47:35.839	0.83899	0.83903			6
2024.10.08	01:47:39.687		0.83902			4
2024.10.08	01:47:40.621		0.83903			4
2024.10.08	01:47:52.971		0.83902			4
2024.10.08	01:48:00.626	0.83899				2
2024.10.08	01:48:08.392		0.83903			4
2024.10.08	01:48:08.824		0.83902			4
2024.10.08	01:48:11.362		0.83901			4
2024.10.08	01:48:12.961		0.83902			4
2024.10.08	01:48:34.676	0.83898				2
2024.10.08	01:48:34.978		0.83901			4
2024.10.08	01:48:51.757	0.83897				2
2024.10.08	01:49:00.365	0.83897				2
2024.10.08	01:49:10.918	0.83895	0.83899			6
2024.10.08	01:49:32.587		0.83898			4
2024.10.08	01:49:46.360		0.83899			4
2024.10.08	01:49:47.886		0.83898			4
2024.10.08	01:50:00.502	0.83895				2
2024.10.08	01:50:04.060	0.83894				2
2024.10.08	01:50:22.279	0.83895				2
2024.10.08	01:50:50.869		0.83898			4
2024.10.08	01:50:54.634	0.83894				2
2024.10.08	01:51:00.528	0.83894				2
2024.10.08	01:51:10.680		0.83897			4
2024.10.08	01:51:26.844	0.83892	0.83895			6
2024.10.08	01:51:27.149	0.83890	0.83894			6
2024.10.08	01:51:27.926	0.83889				2
2024.10.08	01:51:30.403	0.83890	0.83895			6
2024.10.08	01:51:32.262		0.83894			4
2024.10.08	01:51:44.117	0.83894	0.83898			6
2024.10.08	01:51:44.423		0.83899			4
2024.10.08	01:51:47.189	0.83896	0.83900			6
2024.10.08	01:51:49.671	0.83897	0.83902			6
2024.10.08	01:51:50.333	0.83896	0.83901			6
2024.10.08	01:52:00.124	0.83896	0.83902			6
2024.10.08	01:52:02.583		0.83900			4
2024.10.08	01:52:06.247	0.83895	0.83899			6
2024.10.08	01:52:33.356		0.83898			4
2024.10.08	01:53:00.343	0.83895				2
2024.10.08	01:53:07.870		0.83899			4
2024.10.08	01:53:09.169		0.83898			4
2024.10.08	01:53:12.556		0.83897			4
2024.10.08	01:53:16.059	0.83894				2
2024.10.08	01:53:25.874		0.83898			4
2024.10.08	01:53:47.851	0.83895	0.83899			6
2024.10.08	01:53:48.193		0.83898			4
2024.10.08	01:54:00.417	0.83895	0.83899			6
2024.10.08	01:54:11.608		0.83898			4
2024.10.08	01:54:20.702		0.83899			4
2024.10.08	01:54:25.789		0.83898			4
2024.10.08	01:54:27.584		0.83899			4
2024.10.08	01:54:43.742	0.83891	0.83896			6
2024.10.08	01:54:44.430		0.83897			4
2024.10.08	01:54:49.055	0.83892				2
2024.10.08	01:55:00.316	0.83892				2
2024.10.08	01:55:02.548	0.83891				2
2024.10.08	01:55:02.855	0.83892				2
2024.10.08	01:55:06.068	0.83893				2
2024.10.08	01:55:06.931		0.83896			4
2024.10.08	01:55:12.552	0.83892				2
2024.10.08	01:55:18.571	0.83893				2
2024.10.08	01:55:28.823	0.83892				2
2024.10.08	01:55:29.996	0.83894	0.83898			6
2024.10.08	01:55:32.308	0.83895				2
2024.10.08	01:55:33.246	0.83893				2
2024.10.08	01:55:33.562	0.83894				2
2024.10.08	01:55:34.222		0.83899			4
2024.10.08	01:55:37.518		0.83898			4
2024.10.08	01:55:41.461		0.83899			4
2024.10.08	01:55:46.253		0.83898			4
2024.10.08	01:55:49.369		0.83899			4
2024.10.08	01:55:49.810	0.83893	0.83898			6
2024.10.08	01:55:51.808	0.83894				2
2024.10.08	01:55:59.097	0.83893	0.83899			6
2024.10.08	01:56:00.114	0.83893				2
2024.10.08	01:56:01.454	0.83894				2
2024.10.08	01:56:06.153	0.83893				2
2024.10.08	01:56:13.144	0.83894				2
2024.10.08	01:56:33.949	0.83896	0.83900			6
2024.10.08	01:56:36.715	0.83894	0.83898			6
2024.10.08	01:56:51.754		0.83899			4
2024.10.08	01:56:53.603	0.83890	0.83894			6
2024.10.08	01:56:55.286	0.83891	0.83895			6
2024.10.08	01:56:56.193		0.83894			4
2024.10.08	01:57:00.323	0.83891				2
2024.10.08	01:57:08.046		0.83895			4
2024.10.08	01:57:09.975		0.83894			4
2024.10.08	01:57:12.545	0.83892				2
2024.10.08	01:57:16.642	0.83888	0.83892			6
2024.10.08	01:57:16.945		0.83891			4
2024.10.08	01:57:17.247		0.83892			4
2024.10.08	01:57:23.598	0.83887				2
2024.10.08	01:57:33.853		0.83893			4
2024.10.08	01:57:46.971		0.83892			4
2024.10.08	01:58:00.246	0.83887				2
2024.10.08	01:58:05.132	0.83886				2
2024.10.08	01:58:13.888		0.83893			4
2024.10.08	01:58:15.413		0.83892			4
2024.10.08	01:58:17.918		0.83893			4
2024.10.08	01:58:18.226	0.83889				2
2024.10.08	01:58:23.745	0.83888				2
2024.10.08	01:58:26.060	0.83889				2
2024.10.08	01:58:31.036		0.83892			4
2024.10.08	01:58:31.394	0.83888				2
2024.10.08	01:58:32.284	0.83886				2
2024.10.08	01:58:33.329		0.83891			4
2024.10.08	01:58:34.155		0.83890			4
2024.10.08	01:58:36.315	0.83885				2
2024.10.08	01:58:37.767	0.83886				2
2024.10.08	01:58:38.266	0.83887	0.83891			6
2024.10.08	01:58:41.565	0.83886				2
2024.10.08	01:58:48.569		0.83892			4
2024.10.08	01:58:56.152	0.83887				2
2024.10.08	01:58:56.561		0.83891			4
2024.10.08	01:58:57.756	0.83888	0.83892			6
2024.10.08	01:58:58.519		0.83893			4
2024.10.08	01:58:58.861	0.83889				2
2024.10.08	01:58:59.187	0.83888				2
2024.10.08	01:58:59.508	0.83887				2
2024.10.08	01:58:59.810		0.83892			4
2024.10.08	01:59:00.114	0.83889				2
2024.10.08	01:59:00.447	0.83886	0.83891			6
2024.10.08	01:59:01.316		0.83890			4
2024.10.08	01:59:01.618		0.83891			4
2024.10.08	01:59:01.972	0.83887	0.83892			6
2024.10.08	01:59:02.327	0.83886	0.83891			6
2024.10.08	01:59:03.144	0.83885	0.83892			6
2024.10.08	01:59:03.453		0.83891			4
2024.10.08	01:59:03.755	0.83887				2
2024.10.08	01:59:04.055	0.83886	0.83892			6
2024.10.08	01:59:04.385		0.83891			4
2024.10.08	01:59:04.812	0.83887				2
2024.10.08	01:59:05.220	0.83884				2
2024.10.08	01:59:05.678	0.83886	0.83892			6
2024.10.08	01:59:05.984	0.83887				2
2024.10.08	01:59:06.317	0.83886	0.83891			6
2024.10.08	01:59:07.390	0.83887				2
2024.10.08	01:59:08.799	0.83886				2
2024.10.08	01:59:10.876	0.83887				2
2024.10.08	01:59:11.184	0.83886	0.83890			6
2024.10.08	01:59:11.901		0.83891			4
2024.10.08	01:59:12.563		0.83890			4
2024.10.08	01:59:13.290		0.83891			4
2024.10.08	01:59:18.457		0.83892			4
2024.10.08	01:59:20.290		0.83891			4
2024.10.08	01:59:20.933	0.83887				2
2024.10.08	01:59:25.113	0.83886				2
2024.10.08	01:59:27.393		0.83892			4
2024.10.08	01:59:27.814		0.83891			4
2024.10.08	01:59:28.841	0.83887				2
2024.10.08	01:59:29.787	0.83886				2
2024.10.08	01:59:30.470	0.83887				2
2024.10.08	01:59:31.207		0.83890			4
2024.10.08	01:59:31.820	0.83886				2
2024.10.08	01:59:33.850	0.83887				2
2024.10.08	01:59:34.158	0.83886				2
2024.10.08	01:59:38.075	0.83888				2
2024.10.08	01:59:38.436	0.83886	0.83891			6
2024.10.08	01:59:38.867	0.83887	0.83890			6
2024.10.08	01:59:39.610	0.83888	0.83891			6
2024.10.08	01:59:42.460	0.83889				2
2024.10.08	01:59:42.777	0.83887	0.83892			6
2024.10.08	01:59:43.570	0.83888	0.83891			6
2024.10.08	01:59:43.882	0.83887	0.83892			6
2024.10.08	01:59:44.208	0.83889	0.83891			6
2024.10.08	01:59:46.725	0.83887	0.83892			6
2024.10.08	01:59:47.026		0.83891			4
2024.10.08	01:59:47.414	0.83888	0.83892			6
2024.10.08	01:59:48.373	0.83889	0.83891			6
2024.10.08	01:59:59.856	0.83888				2
2024.10.08	02:00:00.265	0.83888				2
2024.10.08	02:00:01.651	0.83889				2
2024.10.08	02:00:02.277	0.83887	0.83892			6
2024.10.08	02:00:03.556		0.83893			4
2024.10.08	02:00:04.224	0.83888				2
2024.10.08	02:00:05.412		0.83892			4
2024.10.08	02:00:06.158	0.83891	0.83894			6
2024.10.08	02:00:06.465	0.83892	0.83896			6
2024.10.08	02:00:06.769	0.83894				2
2024.10.08	02:00:08.519	0.83892				2
2024.10.08	02:00:08.838		0.83895			4
2024.10.08	02:00:10.582	0.83890	0.83894			6
2024.10.08	02:00:10.887	0.83889				2
2024.10.08	02:00:11.584	0.83891				2
2024.10.08	02:00:12.313	0.83890	0.83895			6
2024.10.08	02:00:13.210		0.83894			4
2024.10.08	02:00:14.420		0.83892			4
2024.10.08	02:00:15.517	0.83889				2
2024.10.08	02:00:16.267	0.83888	0.83889			6
2024.10.08	02:00:16.954	0.83886	0.83888			6
2024.10.08	02:00:17.286		0.83887			4
2024.10.08	02:00:18.359		0.83888			4
2024.10.08	02:00:19.853	0.83883				2
2024.10.08	02:00:20.229	0.83882				2
2024.10.08	02:00:26.360	0.83883	0.83887			6
2024.10.08	02:00:26.663	0.83882	0.83888			6
2024.10.08	02:00:27.080	0.83883	0.83889			6
2024.10.08	02:00:27.386	0.83886	0.83891			6
2024.10.08	02:00:27.757	0.83887				2
2024.10.08	02:00:30.010	0.83889				2
2024.10.08	02:00:30.317	0.83888	0.83890			6
2024.10.08	02:00:31.862	0.83887	0.83892			6
2024.10.08	02:00:32.164	0.83888	0.83891			6
2024.10.08	02:00:33.670	0.83889	0.83892			6
2024.10.08	02:00:34.000		0.83891			4
2024.10.08	02:00:44.592		0.83892			4
2024.10.08	02:00:45.797		0.83891			4
2024.10.08	02:00:54.030		0.83892			4
2024.10.08	02:00:59.739	0.83887	0.83893			6
2024.10.08	02:01:00.045	0.83886				2
2024.10.08	02:01:00.433		0.83892			4
2024.10.08	02:01:00.840	0.83885				2
2024.10.08	02:01:01.752	0.83886				2
2024.10.08	02:01:02.289	0.83888				2
2024.10.08	02:01:04.017	0.83889				2
2024.10.08	02:01:06.969		0.83891			4
2024.10.08	02:01:09.319	0.83888				2
2024.10.08	02:01:11.151	0.83887	0.83890			6
2024.10.08	02:01:15.380		0.83891			4
2024.10.08	02:01:17.932		0.83890			4
2024.10.08	02:01:19.504	0.83886	0.83887			6
2024.10.08	02:01:19.807	0.83884	0.83888			6
2024.10.08	02:01:20.142	0.83885	0.83887			6
2024.10.08	02:01:20.453	0.83884				2
2024.10.08	02:01:21.262		0.83888			4
2024.10.08	02:01:22.389		0.83887			4
2024.10.08	02:01:23.066		0.83888			4
2024.10.08	02:01:26.412	0.83885				2
2024.10.08	02:01:28.311	0.83884				2
2024.10.08	02:01:31.082	0.83885	0.83889			6
2024.10.08	02:01:31.396	0.83886	0.83890			6
2024.10.08	02:01:32.176	0.83887				2
2024.10.08	02:01:32.498	0.83885	0.83888			6
2024.10.08	02:01:33.509	0.83884				2
2024.10.08	02:01:34.341	0.83885				2
2024.10.08	02:01:35.291	0.83884				2
2024.10.08	02:01:36.304	0.83885				2
2024.10.08	02:01:38.075		0.83889			4
2024.10.08	02:01:39.226	0.83884				2
2024.10.08	02:01:40.408	0.83885	0.83888			6
2024.10.08	02:01:43.136	0.83883	0.83889			6
2024.10.08	02:01:43.985	0.83884				2
2024.10.08	02:01:44.291		0.83888			4
2024.10.08	02:01:45.306		0.83889			4
2024.10.08	02:01:47.078	0.83885				2
2024.10.08	02:01:47.385	0.83884				2
2024.10.08	02:01:49.379	0.83886	0.83890			6
2024.10.08	02:01:57.214	0.83887				2
2024.10.08	02:02:00.720	0.83886				2
2024.10.08	02:02:04.357		0.83889			4
2024.10.08	02:02:07.288	0.83888	0.83891			6
2024.10.08	02:02:08.354	0.83887				2
2024.10.08	02:02:15.567		0.83890			4
2024.10.08	02:02:16.087		0.83891			4
2024.10.08	02:02:16.488	0.83886	0.83889			6
2024.10.08	02:02:16.824		0.83888			4
2024.10.08	02:02:18.194	0.83885	0.83887			6
2024.10.08	02:02:21.644	0.83884				2
2024.10.08	02:02:22.014		0.83886			4
2024.10.08	02:02:28.321		0.83887			4
2024.10.08	02:02:42.961	0.83883	0.83888			6
2024.10.08	02:02:46.136	0.83884				2
2024.10.08	02:02:48.344	0.83883				2
2024.10.08	02:02:49.037		0.83889			4
2024.10.08	02:02:50.714	0.83884	0.83887			6
2024.10.08	02:02:54.153	0.83885				2
2024.10.08	02:02:54.828	0.83884				2
2024.10.08	02:03:00.432	0.83884				2
2024.10.08	02:03:04.644	0.83885				2
2024.10.08	02:03:05.063	0.83884				2
2024.10.08	02:03:07.706	0.83883	0.83886			6
2024.10.08	02:03:09.762	0.83884				2
2024.10.08	02:03:33.605	0.83883				2
2024.10.08	02:03:35.338	0.83884				2
2024.10.08	02:03:39.626	0.83883				2
2024.10.08	02:03:46.223	0.83884				2
2024.10.08	02:04:00.685	0.83884				2
2024.10.08	02:04:05.826		0.83887			4
2024.10.08	02:04:08.539		0.83886			4
2024.10.08	02:04:14.196		0.83887			4
2024.10.08	02:04:15.374		0.83885			4
2024.10.08	02:04:15.787	0.83883				2
2024.10.08	02:04:48.754	0.83881	0.83884			6
2024.10.08	02:04:49.063		0.83883			4
2024.10.08	02:04:49.410	0.83879	0.83881			6
2024.10.08	02:04:50.319	0.83881	0.83884			6
2024.10.08	02:04:51.436	0.83880	0.83882			6
2024.10.08	02:04:54.139		0.83883			4
2024.10.08	02:04:56.319	0.83882	0.83884			6
2024.10.08	02:05:00.280	0.83882				2
2024.10.08	02:05:06.461		0.83885			4
2024.10.08	02:05:08.222		0.83884			4
2024.10.08	02:05:18.749	0.83884	0.83886			6
2024.10.08	02:05:29.641		0.83885			4
2024.10.08	02:05:44.022	0.83882	0.83884			6
2024.10.08	02:05:44.782	0.83881	0.83883			6
2024.10.08	02:05:49.716	0.83880	0.83882			6
2024.10.08	02:06:04.760	0.83880				2
2024.10.08	02:06:10.531	0.83879	0.83880			6
2024.10.08	02:06:11.177		0.83882			4
2024.10.08	02:06:16.570		0.83881			4
2024.10.08	02:06:17.415		0.83882			4
2024.10.08	02:06:18.742		0.83881			4
2024.10.08	02:06:21.404		0.83882			4
2024.10.08	02:06:25.026		0.83881			4
2024.10.08	02:06:30.989	0.83880	0.83882			6
2024.10.08	02:06:32.002		0.83881			4
2024.10.08	02:06:33.282	0.83879	0.83882			6
2024.10.08	02:06:35.312	0.83880	0.83881			6
2024.10.08	02:06:37.241		0.83882			4
2024.10.08	02:06:38.177	0.83878	0.83880			6
2024.10.08	02:06:39.658		0.83881			4
2024.10.08	02:06:40.332	0.83879				2
2024.10.08	02:06:40.640		0.83880			4
2024.10.08	02:06:40.945	0.83878	0.83879			6
2024.10.08	02:06:44.708	0.83876				2
2024.10.08	02:06:45.189		0.83878			4
2024.10.08	02:06:46.613		0.83877			4
2024.10.08	02:06:51.718		0.83878			4
2024.10.08	02:06:52.843	0.83875				2
2024.10.08	02:06:53.160	0.83876	0.83877			6
2024.10.08	02:06:53.533		0.83878			4
2024.10.08	02:06:54.164		0.83877			4
2024.10.08	02:07:00.090	0.83876				2
2024.10.08	02:07:00.729		0.83878			4
2024.10.08	02:07:01.033	0.83875	0.83877			6
2024.10.08	02:07:01.681	0.83877	0.83878			6
2024.10.08	02:07:04.714		0.83879			4
2024.10.08	02:07:08.564		0.83880			4
2024.10.08	02:07:08.981		0.83881			4
2024.10.08	02:07:13.093		0.83880			4
2024.10.08	02:07:14.617		0.83881			4
2024.10.08	02:07:32.572	0.83878	0.83880			6
2024.10.08	02:07:33.520	0.83877	0.83881			6
2024.10.08	02:07:36.927		0.83880			4
2024.10.08	02:07:53.098		0.83879			4
2024.10.08	02:07:59.411	0.83876	0.83878			6
2024.10.08	02:08:01.054	0.83876				2
2024.10.08	02:08:02.838		0.83877			4
2024.10.08	02:08:05.890	0.83879	0.83881			6
2024.10.08	02:08:10.826	0.83880				2
2024.10.08	02:08:14.966	0.83878				2
2024.10.08	02:08:16.997	0.83880				2
2024.10.08	02:08:18.698	0.83879	0.83880			6
2024.10.08	02:08:23.419	0.83878				2
2024.10.08	02:08:23.723	0.83877				2
2024.10.08	02:08:26.274	0.83878				2
2024.10.08	02:08:36.966	0.83879				2
2024.10.08	02:08:41.012	0.83878				2
2024.10.08	02:08:42.455	0.83877				2
2024.10.08	02:08:44.487	0.83878				2
2024.10.08	02:08:58.370		0.83879			4
2024.10.08	02:09:00.333	0.83878				2
2024.10.08	02:09:01.301	0.83877				2
2024.10.08	02:09:07.721		0.83880			4
2024.10.08	02:09:09.397	0.83878	0.83882			6
2024.10.08	02:09:09.758	0.83879	0.83880			6
2024.10.08	02:09:11.732	0.83878				2
2024.10.08	02:09:17.626	0.83879				2
2024.10.08	02:09:21.353		0.83881			4
2024.10.08	02:09:26.519		0.83880			4
2024.10.08	02:09:36.492		0.83881			4
2024.10.08	02:09:49.201	0.83880				2
2024.10.08	02:09:51.520		0.83882			4
2024.10.08	02:09:51.824		0.83881			4
2024.10.08	02:09:54.636		0.83882			4
2024.10.08	02:09:55.980		0.83881			4
2024.10.08	02:10:00.440	0.83880				2
2024.10.08	02:10:01.180	0.83882	0.83883			6
2024.10.08	02:10:28.278		0.83884			4
2024.10.08	02:10:31.389	0.83881	0.83883			6
2024.10.08	02:10:31.776		0.83884			4
2024.10.08	02:10:32.283		0.83883			4
2024.10.08	02:10:39.076		0.83882			4
2024.10.08	02:10:44.365	0.83880	0.83883			6
2024.10.08	02:10:45.585		0.83882			4
2024.10.08	02:10:46.062		0.83883			4
2024.10.08	02:10:50.627	0.83881	0.83882			6
2024.10.08	02:10:55.602		0.83883			4
2024.10.08	02:11:00.503	0.83881	0.83884			6
2024.10.08	02:11:04.740		0.83883			4
2024.10.08	02:11:06.384		0.83882			4
2024.10.08	02:11:08.512	0.83880	0.83881			6
2024.10.08	02:11:10.256	0.83879				2
2024.10.08	02:11:21.964		0.83880			4
2024.10.08	02:11:24.334	0.83880	0.83881			6
2024.10.08	02:11:37.493		0.83882			4
2024.10.08	02:11:39.367		0.83881			4
2024.10.08	02:11:48.538	0.83879	0.83880			6
2024.10.08	02:12:01.931	0.83879				2
2024.10.08	02:12:32.759	0.83878	0.83879			6
2024.10.08	02:12:41.197	0.83880	0.83881			6
2024.10.08	02:12:46.379	0.83878	0.83880			6
2024.10.08	02:12:48.010	0.83879				2
2024.10.08	02:12:51.493	0.83881	0.83882			6
2024.10.08	02:13:00.360	0.83881				2
2024.10.08	02:13:01.656	0.83879	0.83881			6
2024.10.08	02:13:17.716	0.83880				2
2024.10.08	02:13:18.025	0.83881	0.83883			6
2024.10.08	02:13:27.277	0.83882	0.83884			6
2024.10.08	02:13:27.580	0.83881	0.83883			6
2024.10.08	02:13:30.376	0.83880	0.83881			6
2024.10.08	02:13:38.018	0.83881	0.83883			6
2024.10.08	02:13:38.358		0.83882			4
2024.10.08	02:13:44.182	0.83880	0.83881			6
2024.10.08	02:13:45.812		0.83882			4
2024.10.08	02:13:46.537		0.83881			4
2024.10.08	02:13:49.182	0.83881	0.83882			6
2024.10.08	02:13:51.292		0.83883			4
2024.10.08	02:13:54.652	0.83880	0.83882			6
2024.10.08	02:13:55.441		0.83881			4
2024.10.08	02:13:56.702	0.83881	0.83883			6
2024.10.08	02:13:57.394		0.83884			4
2024.10.08	02:13:57.912		0.83883			4
2024.10.08	02:13:58.352	0.83880	0.83884			6
2024.10.08	02:13:58.657	0.83881	0.83882			6
2024.10.08	02:14:00.432	0.83881	0.83883			6
2024.10.08	02:14:03.010		0.83882			4
2024.10.08	02:14:04.364	0.83880				2
2024.10.08	02:14:11.254	0.83881	0.83883			6
2024.10.08	02:14:14.010	0.83880	0.83881			6
2024.10.08	02:14:14.881	0.83881	0.83882			6
2024.10.08	02:14:15.311		0.83884			4
2024.10.08	02:14:19.132		0.83883			4
2024.10.08	02:14:39.262	0.83882	0.83884			6
2024.10.08	02:14:42.537	0.83883				2
2024.10.08	02:14:42.843	0.83885	0.83888			6
2024.10.08	02:14:49.419		0.83887			4
2024.10.08	02:14:49.807		0.83888			4
2024.10.08	02:14:50.471		0.83887			4
2024.10.08	02:14:50.976		0.83886			4
2024.10.08	02:15:03.160	0.83885				2
2024.10.08	02:15:32.210	0.83884	0.83885			6
2024.10.08	02:15:56.218		0.83886			4
2024.10.08	02:15:56.567		0.83885			4
2024.10.08	02:15:58.010	0.83883	0.83884			6
2024.10.08	02:16:00.055	0.83883				2
2024.10.08	02:16:08.362	0.83882	0.83883			6
2024.10.08	02:16:08.758	0.83881				2
2024.10.08	02:16:09.766		0.83882			4
2024.10.08	02:16:17.417	0.83879				2
2024.10.08	02:16:17.726	0.83880	0.83881			6
2024.10.08	02:16:18.236	0.83879				2
2024.10.08	02:16:20.802	0.83880				2
2024.10.08	02:16:21.147	0.83879				2
2024.10.08	02:16:23.691		0.83880			4
2024.10.08	02:16:25.486	0.83878				2
2024.10.08	02:16:25.809	0.83879				2
2024.10.08	02:16:26.123	0.83878	0.83879			6
2024.10.08	02:16:26.793	0.83877	0.83878			6
2024.10.08	02:16:29.927		0.83879			4
2024.10.08	02:16:42.020		0.83878			4
2024.10.08	02:16:51.058		0.83880			4
2024.10.08	02:16:51.616		0.83879			4
2024.10.08	02:16:55.331		0.83880			4
2024.10.08	02:17:00.116	0.83877	0.83878			6
2024.10.08	02:17:05.568	0.83878	0.83879			6
2024.10.08	02:17:21.424	0.83880	0.83881			6
2024.10.08	02:17:24.597	0.83878	0.83883			6
2024.10.08	02:17:28.619	0.83879	0.83882			6
2024.10.08	02:17:30.393		0.83884			4
2024.10.08	02:17:32.891		0.83882			4
2024.10.08	02:17:34.187		0.83881			4
2024.10.08	02:17:48.426	0.83877				2
2024.10.08	02:17:59.546	0.83878	0.83879			6
2024.10.08	02:18:00.090	0.83878				2
2024.10.08	02:18:32.930		0.83880			4
2024.10.08	02:18:36.541		0.83879			4
2024.10.08	02:18:38.390	0.83877	0.83880			6
2024.10.08	02:18:38.892	0.83876				2
2024.10.08	02:18:40.451		0.83878			4
2024.10.08	02:18:42.487	0.83877				2
2024.10.08	02:18:44.155		0.83879			4
2024.10.08	02:18:48.627	0.83876				2
2024.10.08	02:19:00.207	0.83876				2
2024.10.08	02:19:00.717		0.83878			4
2024.10.08	02:19:05.065		0.83879			4
2024.10.08	02:19:07.123		0.83878			4
2024.10.08	02:19:08.290		0.83879			4
2024.10.08	02:19:09.855		0.83878			4
2024.10.08	02:19:24.448		0.83877			4
2024.10.08	02:19:34.941	0.83875	0.83876			6
2024.10.08	02:19:46.034		0.83877			4
2024.10.08	02:20:00.637	0.83876				2
2024.10.08	02:20:01.223		0.83879			4
2024.10.08	02:20:02.250		0.83877			4
2024.10.08	02:20:06.162		0.83879			4
2024.10.08	02:20:19.652		0.83878			4
2024.10.08	02:20:28.339	0.83877	0.83880			6
2024.10.08	02:20:29.398	0.83878				2
2024.10.08	02:20:29.743	0.83877				2
2024.10.08	02:20:31.456	0.83876				2
2024.10.08	02:20:32.096	0.83877				2
2024.10.08	02:20:37.388	0.83876	0.83877			6
2024.10.08	02:20:46.910		0.83879			4
2024.10.08	02:20:54.777	0.83878				2
2024.10.08	02:21:00.276	0.83878				2
2024.10.08	02:21:04.918	0.83877	0.83878			6
2024.10.08	02:21:14.465		0.83880			4
2024.10.08	02:21:14.781		0.83879			4
2024.10.08	02:21:28.978	0.83876				2
2024.10.08	02:21:30.378		0.83878			4
2024.10.08	02:21:38.047	0.83877				2
2024.10.08	02:21:44.198	0.83875				2
2024.10.08	02:21:55.038	0.83876				2
2024.10.08	02:22:01.923	0.83876				2
2024.10.08	02:22:06.618	0.83875				2
2024.10.08	02:22:08.189		0.83876			4
2024.10.08	02:22:22.181	0.83876	0.83877			6
2024.10.08	02:22:32.404	0.83878	0.83879			6
2024.10.08	02:22:36.969	0.83880	0.83881			6
2024.10.08	02:22:45.117	0.83881	0.83882			6
2024.10.08	02:23:00.492	0.83881				2
2024.10.08	02:23:03.470	0.83880	0.83881			6
2024.10.08	02:23:20.442	0.83881	0.83882			6
2024.10.08	02:23:37.273	0.83884	0.83886			6
2024.10.08	02:23:37.583	0.83886	0.83887			6
2024.10.08	02:23:43.427	0.83884	0.83885			6
2024.10.08	02:23:44.447	0.83886	0.83887			6
2024.10.08	02:24:00.360	0.83886	0.83888			6
2024.10.08	02:24:03.077	0.83885	0.83886			6
2024.10.08	02:24:03.378	0.83886	0.83887			6
2024.10.08	02:24:21.298		0.83888			4
2024.10.08	02:24:29.538	0.83884	0.83885			6
2024.10.08	02:24:38.033	0.83885	0.83886			6
2024.10.08	02:24:38.978	0.83884	0.83885			6
2024.10.08	02:24:39.355	0.83883	0.83884			6
2024.10.08	02:24:40.595	0.83884	0.83885			6
2024.10.08	02:24:47.016	0.83887	0.83888			6
2024.10.08	02:25:00.339	0.83887				2
2024.10.08	02:25:09.052	0.83886				2
2024.10.08	02:25:09.757	0.83887				2
2024.10.08	02:25:13.398	0.83886				2
2024.10.08	02:25:23.498	0.83887				2
2024.10.08	02:25:26.913	0.83886				2
2024.10.08	02:25:28.306		0.83887			4
2024.10.08	02:25:40.309		0.83888			4
2024.10.08	02:25:58.344		0.83887			4
2024.10.08	02:25:59.899		0.83888			4
2024.10.08	02:26:00.361	0.83886				2
2024.10.08	02:26:03.232		0.83889			4
2024.10.08	02:26:04.467		0.83888			4
2024.10.08	02:26:06.462		0.83889			4
2024.10.08	02:26:06.879		0.83887			4
2024.10.08	02:26:07.255	0.83885				2
2024.10.08	02:26:09.519	0.83888	0.83889			6
2024.10.08	02:26:20.084	0.83887				2
2024.10.08	02:26:20.813	0.83888				2
2024.10.08	02:26:24.423	0.83887	0.83888			6
2024.10.08	02:26:28.854		0.83889			4
2024.10.08	02:26:39.098		0.83890			4
2024.10.08	02:26:40.470	0.83888	0.83891			6
2024.10.08	02:26:44.530		0.83890			4
2024.10.08	02:26:45.314		0.83889			4
2024.10.08	02:26:45.968		0.83890			4
2024.10.08	02:26:47.383	0.83887	0.83888			6
2024.10.08	02:26:48.908		0.83889			4
2024.10.08	02:26:49.385		0.83888			4
2024.10.08	02:26:56.852	0.83889	0.83893			6
2024.10.08	02:26:57.436	0.83890				2
2024.10.08	02:26:57.743		0.83894			4
2024.10.08	02:27:01.436	0.83890				2
2024.10.08	02:27:10.054	0.83891				2
2024.10.08	02:27:27.787		0.83893			4
2024.10.08	02:27:30.664		0.83894			4
2024.10.08	02:27:35.271		0.83893			4
2024.10.08	02:27:36.664		0.83894			4
2024.10.08	02:27:41.372		0.83893			4
2024.10.08	02:27:44.407	0.83890				2
2024.10.08	02:27:45.873	0.83891	0.83894			6
2024.10.08	02:27:46.216	0.83888	0.83890			6
2024.10.08	02:27:46.521	0.83887				2
2024.10.08	02:27:46.898		0.83889			4
2024.10.08	02:27:47.255	0.83886				2
2024.10.08	02:27:54.127		0.83890			4
2024.10.08	02:27:55.560	0.83888	0.83889			6
2024.10.08	02:27:57.356	0.83889	0.83890			6
2024.10.08	02:28:02.558	0.83889				2
2024.10.08	02:28:32.480		0.83891			4
2024.10.08	02:28:33.206	0.83890				2
2024.10.08	02:28:33.633		0.83892			4
2024.10.08	02:28:34.362	0.83891				2
2024.10.08	02:28:34.674		0.83893			4
2024.10.08	02:29:00.382	0.83891				2
2024.10.08	02:29:08.856	0.83892				2
2024.10.08	02:29:34.468	0.83891	0.83892			6
2024.10.08	02:29:53.924		0.83893			4
2024.10.08	02:30:00.545	0.83891				2
2024.10.08	02:30:02.875		0.83892			4
2024.10.08	02:30:05.885		0.83894			4
2024.10.08	02:30:07.392		0.83895			4
2024.10.08	02:30:14.586		0.83894			4
2024.10.08	02:30:44.884		0.83893			4
2024.10.08	02:30:49.369	0.83890	0.83891			6
2024.10.08	02:30:49.687		0.83892			4
2024.10.08	02:30:51.405		0.83891			4
2024.10.08	02:30:59.245	0.83889	0.83890			6
2024.10.08	02:31:00.321	0.83889				2
2024.10.08	02:31:11.021	0.83887	0.83889			6
2024.10.08	02:31:20.916	0.83888				2
2024.10.08	02:31:25.185	0.83885	0.83886			6
2024.10.08	02:31:31.875	0.83886	0.83888			6
2024.10.08	02:31:42.665		0.83887			4
2024.10.08	02:31:46.941		0.83888			4
2024.10.08	02:31:51.524		0.83887			4
2024.10.08	02:31:51.835	0.83885				2
2024.10.08	02:31:53.517		0.83886			4
2024.10.08	02:31:55.629		0.83887			4
2024.10.08	02:32:00.390	0.83884	0.83886			6
2024.10.08	02:32:03.934		0.83885			4
2024.10.08	02:32:04.281	0.83885	0.83886			6
2024.10.08	02:32:54.212	0.83886	0.83887			6
2024.10.08	02:32:56.830	0.83885	0.83886			6
2024.10.08	02:33:00.616	0.83885				2
2024.10.08	02:33:11.849	0.83886	0.83887			6
2024.10.08	02:33:19.546	0.83887	0.83888			6
2024.10.08	02:33:20.392	0.83884	0.83885			6
2024.10.08	02:33:26.619	0.83885	0.83886			6
2024.10.08	02:33:47.605	0.83887	0.83888			6
2024.10.08	02:33:47.908	0.83886				2
2024.10.08	02:33:49.124	0.83885	0.83887			6
2024.10.08	02:33:51.400		0.83886			4
2024.10.08	02:34:00.065	0.83885				2
2024.10.08	02:34:24.479		0.83887			4
2024.10.08	02:34:30.862		0.83886			4
2024.10.08	02:34:31.936		0.83887			4
2024.10.08	02:34:33.995		0.83886			4
2024.10.08	02:34:35.934		0.83887			4
2024.10.08	02:34:39.037		0.83886			4
2024.10.08	02:34:40.524		0.83887			4
2024.10.08	02:34:41.067		0.83886			4
2024.10.08	02:35:05.255	0.83885				2
2024.10.08	02:35:36.652	0.83884	0.83885			6
2024.10.08	02:35:43.104	0.83883	0.83884			6
2024.10.08	02:35:44.788	0.83882	0.83883			6
2024.10.08	02:35:45.100		0.83884			4
2024.10.08	02:35:52.380		0.83886			4
2024.10.08	02:35:53.142		0.83885			4
2024.10.08	02:35:57.832		0.83884			4
2024.10.08	02:36:01.132	0.83881				2
2024.10.08	02:36:12.830		0.83883			4
2024.10.08	02:36:17.350		0.83884			4
2024.10.08	02:36:19.557		0.83883			4
2024.10.08	02:36:19.955	0.83880				2
2024.10.08	02:36:31.621	0.83879	0.83882			6
2024.10.08	02:36:33.958		0.83880			4
2024.10.08	02:36:52.643	0.83877	0.83879			6
2024.10.08	02:36:53.465	0.83878				2
2024.10.08	02:36:53.790	0.83877				2
2024.10.08	02:37:01.535	0.83877				2
2024.10.08	02:37:05.918	0.83875	0.83878			6
2024.10.08	02:37:06.326		0.83877			4
2024.10.08	02:37:06.628	0.83874				2
2024.10.08	02:37:08.443	0.83875				2
2024.10.08	02:37:10.459	0.83874	0.83875			6
2024.10.08	02:37:34.479	0.83873				2
2024.10.08	02:37:37.272		0.83874			4
2024.10.08	02:37:51.617	0.83874	0.83875			6
2024.10.08	02:38:00.743	0.83874				2
2024.10.08	02:38:03.759	0.83873				2
2024.10.08	02:38:04.091	0.83874				2
2024.10.08	02:38:13.138	0.83873				2
2024.10.08	02:38:30.124	0.83874				2
2024.10.08	02:38:40.376	0.83875	0.83876			6
2024.10.08	02:38:41.022	0.83874	0.83875			6
2024.10.08	02:38:46.054	0.83875	0.83876			6
2024.10.08	02:38:54.281		0.83877			4
2024.10.08	02:38:54.891		0.83876			4
2024.10.08	02:39:00.105	0.83875				2
2024.10.08	02:39:20.931		0.83877			4
2024.10.08	02:39:29.823		0.83878			4
2024.10.08	02:39:34.516		0.83877			4
2024.10.08	02:39:36.963	0.83873	0.83876			6
2024.10.08	02:39:37.588	0.83874				2
2024.10.08	02:39:57.981		0.83875			4
2024.10.08	02:40:00.263	0.83874				2
2024.10.08	02:40:05.477	0.83875	0.83876			6
2024.10.08	02:40:10.557	0.83873	0.83877			6
2024.10.08	02:40:11.920	0.83874	0.83878			6
2024.10.08	02:40:12.284		0.83877			4
2024.10.08	02:40:18.385		0.83878			4
2024.10.08	02:40:18.721	0.83875				2
2024.10.08	02:40:19.047		0.83879			4
2024.10.08	02:40:22.931		0.83878			4
2024.10.08	02:40:23.667		0.83879			4
2024.10.08	02:40:24.017		0.83878			4
2024.10.08	02:40:28.826	0.83876				2
2024.10.08	02:40:31.645	0.83875				2
2024.10.08	02:40:36.561		0.83877			4
2024.10.08	02:40:36.863	0.83876				2
2024.10.08	02:40:38.647	0.83878	0.83879			6
2024.10.08	02:40:44.388	0.83882	0.83883			6
2024.10.08	02:40:47.092	0.83883	0.83884			6
2024.10.08	02:40:49.379	0.83880	0.83882			6
2024.10.08	02:41:02.172	0.83880	0.83881			6
2024.10.08	02:41:03.340	0.83881	0.83882			6
2024.10.08	02:41:03.643	0.83882	0.83883			6
2024.10.08	02:41:19.951	0.83880	0.83881			6
2024.10.08	02:41:22.993		0.83882			4
2024.10.08	02:41:23.478	0.83881				2
2024.10.08	02:41:23.882	0.83880	0.83881			6
2024.10.08	02:41:25.062	0.83881	0.83882			6
2024.10.08	02:41:29.670	0.83880	0.83881			6
2024.10.08	02:41:38.579	0.83879				2
2024.10.08	02:41:39.508	0.83880				2
2024.10.08	02:41:40.948	0.83879				2
2024.10.08	02:41:43.083	0.83880				2
2024.10.08	02:41:52.575	0.83878				2
2024.10.08	02:41:54.508	0.83879				2
2024.10.08	02:41:56.997	0.83880				2
2024.10.08	02:42:02.663	0.83880				2
2024.10.08	02:42:15.651	0.83879				2
2024.10.08	02:42:16.396	0.83881	0.83882			6
2024.10.08	02:42:19.780	0.83879	0.83880			6
2024.10.08	02:42:25.543	0.83878	0.83879			6
2024.10.08	02:42:32.050	0.83877				2
2024.10.08	02:42:56.417	0.83879	0.83880			6
2024.10.08	02:43:01.768	0.83877	0.83878			6
2024.10.08	02:43:10.087	0.83878	0.83879			6
2024.10.08	02:43:10.415	0.83879	0.83880			6
2024.10.08	02:43:14.566	0.83878	0.83879			6
2024.10.08	02:43:14.881	0.83877	0.83878			6
2024.10.08	02:43:17.251	0.83878	0.83879			6
2024.10.08	02:43:18.152	0.83877	0.83878			6
2024.10.08	02:44:00.286	0.83876	0.83877			6
2024.10.08	02:44:18.300	0.83877	0.83878			6
2024.10.08	02:44:44.650	0.83876	0.83877			6
2024.10.08	02:44:47.072	0.83877	0.83878			6
2024.10.08	02:44:59.373	0.83876	0.83877			6
2024.10.08	02:45:00.182	0.83876				2
2024.10.08	02:45:01.777	0.83877	0.83878			6
2024.10.08	02:45:02.572	0.83876	0.83877			6
2024.10.08	02:45:14.016	0.83877	0.83878			6
2024.10.08	02:45:22.567	0.83875	0.83876			6
2024.10.08	02:45:43.056	0.83876	0.83877			6
2024.10.08	02:45:43.365	0.83875	0.83876			6
2024.10.08	02:45:44.842	0.83876	0.83877			6
2024.10.08	02:45:47.053	0.83875	0.83876			6
2024.10.08	02:45:50.803	0.83876	0.83877			6
2024.10.08	02:45:57.617	0.83875	0.83876			6
2024.10.08	02:45:58.347	0.83876	0.83877			6
2024.10.08	02:45:59.686	0.83875	0.83876			6
2024.10.08	02:46:00.060	0.83875				2
2024.10.08	02:46:00.407	0.83876	0.83877			6
2024.10.08	02:46:02.505	0.83875	0.83876			6
2024.10.08	02:46:03.260	0.83876	0.83877			6
2024.10.08	02:46:04.502	0.83875	0.83876			6
2024.10.08	02:46:07.060	0.83874	0.83875			6
2024.10.08	02:46:07.380	0.83875	0.83876			6
2024.10.08	02:46:25.914	0.83874	0.83875			6
2024.10.08	02:46:39.369	0.83873	0.83874			6
2024.10.08	02:46:50.586	0.83877	0.83878			6
2024.10.08	02:46:54.074	0.83876	0.83877			6
2024.10.08	02:47:00.354	0.83876				2
2024.10.08	02:47:13.981	0.83877	0.83878			6
2024.10.08	02:47:27.119	0.83879	0.83880			6
2024.10.08	02:47:28.127	0.83876	0.83877			6
2024.10.08	02:47:34.910	0.83875	0.83876			6
2024.10.08	02:47:45.042	0.83876	0.83877			6
2024.10.08	02:47:48.747	0.83879	0.83880			6
2024.10.08	02:47:52.099	0.83877	0.83878			6
2024.10.08	02:47:56.121	0.83878	0.83879			6
2024.10.08	02:47:57.082	0.83877	0.83878			6
2024.10.08	02:47:57.394	0.83879	0.83880			6
2024.10.08	02:47:57.779	0.83877	0.83878			6
2024.10.08	02:47:58.165	0.83875	0.83876			6
2024.10.08	02:48:00.532	0.83876	0.83877			6
2024.10.08	02:48:01.003	0.83875	0.83876			6
2024.10.08	02:48:04.830	0.83876	0.83877			6
2024.10.08	02:48:09.845	0.83877	0.83878			6
2024.10.08	02:48:18.826	0.83878	0.83879			6
2024.10.08	02:48:26.186	0.83876	0.83877			6
2024.10.08	02:48:50.110	0.83875	0.83876			6
2024.10.08	02:49:00.204	0.83875				2
2024.10.08	02:49:07.510	0.83874	0.83875			6
2024.10.08	02:49:11.428	0.83873	0.83874			6
2024.10.08	02:49:22.054	0.83874	0.83875			6
2024.10.08	02:49:23.573	0.83873				2
2024.10.08	02:49:23.890	0.83876	0.83877			6
2024.10.08	02:49:25.209	0.83877	0.83878			6
2024.10.08	02:49:25.524	0.83878	0.83879			6
2024.10.08	02:49:25.876	0.83879	0.83880			6
2024.10.08	02:49:26.178	0.83882	0.83883			6
2024.10.08	02:49:28.375	0.83879	0.83880			6
2024.10.08	02:49:29.385	0.83881	0.83882			6
2024.10.08	02:49:31.266	0.83882	0.83883			6
2024.10.08	02:49:31.567	0.83885	0.83886			6
2024.10.08	02:49:35.866	0.83886	0.83887			6
2024.10.08	02:49:36.174	0.83884	0.83886			6
2024.10.08	02:49:36.584	0.83885				2
2024.10.08	02:49:36.898	0.83886	0.83887			6
2024.10.08	02:49:43.323	0.83885	0.83886			6
2024.10.08	02:49:43.647	0.83884	0.83885			6
2024.10.08	02:49:45.499	0.83885	0.83886			6
2024.10.08	02:49:51.394	0.83884	0.83885			6
2024.10.08	02:49:55.383	0.83883	0.83884			6
2024.10.08	02:49:57.303	0.83884	0.83885			6
2024.10.08	02:50:00.367	0.83884				2
2024.10.08	02:50:01.873	0.83883	0.83884			6
2024.10.08	02:51:00.649	0.83883				2
2024.10.08	02:51:02.352		0.83884			4
2024.10.08	02:51:02.952	0.83882	0.83883			6
2024.10.08	02:51:03.422	0.83883	0.83884			6
2024.10.08	02:51:10.174		0.83885			4
2024.10.08	02:51:11.634	0.83884				2
2024.10.08	02:51:13.832	0.83883	0.83884			6
2024.10.08	02:51:14.141	0.83882	0.83883			6
2024.10.08	02:51:20.283	0.83881	0.83882			6
2024.10.08	02:51:26.483	0.83883	0.83884			6
2024.10.08	02:51:26.803	0.83884	0.83885			6
2024.10.08	02:51:29.010	0.83885	0.83886			6
2024.10.08	02:51:29.360	0.83881	0.83882			6
2024.10.08	02:51:34.466	0.83886	0.83887			6
2024.10.08	02:51:39.423	0.83884	0.83885			6
2024.10.08	02:51:42.434	0.83883	0.83884			6
2024.10.08	02:51:44.611	0.83882	0.83883			6
2024.10.08	02:51:50.753	0.83879	0.83880			6
2024.10.08	02:52:00.348	0.83879				2
2024.10.08	02:52:04.782	0.83878	0.83879			6
2024.10.08	02:52:09.883	0.83877	0.83878			6
2024.10.08	02:52:11.020	0.83878	0.83879			6
2024.10.08	02:52:18.847	0.83875	0.83876			6
2024.10.08	02:52:26.384	0.83876	0.83877			6
2024.10.08	02:52:31.653	0.83875	0.83876			6
2024.10.08	02:52:37.748	0.83876	0.83877			6
2024.10.08	02:52:40.061	0.83878	0.83879			6
2024.10.08	02:52:54.187		0.83880			4
2024.10.08	02:52:55.458		0.83879			4
2024.10.08	02:52:56.226	0.83879	0.83880			6
2024.10.08	02:52:58.002	0.83878	0.83879			6
2024.10.08	02:52:58.308	0.83877				2
2024.10.08	02:52:59.613		0.83878			4
2024.10.08	02:53:00.009	0.83877				2
2024.10.08	02:53:17.942	0.83876				2
2024.10.08	02:53:23.605	0.83877				2
2024.10.08	02:53:26.018		0.83880			4
2024.10.08	02:53:26.443		0.83878			4
2024.10.08	02:53:27.651		0.83880			4
2024.10.08	02:53:33.098		0.83879			4
2024.10.08	02:53:36.945		0.83880			4
2024.10.08	02:53:37.664		0.83879			4
2024.10.08	02:53:37.975		0.83880			4
2024.10.08	02:53:39.404		0.83879			4
2024.10.08	02:53:47.243	0.83878				2
2024.10.08	02:53:59.483	0.83877				2
2024.10.08	02:54:00.149	0.83878				2
2024.10.08	02:54:00.875	0.83877				2
2024.10.08	02:54:03.183	0.83878				2
2024.10.08	02:54:04.079	0.83877				2
2024.10.08	02:54:06.719	0.83878				2
2024.10.08	02:54:16.744	0.83877	0.83878			6
2024.10.08	02:54:55.409		0.83880			4
2024.10.08	02:54:58.629		0.83878			4
2024.10.08	02:54:59.546		0.83879			4
2024.10.08	02:55:00.478	0.83877	0.83880			6
2024.10.08	02:55:07.586		0.83879			4
2024.10.08	02:55:08.405		0.83878			4
2024.10.08	02:55:15.016		0.83880			4
2024.10.08	02:55:23.090		0.83878			4
2024.10.08	02:55:23.427		0.83879			4
2024.10.08	02:55:24.449		0.83878			4
2024.10.08	02:55:25.610	0.83876	0.83877			6
2024.10.08	02:55:40.927		0.83878			4
2024.10.08	02:55:42.034		0.83877			4
2024.10.08	02:55:45.517		0.83878			4
2024.10.08	02:55:45.869		0.83877			4
2024.10.08	02:55:50.552	0.83880	0.83881			6
2024.10.08	02:56:00.359	0.83880				2
2024.10.08	02:56:05.519	0.83879	0.83880			6
2024.10.08	02:56:46.053	0.83877	0.83879			6
2024.10.08	02:56:46.577		0.83878			4
2024.10.08	02:56:49.044	0.83876				2
2024.10.08	02:56:50.656		0.83877			4
2024.10.08	02:56:58.941	0.83875	0.83876			6
2024.10.08	02:57:03.516	0.83875				2
2024.10.08	02:57:07.208		0.83878			4
2024.10.08	02:57:07.606		0.83879			4
2024.10.08	02:57:08.568	0.83876	0.83877			6
2024.10.08	02:57:13.622		0.83878			4
2024.10.08	02:57:25.991		0.83877			4
2024.10.08	02:57:27.786	0.83875	0.83878			6
2024.10.08	02:57:28.726	0.83876	0.83877			6
2024.10.08	02:57:30.001	0.83875	0.83876			6
2024.10.08	02:57:30.676	0.83876	0.83878			6
2024.10.08	02:57:34.032	0.83875				2
2024.10.08	02:57:42.806		0.83877			4
2024.10.08	02:57:43.734		0.83878			4
2024.10.08	02:57:47.252		0.83877			4
2024.10.08	02:57:47.613		0.83878			4
2024.10.08	02:57:50.370		0.83877			4
2024.10.08	02:57:53.373		0.83876			4
2024.10.08	02:57:55.409	0.83876	0.83877			6
2024.10.08	02:58:00.581	0.83875	0.83876			6
2024.10.08	02:58:13.384	0.83874	0.83875			6
2024.10.08	02:58:19.398	0.83869	0.83870			6
2024.10.08	02:58:19.755	0.83870	0.83871			6
2024.10.08	02:58:20.111	0.83869	0.83870			6
2024.10.08	02:58:33.968	0.83870	0.83871			6
2024.10.08	02:58:40.056	0.83869	0.83870			6
2024.10.08	02:58:40.366	0.83870	0.83871			6
2024.10.08	02:58:40.702	0.83871	0.83872			6
2024.10.08	02:58:41.795	0.83870	0.83871			6
2024.10.08	02:58:45.598	0.83871	0.83872			6
2024.10.08	02:59:00.099	0.83871				2
2024.10.08	02:59:01.581	0.83872	0.83873			6
2024.10.08	02:59:02.862	0.83871	0.83872			6
2024.10.08	02:59:04.834	0.83872	0.83874			6
2024.10.08	02:59:05.900	0.83873				2
2024.10.08	02:59:09.022	0.83874	0.83875			6
2024.10.08	02:59:12.015	0.83873	0.83874			6
2024.10.08	02:59:13.568	0.83871	0.83872			6
2024.10.08	02:59:40.809		0.83873			4
2024.10.08	02:59:44.732		0.83872			4
2024.10.08	03:00:00.209	0.83871				2
2024.10.08	03:00:01.400	0.83870				2
2024.10.08	03:00:02.914		0.83871			4
2024.10.08	03:00:03.224	0.83871	0.83872			6
2024.10.08	03:00:03.527	0.83870	0.83871			6
2024.10.08	03:00:04.178		0.83872			4
2024.10.08	03:00:04.519		0.83871			4
2024.10.08	03:00:16.352	0.83869	0.83870			6
2024.10.08	03:00:17.186	0.83870	0.83871			6
2024.10.08	03:00:17.577	0.83871	0.83872			6
2024.10.08	03:00:20.053	0.83870	0.83871			6
2024.10.08	03:00:20.705	0.83866	0.83867			6
2024.10.08	03:00:21.009	0.83865	0.83866			6
2024.10.08	03:00:23.528	0.83866	0.83867			6
2024.10.08	03:00:26.557	0.83865	0.83866			6
2024.10.08	03:00:35.575	0.83866	0.83867			6
2024.10.08	03:00:37.501	0.83865	0.83866			6
2024.10.08	03:00:39.188	0.83861	0.83863			6
2024.10.08	03:00:39.586	0.83862				2
2024.10.08	03:00:39.911	0.83861				2
2024.10.08	03:00:40.673		0.83862			4
2024.10.08	03:00:41.312		0.83863			4
2024.10.08	03:00:42.315		0.83862			4
2024.10.08	03:00:43.857	0.83860	0.83861			6
2024.10.08	03:00:49.201	0.83861	0.83862			6
2024.10.08	03:00:52.775	0.83867	0.83868			6
2024.10.08	03:00:53.098	0.83868	0.83869			6
2024.10.08	03:00:53.402	0.83872	0.83873			6
2024.10.08	03:00:53.726	0.83871	0.83872			6
2024.10.08	03:00:54.043	0.83872	0.83873			6
2024.10.08	03:00:55.844	0.83871	0.83872			6
2024.10.08	03:00:58.559	0.83870	0.83871			6
2024.10.08	03:01:00.323	0.83870				2
2024.10.08	03:01:02.648	0.83872	0.83873			6
2024.10.08	03:01:03.291	0.83870	0.83871			6
2024.10.08	03:01:03.750	0.83872	0.83873			6
2024.10.08	03:01:05.245	0.83871	0.83872			6
2024.10.08	03:01:09.161	0.83870	0.83871			6
2024.10.08	03:01:11.852	0.83871	0.83872			6
2024.10.08	03:01:13.903	0.83872	0.83873			6
2024.10.08	03:01:15.811	0.83871	0.83872			6
2024.10.08	03:01:18.081	0.83869	0.83870			6
2024.10.08	03:01:21.776	0.83870	0.83871			6
2024.10.08	03:01:22.083	0.83871	0.83872			6
2024.10.08	03:01:24.785	0.83870	0.83871			6
2024.10.08	03:01:31.082	0.83869	0.83870			6
2024.10.08	03:01:31.748	0.83870	0.83871			6
2024.10.08	03:01:35.847	0.83869	0.83870			6
2024.10.08	03:01:55.915	0.83870	0.83871			6
2024.10.08	03:01:56.225	0.83871	0.83872			6
2024.10.08	03:01:59.717	0.83870	0.83871			6
2024.10.08	03:02:00.133	0.83870				2
2024.10.08	03:02:01.406		0.83872			4
2024.10.08	03:02:01.723	0.83871	0.83873			6
2024.10.08	03:02:02.089	0.83870				2
2024.10.08	03:02:02.436	0.83872				2
2024.10.08	03:02:02.750	0.83871				2
2024.10.08	03:02:03.071		0.83874			4
2024.10.08	03:02:03.383		0.83873			4
2024.10.08	03:02:03.710		0.83872			4
2024.10.08	03:02:04.021		0.83873			4
2024.10.08	03:02:05.920	0.83870				2
2024.10.08	03:02:06.273		0.83872			4
2024.10.08	03:02:06.882		0.83873			4
2024.10.08	03:02:07.222		0.83871			4
2024.10.08	03:02:08.451	0.83869	0.83870			6
2024.10.08	03:02:09.119	0.83868	0.83869			6
2024.10.08	03:02:09.449	0.83866	0.83867			6
2024.10.08	03:02:10.558		0.83868			4
2024.10.08	03:02:10.877		0.83869			4
2024.10.08	03:02:11.963	0.83867				2
2024.10.08	03:02:12.282	0.83866	0.83867			6
2024.10.08	03:02:12.898	0.83865				2
2024.10.08	03:02:13.682	0.83866				2
2024.10.08	03:02:14.943		0.83868			4
2024.10.08	03:02:15.277		0.83867			4
2024.10.08	03:02:15.926		0.83868			4
2024.10.08	03:02:16.572		0.83867			4
2024.10.08	03:02:16.971		0.83868			4
2024.10.08	03:02:17.281		0.83867			4
2024.10.08	03:02:19.272		0.83868			4
2024.10.08	03:02:19.583		0.83867			4
2024.10.08	03:02:20.998	0.83865	0.83866			6
2024.10.08	03:02:23.257	0.83866	0.83867			6
2024.10.08	03:02:23.581	0.83865				2
2024.10.08	03:02:24.244		0.83866			4
2024.10.08	03:02:27.999	0.83864	0.83865			6
2024.10.08	03:02:28.504	0.83866	0.83869			6
2024.10.08	03:02:29.855		0.83870			4
2024.10.08	03:02:31.251		0.83867			4
2024.10.08	03:02:32.032		0.83868			4
2024.10.08	03:02:32.342		0.83867			4
2024.10.08	03:02:32.718	0.83865	0.83866			6
2024.10.08	03:02:37.476	0.83866	0.83867			6
2024.10.08	03:02:40.729	0.83865	0.83868			6
2024.10.08	03:02:42.764	0.83866				2
2024.10.08	03:02:43.077	0.83865				2
2024.10.08	03:02:43.483	0.83866	0.83867			6
2024.10.08	03:02:44.293	0.83867	0.83869			6
2024.10.08	03:02:45.693		0.83868			4
2024.10.08	03:02:46.104		0.83869			4
2024.10.08	03:02:48.616		0.83868			4
2024.10.08	03:02:49.432		0.83869			4
2024.10.08	03:02:50.518		0.83868			4
2024.10.08	03:02:50.920		0.83869			4
2024.10.08	03:02:51.271		0.83868			4
2024.10.08	03:02:51.970		0.83869			4
2024.10.08	03:02:52.279		0.83868			4
2024.10.08	03:02:52.638	0.83868	0.83869			6
2024.10.08	03:02:54.874	0.83867	0.83870			6
2024.10.08	03:02:55.206		0.83869			4
2024.10.08	03:02:57.184		0.83868			4
2024.10.08	03:03:00.166	0.83867				2
2024.10.08	03:03:00.498	0.83866	0.83867			6
2024.10.08	03:03:01.177	0.83865	0.83866			6
2024.10.08	03:03:02.147	0.83864				2
2024.10.08	03:03:06.680		0.83865			4
2024.10.08	03:03:07.831	0.83865	0.83866			6
2024.10.08	03:03:08.842	0.83864				2
2024.10.08	03:03:10.601		0.83865			4
2024.10.08	03:03:10.916		0.83866			4
2024.10.08	03:03:12.739	0.83865				2
2024.10.08	03:03:13.043		0.83867			4
2024.10.08	03:03:13.861		0.83868			4
2024.10.08	03:03:14.261		0.83867			4
2024.10.08	03:03:15.495		0.83868			4
2024.10.08	03:03:16.707		0.83867			4
2024.10.08	03:03:17.592		0.83866			4
2024.10.08	03:03:19.881		0.83867			4
2024.10.08	03:03:21.570	0.83864	0.83866			6
2024.10.08	03:03:22.223	0.83865	0.83867			6
2024.10.08	03:03:22.544		0.83866			4
2024.10.08	03:03:23.336		0.83867			4
2024.10.08	03:03:25.468		0.83866			4
2024.10.08	03:03:26.464		0.83868			4
2024.10.08	03:03:28.107	0.83866				2
2024.10.08	03:03:30.722	0.83865	0.83867			6
2024.10.08	03:03:31.865		0.83868			4
2024.10.08	03:03:33.335		0.83867			4
2024.10.08	03:03:36.027		0.83866			4
2024.10.08	03:03:39.597	0.83866	0.83867			6
2024.10.08	03:03:39.905	0.83865				2
2024.10.08	03:03:40.224		0.83866			4
2024.10.08	03:03:46.911	0.83864	0.83865			6
2024.10.08	03:03:49.233	0.83863	0.83864			6
2024.10.08	03:03:51.027		0.83866			4
2024.10.08	03:03:51.342		0.83864			4
2024.10.08	03:03:55.780	0.83862	0.83863			6
2024.10.08	03:03:58.491		0.83865			4
2024.10.08	03:03:58.804		0.83864			4
2024.10.08	03:03:59.450	0.83860	0.83862			6
2024.10.08	03:03:59.758	0.83861	0.83863			6
2024.10.08	03:04:00.083	0.83860				2
2024.10.08	03:04:00.423		0.83862			4
2024.10.08	03:04:08.054		0.83863			4
2024.10.08	03:04:10.762		0.83862			4
2024.10.08	03:04:12.270	0.83859	0.83861			6
2024.10.08	03:04:12.884		0.83862			4
2024.10.08	03:04:13.373	0.83860				2
2024.10.08	03:04:15.170	0.83861	0.83863			6
2024.10.08	03:04:16.981		0.83864			4
2024.10.08	03:04:17.283		0.83863			4
2024.10.08	03:04:17.959	0.83860				2
2024.10.08	03:04:18.322		0.83862			4
2024.10.08	03:04:19.017	0.83859	0.83861			6
2024.10.08	03:04:20.593		0.83860			4
2024.10.08	03:04:22.693		0.83861			4
2024.10.08	03:04:25.384	0.83860				2
2024.10.08	03:04:31.890	0.83859				2
2024.10.08	03:04:32.901		0.83862			4
2024.10.08	03:04:33.243	0.83860				2
2024.10.08	03:04:34.599		0.83863			4
2024.10.08	03:04:35.004		0.83862			4
2024.10.08	03:04:35.485	0.83859				2
2024.10.08	03:04:36.308		0.83861			4
2024.10.08	03:04:40.654	0.83855	0.83858			6
2024.10.08	03:04:40.976	0.83856				2
2024.10.08	03:04:41.375	0.83855				2
2024.10.08	03:04:41.785	0.83856				2
2024.10.08	03:04:47.134	0.83857				2
2024.10.08	03:04:47.489	0.83856	0.83857			6
2024.10.08	03:04:48.779	0.83855	0.83858			6
2024.10.08	03:04:49.195		0.83857			4
2024.10.08	03:04:50.159		0.83856			4
2024.10.08	03:04:53.247	0.83854				2
2024.10.08	03:04:55.924	0.83855	0.83857			6
2024.10.08	03:04:56.226		0.83858			4
2024.10.08	03:04:57.576	0.83856				2
2024.10.08	03:04:57.917	0.83855				2
2024.10.08	03:05:00.013	0.83855				2
2024.10.08	03:05:00.360	0.83856	0.83857			6
2024.10.08	03:05:00.663	0.83855	0.83858			6
2024.10.08	03:05:01.262		0.83857			4
2024.10.08	03:05:04.333		0.83858			4
2024.10.08	03:05:05.009	0.83856	0.83857			6
2024.10.08	03:05:05.325	0.83855	0.83858			6
2024.10.08	03:05:05.718	0.83856				2
2024.10.08	03:05:06.412	0.83855				2
2024.10.08	03:05:06.938	0.83856				2
2024.10.08	03:05:07.294	0.83855	0.83857			6
2024.10.08	03:05:08.507	0.83856	0.83858			6
2024.10.08	03:05:09.185	0.83855	0.83857			6
2024.10.08	03:05:09.572	0.83854				2
2024.10.08	03:05:09.920	0.83855				2
2024.10.08	03:05:10.268		0.83858			4
2024.10.08	03:05:14.924		0.83857			4
2024.10.08	03:05:15.254	0.83854				2
2024.10.08	03:05:18.408	0.83855				2
2024.10.08	03:05:18.823		0.83858			4
2024.10.08	03:05:20.477		0.83857			4
2024.10.08	03:05:21.185		0.83858			4
2024.10.08	03:05:22.204	0.83856				2
2024.10.08	03:05:23.306	0.83858	0.83859			6
2024.10.08	03:05:23.623	0.83857	0.83858			6
2024.10.08	03:05:24.452		0.83859			4
2024.10.08	03:05:24.826	0.83856				2
2024.10.08	03:05:25.250	0.83857				2
2024.10.08	03:05:26.905	0.83858				2
2024.10.08	03:05:30.581	0.83857	0.83858			6
2024.10.08	03:05:31.222	0.83858	0.83859			6
2024.10.08	03:05:31.531	0.83856	0.83857			6
2024.10.08	03:05:32.167	0.83855	0.83856			6
2024.10.08	03:05:33.466		0.83857			4
2024.10.08	03:05:33.856		0.83856			4
2024.10.08	03:05:37.982		0.83857			4
2024.10.08	03:05:39.317		0.83856			4
2024.10.08	03:05:39.893	0.83854				2
2024.10.08	03:05:41.673	0.83857	0.83859			6
2024.10.08	03:05:42.067		0.83858			4
2024.10.08	03:05:43.443		0.83859			4
2024.10.08	03:05:44.541	0.83855	0.83858			6
2024.10.08	03:05:45.312		0.83857			4
2024.10.08	03:05:46.747		0.83856			4
2024.10.08	03:05:49.023	0.83854				2
2024.10.08	03:05:49.644	0.83855				2
2024.10.08	03:05:51.134		0.83857			4
2024.10.08	03:05:51.986	0.83854	0.83856			6
2024.10.08	03:05:53.392	0.83853	0.83855			6
2024.10.08	03:05:53.704		0.83856			4
2024.10.08	03:05:54.072	0.83854				2
2024.10.08	03:05:57.838	0.83853	0.83854			6
2024.10.08	03:05:58.498	0.83854	0.83856			6
2024.10.08	03:06:00.291	0.83854				2
2024.10.08	03:06:04.220		0.83857			4
2024.10.08	03:06:04.597	0.83855				2
2024.10.08	03:06:05.304		0.83858			4
2024.10.08	03:06:05.981		0.83857			4
2024.10.08	03:06:06.311	0.83854	0.83856			6
2024.10.08	03:06:07.595		0.83857			4
2024.10.08	03:06:08.307		0.83856			4
2024.10.08	03:06:10.556	0.83853				2
2024.10.08	03:06:11.297	0.83856	0.83858			6
2024.10.08	03:06:17.062	0.83855	0.83857			6
2024.10.08	03:06:17.455	0.83854				2
2024.10.08	03:06:23.441	0.83855	0.83856			6
2024.10.08	03:06:23.762	0.83853				2
2024.10.08	03:06:24.475	0.83854				2
2024.10.08	03:06:31.809		0.83857			4
2024.10.08	03:06:32.583	0.83855				2
2024.10.08	03:06:33.002	0.83854				2
2024.10.08	03:06:36.333	0.83855	0.83858			6
2024.10.08	03:06:36.682	0.83856				2
2024.10.08	03:06:37.328	0.83855				2
2024.10.08	03:06:42.375		0.83857			4
2024.10.08	03:06:43.255	0.83854	0.83856			6
2024.10.08	03:06:44.636	0.83853	0.83855			6
2024.10.08	03:06:45.004		0.83856			4
2024.10.08	03:06:45.320		0.83855			4
2024.10.08	03:06:45.828		0.83856			4
2024.10.08	03:06:47.242	0.83854	0.83857			6
2024.10.08	03:06:48.548		0.83856			4
2024.10.08	03:06:49.328	0.83853				2
2024.10.08	03:06:54.755		0.83855			4
2024.10.08	03:06:56.005	0.83852				2
2024.10.08	03:07:01.152	0.83852				2
2024.10.08	03:07:01.941	0.83851	0.83852			6
2024.10.08	03:07:04.144		0.83853			4
2024.10.08	03:07:07.053	0.83850				2
2024.10.08	03:07:07.891		0.83852			4
2024.10.08	03:07:09.367	0.83849	0.83851			6
2024.10.08	03:07:15.897	0.83848	0.83849			6
2024.10.08	03:07:19.879	0.83846	0.83847			6
2024.10.08	03:07:20.184		0.83848			4
2024.10.08	03:07:20.490	0.83845				2
2024.10.08	03:07:20.811	0.83846	0.83847			6
2024.10.08	03:07:21.653		0.83848			4
2024.10.08	03:07:21.994	0.83845	0.83847			6
2024.10.08	03:07:25.099	0.83846				2
2024.10.08	03:07:26.755		0.83848			4
2024.10.08	03:07:27.186	0.83845				2
2024.10.08	03:07:28.330	0.83846	0.83847			6
2024.10.08	03:07:28.824	0.83845				2
2024.10.08	03:07:30.338	0.83846	0.83848			6
2024.10.08	03:07:31.728		0.83847			4
2024.10.08	03:07:33.069	0.83845				2
2024.10.08	03:07:33.745		0.83848			4
2024.10.08	03:07:34.307	0.83846				2
2024.10.08	03:07:36.533	0.83847	0.83849			6
2024.10.08	03:07:37.163	0.83846				2
2024.10.08	03:07:37.550		0.83848			4
2024.10.08	03:07:38.498		0.83849			4
2024.10.08	03:07:38.932		0.83848			4
2024.10.08	03:07:39.313		0.83849			4
2024.10.08	03:07:39.753		0.83848			4
2024.10.08	03:07:40.054	0.83847	0.83849			6
2024.10.08	03:07:40.549	0.83846				2
2024.10.08	03:07:40.929		0.83848			4
2024.10.08	03:07:41.393		0.83849			4
2024.10.08	03:07:41.904		0.83848			4
2024.10.08	03:07:42.310	0.83847	0.83849			6
2024.10.08	03:07:45.250	0.83846				2
2024.10.08	03:07:45.671		0.83848			4
2024.10.08	03:07:48.272	0.83845				2
2024.10.08	03:07:48.978		0.83847			4
2024.10.08	03:07:49.412		0.83848			4
2024.10.08	03:07:51.693		0.83847			4
2024.10.08	03:07:52.408		0.83848			4
2024.10.08	03:07:52.814		0.83847			4
2024.10.08	03:07:53.420	0.83849	0.83852			6
2024.10.08	03:07:53.725		0.83851			4
2024.10.08	03:07:54.125	0.83848	0.83852			6
2024.10.08	03:07:58.925	0.83849	0.83853			6
2024.10.08	03:07:59.502	0.83850				2
2024.10.08	03:08:00.575	0.83849				2
2024.10.08	03:08:00.959		0.83852			4
2024.10.08	03:08:02.110		0.83851			4
2024.10.08	03:08:02.450		0.83852			4
2024.10.08	03:08:04.151	0.83851				2
2024.10.08	03:08:04.465		0.83853			4
2024.10.08	03:08:07.803		0.83852			4
2024.10.08	03:08:08.694	0.83850				2
2024.10.08	03:08:11.732	0.83849	0.83851			6
2024.10.08	03:08:14.357	0.83850				2
2024.10.08	03:08:15.909	0.83849	0.83852			6
2024.10.08	03:08:16.359	0.83850				2
2024.10.08	03:08:18.976	0.83849				2
2024.10.08	03:08:19.373	0.83850	0.83851			6
2024.10.08	03:08:20.072	0.83849				2
2024.10.08	03:08:21.055	0.83850	0.83852			6
2024.10.08	03:08:21.360	0.83849	0.83851			6
2024.10.08	03:08:22.871	0.83848	0.83850			6
2024.10.08	03:08:25.516	0.83849	0.83851			6
2024.10.08	03:08:28.666	0.83850				2
2024.10.08	03:08:30.540	0.83851	0.83852			6
2024.10.08	03:08:37.460	0.83850	0.83851			6
2024.10.08	03:08:37.775	0.83849				2
2024.10.08	03:08:39.342	0.83851	0.83852			6
2024.10.08	03:08:43.914	0.83852	0.83853			6
2024.10.08	03:08:49.488	0.83855	0.83856			6
2024.10.08	03:08:55.675	0.83856	0.83857			6
2024.10.08	03:08:56.042	0.83857	0.83858			6
2024.10.08	03:08:56.373	0.83856	0.83857			6
2024.10.08	03:09:00.381	0.83856				2
2024.10.08	03:09:12.164	0.83855	0.83856			6
2024.10.08	03:09:12.484	0.83854	0.83855			6
2024.10.08	03:09:13.091	0.83855	0.83856			6
2024.10.08	03:09:34.791	0.83856	0.83857			6
2024.10.08	03:09:35.944	0.83855	0.83856			6
2024.10.08	03:09:39.844	0.83856	0.83857			6
2024.10.08	03:09:49.552	0.83857	0.83858			6
2024.10.08	03:09:49.921	0.83856	0.83857			6
2024.10.08	03:09:52.128	0.83855	0.83856			6
2024.10.08	03:09:52.936	0.83856	0.83857			6
2024.10.08	03:10:00.161	0.83856				2
2024.10.08	03:10:00.904	0.83855	0.83856			6
2024.10.08	03:10:02.070	0.83854	0.83855			6
2024.10.08	03:10:02.967	0.83855	0.83856			6
