<DATE>	<TIME>	<BID>	<ASK>	<LAST>	<VOLUME>	<FLAGS>
2024.08.02	00:00:00.407	0.84678	0.84724			6
2024.08.02	00:00:00.818	0.84652				2
2024.08.02	00:00:01.186	0.84649	0.84725			6
2024.08.02	00:00:30.852	0.84642	0.84726			6
2024.08.02	00:00:38.144	0.84584	0.84728			6
2024.08.02	00:01:12.934	0.84584				2
2024.08.02	00:01:40.898		0.84728			4
2024.08.02	00:02:01.278	0.84584				2
2024.08.02	00:02:07.198	0.84590				2
2024.08.02	00:02:41.456		0.84728			4
2024.08.02	00:03:21.044	0.84590				2
2024.08.02	00:03:50.372		0.84728			4
2024.08.02	00:04:08.855	0.84590				2
2024.08.02	00:04:52.980	0.84593	0.84728			6
2024.08.02	00:05:00.507	0.84593				2
2024.08.02	00:05:54.499		0.84728			4
2024.08.02	00:06:02.746	0.84593				2
2024.08.02	00:06:21.441		0.84727			4
2024.08.02	00:07:00.551	0.84593				2
2024.08.02	00:07:31.277		0.84727			4
2024.08.02	00:08:00.689	0.84593				2
2024.08.02	00:08:41.296		0.84727			4
2024.08.02	00:09:02.352	0.84593				2
2024.08.02	00:09:09.101	0.84605	0.84728			6
2024.08.02	00:10:00.378	0.84605				2
2024.08.02	00:10:09.102	0.84607	0.84728			6
2024.08.02	00:10:18.672	0.84620				2
2024.08.02	00:10:19.230	0.84624				2
2024.08.02	00:10:19.642	0.84612				2
2024.08.02	00:10:23.107	0.84625				2
2024.08.02	00:10:24.090	0.84607				2
2024.08.02	00:10:25.894	0.84632				2
2024.08.02	00:10:26.299	0.84607				2
2024.08.02	00:10:27.265		0.84727			4
2024.08.02	00:10:30.256	0.84641				2
2024.08.02	00:10:30.885	0.84631				2
2024.08.02	00:10:33.038	0.84619				2
2024.08.02	00:10:34.123	0.84618				2
2024.08.02	00:10:44.089	0.84637				2
2024.08.02	00:10:44.491	0.84640				2
2024.08.02	00:10:54.302	0.84653				2
2024.08.02	00:10:56.686	0.84647				2
2024.08.02	00:10:59.771	0.84607				2
2024.08.02	00:11:00.219	0.84607				2
2024.08.02	00:11:09.105	0.84608				2
2024.08.02	00:11:27.554		0.84727			4
2024.08.02	00:12:00.737	0.84608				2
2024.08.02	00:12:27.566		0.84727			4
2024.08.02	00:13:03.065	0.84608				2
2024.08.02	00:13:29.332		0.84727			4
2024.08.02	00:14:00.002	0.84608				2
2024.08.02	00:14:30.404		0.84727			4
2024.08.02	00:14:55.705	0.84654	0.84736			6
2024.08.02	00:14:56.782	0.84628				2
2024.08.02	00:14:58.889	0.84656	0.84735			6
2024.08.02	00:15:00.231	0.84656				2
2024.08.02	00:15:00.744		0.84736			4
2024.08.02	00:15:05.216		0.84737			4
2024.08.02	00:15:14.142	0.84638	0.84732			6
2024.08.02	00:15:14.511		0.84731			4
2024.08.02	00:15:24.005		0.84730			4
2024.08.02	00:15:33.370	0.84646	0.84728			6
2024.08.02	00:15:41.673	0.84648				2
2024.08.02	00:15:44.882	0.84654				2
2024.08.02	00:15:47.931	0.84647				2
2024.08.02	00:15:54.890	0.84646				2
2024.08.02	00:16:02.081	0.84646				2
2024.08.02	00:16:10.236		0.84727			4
2024.08.02	00:16:11.421	0.84653				2
2024.08.02	00:17:00.073	0.84653				2
2024.08.02	00:17:10.889		0.84727			4
2024.08.02	00:18:00.243	0.84653				2
2024.08.02	00:18:07.385	0.84661	0.84729			6
2024.08.02	00:18:07.697	0.84659				2
2024.08.02	00:18:23.688	0.84669				2
2024.08.02	00:18:25.625	0.84675				2
2024.08.02	00:18:26.502	0.84679	0.84726			6
2024.08.02	00:19:00.896	0.84679				2
2024.08.02	00:19:08.817	0.84662	0.84727			6
2024.08.02	00:19:49.440	0.84664				2
2024.08.02	00:19:53.772	0.84662				2
2024.08.02	00:19:57.194	0.84664				2
2024.08.02	00:19:57.772	0.84662				2
2024.08.02	00:19:58.782	0.84663				2
2024.08.02	00:19:59.782	0.84662				2
2024.08.02	00:20:00.495	0.84662				2
2024.08.02	00:20:00.803	0.84663				2
2024.08.02	00:20:01.795	0.84662				2
2024.08.02	00:20:09.128		0.84727			4
2024.08.02	00:20:31.959	0.84664				2
2024.08.02	00:21:00.111	0.84664				2
2024.08.02	00:21:09.976		0.84727			4
2024.08.02	00:21:21.274	0.84679	0.84726			6
2024.08.02	00:21:58.184	0.84678				2
2024.08.02	00:22:00.198	0.84678				2
2024.08.02	00:22:01.519	0.84679				2
2024.08.02	00:22:07.139	0.84680				2
2024.08.02	00:22:24.350		0.84726			4
2024.08.02	00:22:34.879	0.84678				2
2024.08.02	00:23:01.298	0.84678				2
2024.08.02	00:23:10.520	0.84679				2
2024.08.02	00:23:24.482		0.84726			4
2024.08.02	00:24:02.623	0.84680				2
2024.08.02	00:24:13.160	0.84674				2
2024.08.02	00:24:16.868	0.84673				2
2024.08.02	00:24:18.401	0.84671				2
2024.08.02	00:24:20.486	0.84669				2
2024.08.02	00:24:21.303	0.84668				2
2024.08.02	00:24:25.207	0.84669	0.84726			6
2024.08.02	00:24:26.356	0.84666	0.84727			6
2024.08.02	00:24:28.197	0.84669				2
2024.08.02	00:25:00.317	0.84669				2
2024.08.02	00:25:04.002	0.84657				2
2024.08.02	00:25:10.833	0.84669				2
2024.08.02	00:25:26.830	0.84645	0.84727			6
2024.08.02	00:25:27.888	0.84632				2
2024.08.02	00:25:30.258	0.84629				2
2024.08.02	00:25:56.118	0.84635				2
2024.08.02	00:25:59.231	0.84636				2
2024.08.02	00:26:00.255	0.84637				2
2024.08.02	00:26:01.058	0.84636				2
2024.08.02	00:26:13.281	0.84638				2
2024.08.02	00:26:16.566		0.84728			4
2024.08.02	00:26:19.964	0.84639	0.84727			6
2024.08.02	00:26:46.266	0.84638				2
2024.08.02	00:27:00.064	0.84638	0.84728			6
2024.08.02	00:27:07.472	0.84639	0.84727			6
2024.08.02	00:27:42.071	0.84638				2
2024.08.02	00:27:43.859	0.84639				2
2024.08.02	00:28:00.265	0.84639				2
2024.08.02	00:28:04.473	0.84640	0.84726			6
2024.08.02	00:28:08.164	0.84639	0.84727			6
2024.08.02	00:29:00.270	0.84639				2
2024.08.02	00:29:10.258		0.84727			4
2024.08.02	00:29:44.418	0.84632	0.84728			6
2024.08.02	00:29:47.613	0.84639	0.84727			6
2024.08.02	00:29:50.362	0.84640	0.84726			6
2024.08.02	00:29:53.165	0.84639	0.84727			6
2024.08.02	00:30:00.305	0.84645	0.84726			6
2024.08.02	00:30:05.560	0.84640				2
2024.08.02	00:30:12.231	0.84647	0.84728			6
2024.08.02	00:30:14.481	0.84655				2
2024.08.02	00:30:15.517	0.84657				2
2024.08.02	00:30:15.865	0.84663				2
2024.08.02	00:30:17.216	0.84669				2
2024.08.02	00:30:22.418	0.84667				2
2024.08.02	00:30:22.771	0.84669				2
2024.08.02	00:30:27.009	0.84667				2
2024.08.02	00:30:27.343	0.84669				2
2024.08.02	00:30:31.277	0.84664				2
2024.08.02	00:30:33.129	0.84669				2
2024.08.02	00:30:34.400	0.84668				2
2024.08.02	00:30:36.099	0.84669				2
2024.08.02	00:30:43.961	0.84668				2
2024.08.02	00:30:46.841	0.84667				2
2024.08.02	00:30:47.881	0.84668				2
2024.08.02	00:30:50.992	0.84669				2
2024.08.02	00:30:52.881	0.84668				2
2024.08.02	00:30:54.109	0.84669				2
2024.08.02	00:31:00.365	0.84669				2
2024.08.02	00:31:05.873	0.84666				2
2024.08.02	00:31:07.305	0.84667				2
2024.08.02	00:31:11.451	0.84666				2
2024.08.02	00:31:13.610		0.84728			4
2024.08.02	00:31:21.277	0.84660				2
2024.08.02	00:31:22.089	0.84666				2
2024.08.02	00:31:22.390	0.84665				2
2024.08.02	00:31:28.736	0.84669				2
2024.08.02	00:31:31.420	0.84665				2
2024.08.02	00:31:31.739	0.84669				2
2024.08.02	00:31:35.682	0.84668				2
2024.08.02	00:31:36.973		0.84727			4
2024.08.02	00:31:37.303		0.84728			4
2024.08.02	00:31:50.859	0.84663	0.84726			6
2024.08.02	00:31:51.776	0.84667				2
2024.08.02	00:31:53.764		0.84725			4
2024.08.02	00:31:56.765	0.84671				2
2024.08.02	00:31:57.716		0.84726			4
2024.08.02	00:32:00.319	0.84671				2
2024.08.02	00:32:00.894	0.84669	0.84725			6
2024.08.02	00:32:01.564	0.84668	0.84726			6
2024.08.02	00:32:02.054		0.84725			4
2024.08.02	00:32:02.448		0.84726			4
2024.08.02	00:32:04.410	0.84664	0.84725			6
2024.08.02	00:32:04.922		0.84724			4
2024.08.02	00:32:05.421	0.84665	0.84725			6
2024.08.02	00:32:06.932		0.84724			4
2024.08.02	00:32:20.399	0.84659				2
2024.08.02	00:32:21.070		0.84723			4
2024.08.02	00:32:22.949	0.84666	0.84724			6
2024.08.02	00:32:25.610		0.84723			4
2024.08.02	00:32:27.111		0.84724			4
2024.08.02	00:32:33.839	0.84664				2
2024.08.02	00:32:36.080	0.84665				2
2024.08.02	00:32:36.416		0.84725			4
2024.08.02	00:32:39.715	0.84664				2
2024.08.02	00:32:41.642	0.84671				2
2024.08.02	00:32:43.564		0.84724			4
2024.08.02	00:32:48.294	0.84668	0.84726			6
2024.08.02	00:32:50.696	0.84666	0.84724			6
2024.08.02	00:32:51.050	0.84664				2
2024.08.02	00:32:52.474	0.84665				2
2024.08.02	00:32:53.450	0.84663				2
2024.08.02	00:32:56.827	0.84671				2
2024.08.02	00:32:57.173	0.84666				2
2024.08.02	00:32:59.829	0.84664				2
2024.08.02	00:33:00.356	0.84664				2
2024.08.02	00:33:02.449	0.84667	0.84725			6
2024.08.02	00:33:03.492	0.84664				2
2024.08.02	00:33:18.615	0.84660				2
2024.08.02	00:33:35.501	0.84661				2
2024.08.02	00:33:42.189	0.84659				2
2024.08.02	00:33:50.652	0.84655				2
2024.08.02	00:33:52.799	0.84656				2
2024.08.02	00:33:57.889	0.84657				2
2024.08.02	00:34:00.315	0.84656				2
2024.08.02	00:34:02.448		0.84726			4
2024.08.02	00:34:04.521	0.84661	0.84727			6
2024.08.02	00:34:19.815	0.84664				2
2024.08.02	00:34:26.365	0.84667	0.84726			6
2024.08.02	00:34:30.962	0.84666				2
2024.08.02	00:34:36.752	0.84667				2
2024.08.02	00:34:37.636		0.84727			4
2024.08.02	00:34:42.704		0.84726			4
2024.08.02	00:34:43.668	0.84661	0.84725			6
2024.08.02	00:34:44.855	0.84670				2
2024.08.02	00:34:46.359	0.84669	0.84727			6
2024.08.02	00:34:50.941		0.84726			4
2024.08.02	00:34:51.904	0.84670				2
2024.08.02	00:34:55.102	0.84669	0.84727			6
2024.08.02	00:35:01.098	0.84669				2
2024.08.02	00:35:09.354	0.84670				2
2024.08.02	00:35:10.794	0.84669				2
2024.08.02	00:35:14.556	0.84670				2
2024.08.02	00:35:15.715	0.84668				2
2024.08.02	00:35:23.732	0.84671				2
2024.08.02	00:35:24.064	0.84678				2
2024.08.02	00:35:42.476	0.84679				2
2024.08.02	00:35:44.887	0.84684				2
2024.08.02	00:35:45.970	0.84680				2
2024.08.02	00:35:46.358	0.84681				2
2024.08.02	00:35:47.749	0.84682				2
2024.08.02	00:35:50.678	0.84681				2
2024.08.02	00:35:52.815	0.84680				2
2024.08.02	00:35:58.021	0.84685	0.84727			6
2024.08.02	00:36:00.894	0.84681				2
2024.08.02	00:36:01.207	0.84685				2
2024.08.02	00:36:01.958	0.84683				2
2024.08.02	00:36:02.260	0.84684				2
2024.08.02	00:36:04.898	0.84685				2
2024.08.02	00:36:07.302	0.84684				2
2024.08.02	00:36:07.904	0.84685				2
2024.08.02	00:36:10.245	0.84683				2
2024.08.02	00:36:10.881	0.84685				2
2024.08.02	00:36:14.459	0.84684				2
2024.08.02	00:36:25.629	0.84685				2
2024.08.02	00:36:32.276	0.84686				2
2024.08.02	00:36:34.107	0.84687				2
2024.08.02	00:36:34.442	0.84686				2
2024.08.02	00:36:34.777	0.84687				2
2024.08.02	00:36:35.842	0.84686				2
2024.08.02	00:36:38.967	0.84685				2
2024.08.02	00:36:39.283	0.84686				2
2024.08.02	00:36:40.215	0.84685				2
2024.08.02	00:36:41.253	0.84684				2
2024.08.02	00:36:43.475	0.84683				2
2024.08.02	00:36:54.415	0.84684				2
2024.08.02	00:36:54.968	0.84680				2
2024.08.02	00:36:55.346	0.84684				2
2024.08.02	00:36:58.052		0.84727			4
2024.08.02	00:37:00.559	0.84684				2
2024.08.02	00:37:09.078	0.84686				2
2024.08.02	00:37:09.382	0.84685				2
2024.08.02	00:37:19.106	0.84686				2
2024.08.02	00:37:19.613	0.84685				2
2024.08.02	00:37:21.101	0.84686				2
2024.08.02	00:37:25.053	0.84685				2
2024.08.02	00:37:30.064	0.84686				2
2024.08.02	00:37:30.799	0.84685				2
2024.08.02	00:37:31.299	0.84686				2
2024.08.02	00:37:31.603	0.84685				2
2024.08.02	00:37:31.953	0.84684				2
2024.08.02	00:37:32.266	0.84685				2
2024.08.02	00:37:33.106	0.84686				2
2024.08.02	00:37:40.731		0.84731			4
2024.08.02	00:37:44.491	0.84687				2
2024.08.02	00:37:44.799	0.84686				2
2024.08.02	00:37:45.823	0.84685				2
2024.08.02	00:37:47.613	0.84686				2
2024.08.02	00:37:51.966		0.84733			4
2024.08.02	00:37:53.863	0.84685	0.84732			6
2024.08.02	00:37:54.167	0.84686	0.84733			6
2024.08.02	00:37:59.253		0.84732			4
2024.08.02	00:37:59.562		0.84733			4
2024.08.02	00:38:00.110	0.84686				2
2024.08.02	00:38:10.022	0.84687				2
2024.08.02	00:38:10.353	0.84686				2
2024.08.02	00:38:14.893	0.84687				2
2024.08.02	00:38:15.250		0.84734			4
2024.08.02	00:38:16.057		0.84733			4
2024.08.02	00:38:16.362	0.84686				2
2024.08.02	00:38:21.728	0.84688	0.84725			6
2024.08.02	00:38:23.026	0.84685	0.84732			6
2024.08.02	00:38:50.944		0.84733			4
2024.08.02	00:38:58.566	0.84683	0.84731			6
2024.08.02	00:39:00.662	0.84685	0.84733			6
2024.08.02	00:39:12.975	0.84683	0.84731			6
2024.08.02	00:39:20.352	0.84685	0.84733			6
2024.08.02	00:39:21.744	0.84684	0.84732			6
2024.08.02	00:39:23.770	0.84685	0.84733			6
2024.08.02	00:39:28.113	0.84684	0.84732			6
2024.08.02	00:39:28.620	0.84683				2
2024.08.02	00:39:28.923	0.84684				2
2024.08.02	00:39:29.860	0.84685	0.84733			6
2024.08.02	00:39:30.409	0.84684	0.84732			6
2024.08.02	00:39:31.042	0.84683				2
2024.08.02	00:39:31.394		0.84731			4
2024.08.02	00:39:32.121	0.84684	0.84732			6
2024.08.02	00:39:38.277	0.84685	0.84733			6
2024.08.02	00:39:49.548	0.84683	0.84734			6
2024.08.02	00:39:50.543		0.84735			4
2024.08.02	00:39:50.862	0.84684	0.84734			6
2024.08.02	00:39:56.864	0.84683				2
2024.08.02	00:39:57.167	0.84684				2
2024.08.02	00:39:57.498	0.84686				2
2024.08.02	00:39:57.964	0.84681	0.84733			6
2024.08.02	00:40:00.474	0.84681				2
2024.08.02	00:40:00.791	0.84680				2
2024.08.02	00:40:01.208	0.84681				2
2024.08.02	00:40:05.210	0.84684	0.84734			6
2024.08.02	00:40:05.522		0.84733			4
2024.08.02	00:40:05.846	0.84683	0.84734			6
2024.08.02	00:40:09.829	0.84684				2
2024.08.02	00:40:26.427	0.84680	0.84733			6
2024.08.02	00:40:26.775		0.84734			4
2024.08.02	00:40:27.081		0.84733			4
2024.08.02	00:40:31.278	0.84679	0.84734			6
2024.08.02	00:40:34.553	0.84681	0.84735			6
2024.08.02	00:40:34.869	0.84678				2
2024.08.02	00:40:37.317	0.84677	0.84736			6
2024.08.02	00:40:37.653	0.84682	0.84731			6
2024.08.02	00:40:37.963	0.84674	0.84739			6
2024.08.02	00:40:38.465	0.84681				2
2024.08.02	00:40:38.900	0.84680	0.84740			6
2024.08.02	00:40:40.474		0.84738			4
2024.08.02	00:40:40.785		0.84739			4
2024.08.02	00:40:41.375	0.84682	0.84738			6
2024.08.02	00:40:41.681	0.84679	0.84740			6
2024.08.02	00:40:42.662	0.84675	0.84738			6
2024.08.02	00:40:42.965	0.84679	0.84739			6
2024.08.02	00:40:44.764	0.84674				2
2024.08.02	00:40:45.555	0.84681				2
2024.08.02	00:40:45.963	0.84675				2
2024.08.02	00:40:46.606	0.84683				2
2024.08.02	00:40:47.299	0.84682	0.84738			6
2024.08.02	00:40:47.614	0.84677	0.84739			6
2024.08.02	00:40:47.936	0.84679	0.84738			6
2024.08.02	00:40:48.257	0.84680	0.84737			6
2024.08.02	00:40:48.563	0.84681				2
2024.08.02	00:40:50.108	0.84682	0.84738			6
2024.08.02	00:40:50.437	0.84683	0.84737			6
2024.08.02	00:40:50.794	0.84682	0.84738			6
2024.08.02	00:40:51.103	0.84679				2
2024.08.02	00:40:51.431	0.84680	0.84739			6
2024.08.02	00:40:51.745	0.84682	0.84738			6
2024.08.02	00:40:53.984	0.84681				2
2024.08.02	00:40:55.890		0.84739			4
2024.08.02	00:40:56.341	0.84682	0.84737			6
2024.08.02	00:40:56.645	0.84680	0.84736			6
2024.08.02	00:40:57.363	0.84675	0.84738			6
2024.08.02	00:40:57.664	0.84680	0.84737			6
2024.08.02	00:41:04.354	0.84680				2
2024.08.02	00:41:07.583	0.84681				2
2024.08.02	00:41:11.035	0.84682	0.84736			6
2024.08.02	00:41:11.465	0.84680				2
2024.08.02	00:41:11.880	0.84681	0.84737			6
2024.08.02	00:41:15.413		0.84738			4
2024.08.02	00:41:15.720	0.84679	0.84736			6
2024.08.02	00:41:16.062	0.84678	0.84737			6
2024.08.02	00:41:16.573	0.84680				2
2024.08.02	00:41:17.076	0.84677				2
2024.08.02	00:41:17.691	0.84678	0.84738			6
2024.08.02	00:41:18.317	0.84676	0.84737			6
2024.08.02	00:41:18.621	0.84681	0.84738			6
2024.08.02	00:41:19.474	0.84680				2
2024.08.02	00:41:21.381	0.84679				2
2024.08.02	00:41:22.009	0.84680				2
2024.08.02	00:41:22.356	0.84681				2
2024.08.02	00:41:22.711	0.84680				2
2024.08.02	00:41:23.168	0.84679				2
2024.08.02	00:41:30.797	0.84678	0.84739			6
2024.08.02	00:41:31.267	0.84677	0.84738			6
2024.08.02	00:41:32.079	0.84680	0.84734			6
2024.08.02	00:41:32.763	0.84676	0.84738			6
2024.08.02	00:41:33.086	0.84677	0.84737			6
2024.08.02	00:41:34.608	0.84676	0.84738			6
2024.08.02	00:41:35.120	0.84678	0.84737			6
2024.08.02	00:41:35.421	0.84675	0.84736			6
2024.08.02	00:41:35.977	0.84677	0.84737			6
2024.08.02	00:41:36.419	0.84676				2
2024.08.02	00:41:39.756	0.84675	0.84738			6
2024.08.02	00:41:41.279	0.84672	0.84737			6
2024.08.02	00:41:46.880	0.84676	0.84738			6
2024.08.02	00:41:47.221		0.84737			4
2024.08.02	00:41:47.524	0.84672				2
2024.08.02	00:41:48.370	0.84677				2
2024.08.02	00:41:55.682		0.84738			4
2024.08.02	00:41:57.151	0.84673				2
2024.08.02	00:41:57.725	0.84675				2
2024.08.02	00:41:59.230	0.84674				2
2024.08.02	00:41:59.765	0.84677				2
2024.08.02	00:42:00.662	0.84677				2
2024.08.02	00:42:01.031	0.84676				2
2024.08.02	00:42:07.180	0.84672	0.84737			6
2024.08.02	00:42:08.929	0.84671	0.84738			6
2024.08.02	00:42:09.595	0.84677				2
2024.08.02	00:42:09.939	0.84679				2
2024.08.02	00:42:10.548	0.84673				2
2024.08.02	00:42:10.863	0.84674				2
2024.08.02	00:42:11.163	0.84677				2
2024.08.02	00:42:11.641	0.84675				2
2024.08.02	00:42:12.111	0.84673				2
2024.08.02	00:42:12.781	0.84675				2
2024.08.02	00:42:13.082	0.84677				2
2024.08.02	00:42:15.154	0.84673	0.84737			6
2024.08.02	00:42:15.517	0.84672	0.84738			6
2024.08.02	00:42:15.821	0.84677				2
2024.08.02	00:42:21.214	0.84678				2
2024.08.02	00:42:21.621	0.84677				2
2024.08.02	00:42:21.926	0.84674				2
2024.08.02	00:42:22.973	0.84675				2
2024.08.02	00:42:23.763	0.84673	0.84737			6
2024.08.02	00:42:24.196	0.84675	0.84738			6
2024.08.02	00:42:24.599	0.84678				2
2024.08.02	00:42:27.065		0.84737			4
2024.08.02	00:42:30.366	0.84677	0.84735			6
2024.08.02	00:42:30.679	0.84674	0.84737			6
2024.08.02	00:42:33.790	0.84676	0.84738			6
2024.08.02	00:42:37.291	0.84673	0.84739			6
2024.08.02	00:42:37.708	0.84676				2
2024.08.02	00:42:38.648		0.84738			4
2024.08.02	00:42:42.479	0.84673				2
2024.08.02	00:42:45.855	0.84675				2
2024.08.02	00:42:50.321	0.84676				2
2024.08.02	00:42:52.173	0.84673				2
2024.08.02	00:42:52.564	0.84676				2
2024.08.02	00:42:57.135	0.84675	0.84739			6
2024.08.02	00:42:57.477		0.84734			4
2024.08.02	00:42:59.132	0.84672	0.84737			6
2024.08.02	00:43:00.779	0.84672				2
2024.08.02	00:43:02.413	0.84673				2
2024.08.02	00:43:03.045	0.84672				2
2024.08.02	00:43:03.778	0.84674	0.84735			6
2024.08.02	00:43:04.781	0.84673	0.84736			6
2024.08.02	00:43:05.695	0.84672	0.84737			6
2024.08.02	00:43:08.169	0.84673				2
2024.08.02	00:43:09.708	0.84672				2
2024.08.02	00:43:10.201	0.84671				2
2024.08.02	00:43:13.792	0.84674	0.84733			6
2024.08.02	00:43:14.407		0.84734			4
2024.08.02	00:43:14.769	0.84672				2
2024.08.02	00:43:15.093	0.84673				2
2024.08.02	00:43:15.592		0.84735			4
2024.08.02	00:43:16.653	0.84675	0.84734			6
2024.08.02	00:43:16.970	0.84674				2
2024.08.02	00:43:18.941	0.84672				2
2024.08.02	00:43:20.025	0.84676	0.84736			6
2024.08.02	00:43:20.360	0.84675				2
2024.08.02	00:43:20.666	0.84669				2
2024.08.02	00:43:20.983	0.84674				2
2024.08.02	00:43:21.498	0.84676	0.84737			6
2024.08.02	00:43:21.802	0.84675	0.84733			6
2024.08.02	00:43:22.121	0.84679	0.84737			6
2024.08.02	00:43:22.427	0.84680	0.84735			6
2024.08.02	00:43:23.153	0.84679	0.84737			6
2024.08.02	00:43:23.531	0.84680	0.84736			6
2024.08.02	00:43:24.284		0.84735			4
2024.08.02	00:43:25.175	0.84677	0.84737			6
2024.08.02	00:43:25.517	0.84679				2
2024.08.02	00:43:25.822	0.84671	0.84732			6
2024.08.02	00:43:26.125	0.84670	0.84733			6
2024.08.02	00:43:27.251	0.84667	0.84736			6
2024.08.02	00:43:27.667	0.84666				2
2024.08.02	00:43:28.598	0.84672	0.84731			6
2024.08.02	00:43:30.889	0.84669				2
2024.08.02	00:43:32.168	0.84670	0.84729			6
2024.08.02	00:43:33.327	0.84673				2
2024.08.02	00:43:35.240	0.84672				2
2024.08.02	00:43:36.401	0.84671	0.84730			6
2024.08.02	00:43:36.915	0.84670	0.84731			6
2024.08.02	00:43:41.408		0.84732			4
2024.08.02	00:43:45.659	0.84671	0.84731			6
2024.08.02	00:43:48.062	0.84672				2
2024.08.02	00:43:48.393	0.84670				2
2024.08.02	00:43:49.615	0.84671				2
2024.08.02	00:43:56.003	0.84677	0.84730			6
2024.08.02	00:43:56.528	0.84680				2
2024.08.02	00:43:58.951	0.84679	0.84731			6
2024.08.02	00:43:59.481	0.84677				2
2024.08.02	00:43:59.802	0.84678	0.84730			6
2024.08.02	00:44:00.791	0.84678				2
2024.08.02	00:44:02.566	0.84679	0.84729			6
2024.08.02	00:44:08.832	0.84680				2
2024.08.02	00:44:09.364		0.84728			4
2024.08.02	00:44:10.472	0.84678	0.84731			6
2024.08.02	00:44:10.788	0.84676	0.84730			6
2024.08.02	00:44:11.102	0.84678				2
2024.08.02	00:44:11.422	0.84676				2
2024.08.02	00:44:12.041	0.84679				2
2024.08.02	00:44:12.670	0.84678	0.84729			6
2024.08.02	00:44:12.982	0.84680	0.84730			6
2024.08.02	00:44:13.284	0.84679	0.84731			6
2024.08.02	00:44:15.091		0.84730			4
2024.08.02	00:44:15.418		0.84731			4
2024.08.02	00:44:17.615	0.84680	0.84729			6
2024.08.02	00:44:17.922	0.84681	0.84730			6
2024.08.02	00:44:18.308	0.84673				2
2024.08.02	00:44:19.274	0.84679				2
2024.08.02	00:44:20.301	0.84682	0.84729			6
2024.08.02	00:44:21.374	0.84681				2
2024.08.02	00:44:21.963	0.84682	0.84730			6
2024.08.02	00:44:22.314	0.84681	0.84729			6
2024.08.02	00:44:22.638	0.84682	0.84730			6
2024.08.02	00:44:29.587	0.84683				2
2024.08.02	00:44:36.792		0.84731			4
2024.08.02	00:44:37.094		0.84730			4
2024.08.02	00:44:42.646		0.84731			4
2024.08.02	00:44:42.965	0.84682	0.84730			6
2024.08.02	00:44:44.065	0.84683				2
2024.08.02	00:44:45.148	0.84682	0.84729			6
2024.08.02	00:44:45.488	0.84683	0.84731			6
2024.08.02	00:44:46.147		0.84730			4
2024.08.02	00:44:46.460	0.84682	0.84731			6
2024.08.02	00:44:46.767		0.84730			4
2024.08.02	00:44:50.889	0.84683				2
2024.08.02	00:44:55.468		0.84731			4
2024.08.02	00:44:55.812		0.84730			4
2024.08.02	00:45:00.314	0.84683				2
2024.08.02	00:45:01.487	0.84685	0.84731			6
2024.08.02	00:45:02.680	0.84683	0.84730			6
2024.08.02	00:45:06.472	0.84695	0.84718			6
2024.08.02	00:45:15.065	0.84692				2
2024.08.02	00:45:15.404	0.84691				2
2024.08.02	00:45:20.454	0.84694	0.84717			6
2024.08.02	00:45:20.763	0.84693	0.84718			6
2024.08.02	00:45:21.594	0.84694	0.84717			6
2024.08.02	00:45:21.903		0.84718			4
2024.08.02	00:45:22.224		0.84717			4
2024.08.02	00:45:24.664	0.84692				2
2024.08.02	00:45:24.986	0.84693				2
2024.08.02	00:45:25.545		0.84718			4
2024.08.02	00:45:26.521	0.84694	0.84717			6
2024.08.02	00:45:37.398	0.84692				2
2024.08.02	00:45:37.701	0.84693				2
2024.08.02	00:45:38.006		0.84718			4
2024.08.02	00:45:38.467	0.84692				2
2024.08.02	00:45:38.779		0.84716			4
2024.08.02	00:45:39.082	0.84693	0.84717			6
2024.08.02	00:45:39.399	0.84691	0.84718			6
2024.08.02	00:45:39.749	0.84692	0.84717			6
2024.08.02	00:45:40.887	0.84693				2
2024.08.02	00:45:41.861	0.84692				2
2024.08.02	00:45:42.631	0.84691	0.84718			6
2024.08.02	00:45:43.138	0.84693	0.84717			6
2024.08.02	00:45:43.444	0.84694	0.84716			6
2024.08.02	00:45:44.012		0.84717			4
2024.08.02	00:45:44.764	0.84693				2
2024.08.02	00:45:48.440	0.84692	0.84718			6
2024.08.02	00:45:50.897	0.84690				2
2024.08.02	00:45:51.209	0.84692				2
2024.08.02	00:45:53.568		0.84719			4
2024.08.02	00:45:54.129		0.84718			4
2024.08.02	00:45:55.105	0.84694				2
2024.08.02	00:45:55.430	0.84693				2
2024.08.02	00:46:00.411	0.84692	0.84719			6
2024.08.02	00:46:00.721	0.84690				2
2024.08.02	00:46:02.308	0.84691	0.84720			6
2024.08.02	00:46:06.066		0.84719			4
2024.08.02	00:46:07.390	0.84690	0.84720			6
2024.08.02	00:46:07.701	0.84691	0.84719			6
2024.08.02	00:46:08.057	0.84690				2
2024.08.02	00:46:08.370		0.84720			4
2024.08.02	00:46:08.706	0.84691	0.84719			6
2024.08.02	00:46:09.364	0.84690	0.84720			6
2024.08.02	00:46:10.240		0.84719			4
2024.08.02	00:46:10.890		0.84720			4
2024.08.02	00:46:12.645	0.84691	0.84718			6
2024.08.02	00:46:12.963		0.84719			4
2024.08.02	00:46:13.281		0.84718			4
2024.08.02	00:46:13.583	0.84690	0.84720			6
2024.08.02	00:46:13.889	0.84692	0.84718			6
2024.08.02	00:46:15.691	0.84691	0.84719			6
2024.08.02	00:46:16.000	0.84689				2
2024.08.02	00:46:16.324	0.84691	0.84717			6
2024.08.02	00:46:18.835	0.84687	0.84720			6
2024.08.02	00:46:19.616	0.84690				2
2024.08.02	00:46:23.777		0.84719			4
2024.08.02	00:46:24.083		0.84718			4
2024.08.02	00:46:24.402	0.84689				2
2024.08.02	00:46:25.565	0.84688	0.84719			6
2024.08.02	00:46:25.882		0.84720			4
2024.08.02	00:46:26.182	0.84690	0.84717			6
2024.08.02	00:46:28.140	0.84689	0.84719			6
2024.08.02	00:46:31.237	0.84690	0.84718			6
2024.08.02	00:46:31.542	0.84689	0.84719			6
2024.08.02	00:46:34.297	0.84691				2
2024.08.02	00:46:36.599	0.84690	0.84720			6
2024.08.02	00:46:38.469		0.84719			4
2024.08.02	00:46:38.790	0.84691				2
2024.08.02	00:46:39.455	0.84689	0.84718			6
2024.08.02	00:46:40.260	0.84691	0.84720			6
2024.08.02	00:46:40.900		0.84721			4
2024.08.02	00:46:41.202		0.84720			4
2024.08.02	00:46:44.684	0.84690				2
2024.08.02	00:46:45.801	0.84691	0.84719			6
2024.08.02	00:46:46.710	0.84690	0.84721			6
2024.08.02	00:46:47.022		0.84720			4
2024.08.02	00:46:47.333	0.84688				2
2024.08.02	00:46:48.741	0.84689				2
2024.08.02	00:46:49.327	0.84690	0.84719			6
2024.08.02	00:46:52.567	0.84689				2
2024.08.02	00:46:52.884	0.84688				2
2024.08.02	00:46:58.644	0.84687	0.84720			6
2024.08.02	00:47:01.312	0.84697	0.84724			6
2024.08.02	00:47:01.620	0.84696	0.84723			6
2024.08.02	00:47:02.651	0.84687	0.84720			6
2024.08.02	00:47:05.806	0.84686	0.84721			6
2024.08.02	00:47:07.648	0.84687	0.84720			6
2024.08.02	00:47:16.468	0.84688	0.84721			6
2024.08.02	00:47:20.490	0.84687	0.84720			6
2024.08.02	00:47:22.920	0.84686	0.84721			6
2024.08.02	00:47:23.235	0.84685	0.84722			6
2024.08.02	00:47:27.065	0.84686	0.84721			6
2024.08.02	00:47:27.940	0.84685	0.84722			6
2024.08.02	00:47:28.654	0.84686				2
2024.08.02	00:47:30.286	0.84684	0.84724			6
2024.08.02	00:47:31.677	0.84685				2
2024.08.02	00:47:33.542	0.84686	0.84725			6
2024.08.02	00:47:33.846	0.84689	0.84721			6
2024.08.02	00:47:34.161	0.84690				2
2024.08.02	00:47:34.627	0.84689				2
2024.08.02	00:47:35.277	0.84690	0.84720			6
2024.08.02	00:47:35.604	0.84686	0.84725			6
2024.08.02	00:47:37.356	0.84688	0.84722			6
2024.08.02	00:47:37.663	0.84686	0.84725			6
2024.08.02	00:47:40.608	0.84685	0.84727			6
2024.08.02	00:47:41.679	0.84686	0.84726			6
2024.08.02	00:47:44.537	0.84685	0.84727			6
2024.08.02	00:47:51.992	0.84686	0.84726			6
2024.08.02	00:47:59.364	0.84685	0.84727			6
2024.08.02	00:47:59.763	0.84686				2
2024.08.02	00:48:00.368	0.84686				2
2024.08.02	00:48:00.893	0.84685	0.84728			6
2024.08.02	00:48:01.204	0.84687	0.84726			6
2024.08.02	00:48:07.340	0.84686	0.84727			6
2024.08.02	00:48:27.029	0.84684	0.84729			6
2024.08.02	00:48:31.702	0.84686	0.84726			6
2024.08.02	00:48:32.005	0.84688				2
2024.08.02	00:48:32.401	0.84683	0.84729			6
2024.08.02	00:48:32.703		0.84727			4
2024.08.02	00:48:33.006	0.84685	0.84726			6
2024.08.02	00:48:37.566		0.84725			4
2024.08.02	00:48:42.819	0.84683	0.84728			6
2024.08.02	00:48:44.544	0.84685	0.84725			6
2024.08.02	00:48:47.127	0.84686				2
2024.08.02	00:48:47.465	0.84687				2
2024.08.02	00:48:57.850	0.84689				2
2024.08.02	00:48:58.163	0.84688	0.84726			6
2024.08.02	00:49:00.422	0.84685	0.84728			6
2024.08.02	00:49:00.742	0.84688	0.84726			6
2024.08.02	00:49:01.311	0.84686	0.84728			6
2024.08.02	00:49:22.847	0.84685	0.84727			6
2024.08.02	00:49:23.164	0.84684	0.84728			6
2024.08.02	00:49:23.538	0.84685	0.84727			6
2024.08.02	00:49:26.414	0.84684	0.84728			6
2024.08.02	00:49:31.753	0.84681				2
2024.08.02	00:49:32.109	0.84682				2
2024.08.02	00:49:33.858		0.84727			4
2024.08.02	00:49:34.205	0.84683	0.84726			6
2024.08.02	00:49:34.568	0.84682	0.84727			6
2024.08.02	00:49:36.155	0.84689	0.84725			6
2024.08.02	00:49:36.463	0.84681	0.84727			6
2024.08.02	00:49:37.130	0.84680				2
2024.08.02	00:49:37.485	0.84682				2
2024.08.02	00:49:37.866	0.84680				2
2024.08.02	00:49:39.489	0.84689	0.84725			6
2024.08.02	00:49:39.992	0.84686	0.84727			6
2024.08.02	00:49:40.304		0.84728			4
2024.08.02	00:49:40.889		0.84727			4
2024.08.02	00:49:42.095	0.84690	0.84731			6
2024.08.02	00:49:42.835		0.84730			4
2024.08.02	00:49:47.652	0.84687				2
2024.08.02	00:49:47.964	0.84688				2
2024.08.02	00:49:56.839	0.84689	0.84729			6
2024.08.02	00:49:57.366	0.84690				2
2024.08.02	00:49:58.865	0.84691				2
2024.08.02	00:50:00.523	0.84692	0.84728			6
2024.08.02	00:50:03.510		0.84729			4
2024.08.02	00:50:03.964	0.84693				2
2024.08.02	00:50:04.754	0.84692	0.84728			6
2024.08.02	00:50:07.021	0.84698	0.84732			6
2024.08.02	00:50:07.568	0.84699	0.84731			6
2024.08.02	00:50:08.561	0.84697	0.84729			6
2024.08.02	00:50:09.173	0.84699	0.84728			6
2024.08.02	00:50:09.482	0.84697	0.84730			6
2024.08.02	00:50:10.316	0.84698				2
2024.08.02	00:50:10.622	0.84700	0.84729			6
2024.08.02	00:50:10.939	0.84698				2
2024.08.02	00:50:13.722	0.84700				2
2024.08.02	00:50:14.284	0.84701	0.84730			6
2024.08.02	00:50:14.735	0.84700				2
2024.08.02	00:50:15.042	0.84698				2
2024.08.02	00:50:15.683	0.84700	0.84728			6
2024.08.02	00:50:16.001	0.84699	0.84729			6
2024.08.02	00:50:16.324	0.84700	0.84728			6
2024.08.02	00:50:16.812	0.84698	0.84730			6
2024.08.02	00:50:17.122	0.84699	0.84729			6
2024.08.02	00:50:17.637	0.84698	0.84730			6
2024.08.02	00:50:19.215	0.84701	0.84727			6
2024.08.02	00:50:19.824	0.84700	0.84729			6
2024.08.02	00:50:20.820	0.84699				2
2024.08.02	00:50:21.340	0.84702				2
2024.08.02	00:50:21.644	0.84700	0.84730			6
2024.08.02	00:50:22.339	0.84699	0.84731			6
2024.08.02	00:50:27.664	0.84700	0.84730			6
2024.08.02	00:50:30.140	0.84698	0.84731			6
2024.08.02	00:50:30.442	0.84701	0.84730			6
2024.08.02	00:50:30.778	0.84699	0.84731			6
2024.08.02	00:50:31.152		0.84732			4
2024.08.02	00:50:35.555	0.84700	0.84730			6
2024.08.02	00:50:35.861	0.84699	0.84731			6
2024.08.02	00:50:38.336	0.84700	0.84730			6
2024.08.02	00:50:38.647	0.84699	0.84732			6
2024.08.02	00:50:39.293	0.84702	0.84728			6
2024.08.02	00:50:40.408	0.84700	0.84731			6
2024.08.02	00:50:42.342		0.84729			4
2024.08.02	00:50:42.981	0.84701				2
2024.08.02	00:50:43.288	0.84699	0.84730			6
2024.08.02	00:50:43.646	0.84698	0.84732			6
2024.08.02	00:50:44.067	0.84699	0.84731			6
2024.08.02	00:50:44.400	0.84701	0.84730			6
2024.08.02	00:50:45.018	0.84700				2
2024.08.02	00:50:48.079	0.84699				2
2024.08.02	00:50:49.904	0.84701	0.84729			6
2024.08.02	00:50:50.537		0.84728			4
2024.08.02	00:50:50.912	0.84699	0.84729			6
2024.08.02	00:50:51.277	0.84700	0.84728			6
2024.08.02	00:50:51.601	0.84701	0.84729			6
2024.08.02	00:50:53.147		0.84728			4
2024.08.02	00:50:53.466		0.84729			4
2024.08.02	00:50:58.200		0.84730			4
2024.08.02	00:50:58.508	0.84700	0.84731			6
2024.08.02	00:51:01.985	0.84701	0.84730			6
2024.08.02	00:51:03.747		0.84732			4
2024.08.02	00:51:04.062		0.84730			4
2024.08.02	00:51:04.397		0.84731			4
2024.08.02	00:51:04.960	0.84699	0.84732			6
2024.08.02	00:51:05.264	0.84701	0.84730			6
2024.08.02	00:51:08.007	0.84700	0.84729			6
2024.08.02	00:51:08.322	0.84701				2
2024.08.02	00:51:08.641		0.84730			4
2024.08.02	00:51:11.995	0.84699	0.84731			6
2024.08.02	00:51:12.302	0.84701	0.84727			6
2024.08.02	00:51:12.607		0.84728			4
2024.08.02	00:51:13.075	0.84702				2
2024.08.02	00:51:13.387	0.84703	0.84725			6
2024.08.02	00:51:13.703		0.84728			4
2024.08.02	00:51:14.076	0.84702				2
2024.08.02	00:51:15.689	0.84701	0.84730			6
2024.08.02	00:51:21.410	0.84700	0.84731			6
2024.08.02	00:51:24.408	0.84701	0.84730			6
2024.08.02	00:51:26.700	0.84700	0.84729			6
2024.08.02	00:51:27.004	0.84702	0.84728			6
2024.08.02	00:51:27.336	0.84703				2
2024.08.02	00:51:29.167	0.84702	0.84729			6
2024.08.02	00:51:29.672	0.84701	0.84730			6
2024.08.02	00:51:32.642		0.84729			4
2024.08.02	00:51:34.412	0.84702				2
2024.08.02	00:51:34.833		0.84730			4
2024.08.02	00:51:35.352	0.84703	0.84729			6
2024.08.02	00:51:36.943	0.84705	0.84727			6
2024.08.02	00:51:37.417	0.84704	0.84728			6
2024.08.02	00:51:37.748	0.84703				2
2024.08.02	00:51:38.096	0.84704				2
2024.08.02	00:51:38.611	0.84703	0.84729			6
2024.08.02	00:51:39.100	0.84698	0.84730			6
2024.08.02	00:51:39.481	0.84702	0.84728			6
2024.08.02	00:51:40.355	0.84701	0.84727			6
2024.08.02	00:51:41.006	0.84700	0.84729			6
2024.08.02	00:51:41.320	0.84702	0.84728			6
2024.08.02	00:51:41.621	0.84700	0.84730			6
2024.08.02	00:51:42.058	0.84701				2
2024.08.02	00:51:42.403	0.84702	0.84729			6
2024.08.02	00:51:43.415	0.84701	0.84728			6
2024.08.02	00:51:44.222		0.84727			4
2024.08.02	00:51:44.886	0.84700				2
2024.08.02	00:51:45.189	0.84699				2
2024.08.02	00:51:46.879	0.84701	0.84725			6
2024.08.02	00:51:47.298	0.84692	0.84735			6
2024.08.02	00:51:47.604	0.84700	0.84725			6
2024.08.02	00:51:50.333	0.84701	0.84724			6
2024.08.02	00:51:53.167	0.84700				2
2024.08.02	00:51:54.665	0.84701				2
2024.08.02	00:51:57.964	0.84702	0.84723			6
2024.08.02	00:52:05.342	0.84701	0.84724			6
2024.08.02	00:52:25.285	0.84702	0.84723			6
2024.08.02	00:52:31.867	0.84703				2
2024.08.02	00:52:33.268	0.84701	0.84724			6
2024.08.02	00:52:47.754	0.84702				2
2024.08.02	00:53:00.388	0.84702	0.84723			6
2024.08.02	00:53:00.715	0.84701	0.84724			6
2024.08.02	00:53:07.668	0.84703	0.84723			6
2024.08.02	00:53:11.292	0.84702				2
2024.08.02	00:53:14.889	0.84703				2
2024.08.02	00:53:18.156	0.84705	0.84722			6
2024.08.02	00:53:24.837	0.84704	0.84723			6
2024.08.02	00:53:27.964	0.84705				2
2024.08.02	00:53:31.898	0.84702	0.84727			6
2024.08.02	00:53:37.256	0.84703				2
2024.08.02	00:53:37.938	0.84704				2
2024.08.02	00:53:42.018	0.84705	0.84726			6
2024.08.02	00:53:45.341	0.84702				2
2024.08.02	00:53:51.067	0.84703	0.84725			6
2024.08.02	00:53:53.616	0.84702	0.84727			6
2024.08.02	00:53:54.065	0.84700				2
2024.08.02	00:53:54.445	0.84702				2
2024.08.02	00:53:55.647	0.84700	0.84724			6
2024.08.02	00:53:59.198	0.84699	0.84725			6
2024.08.02	00:54:01.453	0.84699				2
2024.08.02	00:54:08.258	0.84701				2
2024.08.02	00:54:08.825	0.84700	0.84726			6
2024.08.02	00:54:14.336	0.84699				2
2024.08.02	00:54:16.728	0.84700				2
2024.08.02	00:54:24.108	0.84699	0.84727			6
2024.08.02	00:54:29.338	0.84703	0.84725			6
2024.08.02	00:54:29.722	0.84701	0.84726			6
2024.08.02	00:54:31.616	0.84702	0.84727			6
2024.08.02	00:54:32.057		0.84726			4
2024.08.02	00:54:33.545		0.84727			4
2024.08.02	00:54:34.615	0.84698	0.84728			6
2024.08.02	00:54:37.731	0.84699	0.84727			6
2024.08.02	00:54:46.650	0.84698	0.84728			6
2024.08.02	00:54:49.229	0.84699	0.84727			6
2024.08.02	00:54:50.689	0.84704	0.84725			6
2024.08.02	00:54:52.607	0.84703				2
2024.08.02	00:54:56.815	0.84706	0.84726			6
2024.08.02	00:54:57.901	0.84707	0.84725			6
2024.08.02	00:55:00.666	0.84707				2
2024.08.02	00:55:02.985	0.84705				2
2024.08.02	00:55:05.321	0.84706				2
2024.08.02	00:55:05.991	0.84707	0.84724			6
2024.08.02	00:55:06.394	0.84706	0.84725			6
2024.08.02	00:55:08.948	0.84707				2
2024.08.02	00:55:13.830	0.84711	0.84728			6
2024.08.02	00:55:19.651	0.84712	0.84729			6
2024.08.02	00:55:35.706	0.84716	0.84735			6
2024.08.02	00:55:36.191	0.84717				2
2024.08.02	00:55:37.186		0.84734			4
2024.08.02	00:55:41.752	0.84718	0.84735			6
2024.08.02	00:55:42.271	0.84719	0.84736			6
2024.08.02	00:56:00.521	0.84719				2
2024.08.02	00:56:05.335	0.84718	0.84737			6
2024.08.02	00:56:32.465	0.84719	0.84736			6
2024.08.02	00:57:01.564	0.84719				2
2024.08.02	00:57:02.796	0.84717	0.84733			6
2024.08.02	00:57:04.344	0.84716	0.84732			6
2024.08.02	00:57:23.893	0.84719	0.84735			6
2024.08.02	00:57:25.359	0.84718	0.84734			6
2024.08.02	00:57:26.166	0.84719	0.84735			6
2024.08.02	00:57:27.908	0.84720				2
2024.08.02	00:58:00.323	0.84720				2
2024.08.02	00:58:09.894	0.84709	0.84733			6
2024.08.02	00:58:11.188	0.84705				2
2024.08.02	00:58:11.506	0.84706	0.84732			6
2024.08.02	00:58:17.549	0.84705				2
2024.08.02	00:58:19.610	0.84704				2
2024.08.02	00:58:22.350		0.84731			4
2024.08.02	00:58:24.420	0.84702	0.84730			6
2024.08.02	00:58:24.746		0.84729			4
2024.08.02	00:58:27.215	0.84700				2
2024.08.02	00:58:29.471	0.84698	0.84728			6
2024.08.02	00:58:29.772	0.84697				2
2024.08.02	00:58:41.465	0.84698	0.84727			6
2024.08.02	00:58:48.427	0.84696	0.84729			6
2024.08.02	00:58:50.838	0.84699	0.84728			6
2024.08.02	00:58:52.898	0.84698	0.84727			6
2024.08.02	00:58:55.507	0.84699				2
2024.08.02	00:58:57.940	0.84698				2
2024.08.02	00:59:00.976	0.84698				2
2024.08.02	00:59:05.813	0.84697				2
2024.08.02	00:59:08.227		0.84728			4
2024.08.02	00:59:14.221	0.84701				2
2024.08.02	00:59:18.064		0.84729			4
2024.08.02	00:59:26.669	0.84702	0.84728			6
2024.08.02	00:59:29.672	0.84701	0.84729			6
2024.08.02	00:59:33.301	0.84702	0.84728			6
2024.08.02	00:59:36.747		0.84727			4
2024.08.02	00:59:37.075		0.84728			4
2024.08.02	01:00:00.317	0.84704				2
2024.08.02	01:00:00.624	0.84701	0.84729			6
2024.08.02	01:00:01.288	0.84704	0.84728			6
2024.08.02	01:00:01.659	0.84715	0.84732			6
2024.08.02	01:00:02.403		0.84729			4
2024.08.02	01:00:02.954	0.84703	0.84728			6
2024.08.02	01:00:03.695	0.84709	0.84731			6
2024.08.02	01:00:04.000		0.84732			4
2024.08.02	01:00:04.389	0.84710	0.84733			6
2024.08.02	01:00:05.124	0.84709				2
2024.08.02	01:00:05.453	0.84710	0.84731			6
2024.08.02	01:00:05.761	0.84709				2
2024.08.02	01:00:06.104	0.84711	0.84730			6
2024.08.02	01:00:07.200		0.84731			4
2024.08.02	01:00:08.528	0.84710	0.84730			6
2024.08.02	01:00:08.943	0.84712	0.84729			6
2024.08.02	01:00:09.974	0.84708	0.84734			6
2024.08.02	01:00:10.311	0.84721	0.84738			6
2024.08.02	01:00:10.623	0.84718	0.84739			6
2024.08.02	01:00:11.268	0.84721				2
2024.08.02	01:00:11.837	0.84718				2
2024.08.02	01:00:13.393		0.84740			4
2024.08.02	01:00:13.715	0.84717				2
2024.08.02	01:00:15.374	0.84721	0.84739			6
2024.08.02	01:00:16.004	0.84717	0.84738			6
2024.08.02	01:00:16.855	0.84718				2
2024.08.02	01:00:17.782	0.84716				2
2024.08.02	01:00:18.109	0.84717	0.84737			6
2024.08.02	01:00:19.403	0.84718				2
2024.08.02	01:00:20.733	0.84719				2
2024.08.02	01:00:22.354	0.84718	0.84738			6
2024.08.02	01:00:24.062	0.84720				2
2024.08.02	01:00:24.664	0.84721				2
2024.08.02	01:00:25.006	0.84722				2
2024.08.02	01:00:29.525		0.84737			4
2024.08.02	01:00:31.023	0.84721				2
2024.08.02	01:00:33.332	0.84722				2
2024.08.02	01:00:34.353	0.84723	0.84736			6
2024.08.02	01:00:35.454	0.84721	0.84740			6
2024.08.02	01:00:35.768	0.84724	0.84739			6
2024.08.02	01:00:36.821	0.84722				2
2024.08.02	01:00:37.195	0.84720				2
2024.08.02	01:00:37.503	0.84722	0.84741			6
2024.08.02	01:00:37.822	0.84726	0.84742			6
2024.08.02	01:00:38.185	0.84723				2
2024.08.02	01:00:38.506	0.84727				2
2024.08.02	01:00:38.823	0.84722				2
2024.08.02	01:00:39.310	0.84723				2
2024.08.02	01:00:39.634	0.84722				2
2024.08.02	01:00:40.076		0.84736			4
2024.08.02	01:00:40.599	0.84726				2
2024.08.02	01:00:41.674	0.84728				2
2024.08.02	01:00:44.566	0.84726				2
2024.08.02	01:00:44.924	0.84724				2
2024.08.02	01:00:45.270	0.84727	0.84738			6
2024.08.02	01:00:46.352	0.84728				2
2024.08.02	01:00:48.001	0.84735	0.84745			6
2024.08.02	01:00:48.303	0.84731	0.84732			6
2024.08.02	01:00:48.624	0.84730	0.84734			6
2024.08.02	01:00:51.501	0.84731				2
2024.08.02	01:00:52.276	0.84727	0.84732			6
2024.08.02	01:00:59.436		0.84731			4
2024.08.02	01:01:00.310	0.84725	0.84729			6
2024.08.02	01:01:00.625	0.84727	0.84732			6
2024.08.02	01:01:03.501		0.84731			4
2024.08.02	01:01:07.670	0.84723	0.84727			6
2024.08.02	01:01:08.494	0.84724				2
2024.08.02	01:01:10.497		0.84728			4
2024.08.02	01:01:11.826	0.84729	0.84735			6
2024.08.02	01:01:14.127	0.84731				2
2024.08.02	01:01:16.319	0.84732				2
2024.08.02	01:01:17.836	0.84731				2
2024.08.02	01:01:24.966	0.84732				2
2024.08.02	01:01:27.365	0.84731				2
2024.08.02	01:01:37.655	0.84730				2
2024.08.02	01:01:42.995	0.84734	0.84739			6
2024.08.02	01:01:43.303	0.84736	0.84742			6
2024.08.02	01:01:43.708	0.84737				2
2024.08.02	01:01:45.692	0.84730	0.84732			6
2024.08.02	01:01:46.033	0.84729				2
2024.08.02	01:01:50.522	0.84730	0.84734			6
2024.08.02	01:01:51.011		0.84733			4
2024.08.02	01:01:52.565	0.84729				2
2024.08.02	01:01:58.565	0.84728				2
2024.08.02	01:02:00.274	0.84730				2
2024.08.02	01:02:00.579	0.84729				2
2024.08.02	01:02:04.654	0.84731	0.84735			6
2024.08.02	01:02:05.341	0.84732				2
2024.08.02	01:02:13.648	0.84737	0.84738			6
2024.08.02	01:02:14.867	0.84735	0.84736			6
2024.08.02	01:02:15.323	0.84733				2
2024.08.02	01:02:29.099	0.84737	0.84738			6
2024.08.02	01:02:30.374	0.84738	0.84741			6
2024.08.02	01:02:31.616		0.84740			4
2024.08.02	01:02:34.986	0.84739	0.84745			6
2024.08.02	01:02:35.297	0.84740				2
2024.08.02	01:02:36.178		0.84744			4
2024.08.02	01:02:39.091		0.84745			4
2024.08.02	01:02:48.301		0.84743			4
2024.08.02	01:02:49.318	0.84739				2
2024.08.02	01:02:50.517		0.84744			4
2024.08.02	01:02:53.478	0.84738	0.84745			6
2024.08.02	01:02:53.781	0.84740	0.84746			6
2024.08.02	01:02:54.111	0.84738				2
2024.08.02	01:02:54.717	0.84740	0.84745			6
2024.08.02	01:02:55.160		0.84744			4
2024.08.02	01:02:57.489	0.84741				2
2024.08.02	01:03:00.362	0.84735	0.84739			6
2024.08.02	01:03:00.982		0.84738			4
2024.08.02	01:03:01.371		0.84737			4
2024.08.02	01:03:01.708	0.84734				2
2024.08.02	01:03:02.165	0.84733				2
2024.08.02	01:03:03.161	0.84732				2
2024.08.02	01:03:05.497		0.84736			4
2024.08.02	01:03:06.497		0.84737			4
2024.08.02	01:03:06.803	0.84733				2
2024.08.02	01:03:07.322		0.84736			4
2024.08.02	01:03:21.320	0.84734				2
2024.08.02	01:03:21.665	0.84735				2
2024.08.02	01:03:27.504		0.84737			4
2024.08.02	01:03:29.724		0.84738			4
2024.08.02	01:03:42.752		0.84737			4
2024.08.02	01:03:46.468		0.84741			4
2024.08.02	01:03:47.218		0.84738			4
2024.08.02	01:03:56.377		0.84737			4
2024.08.02	01:04:00.919	0.84735				2
2024.08.02	01:04:02.323		0.84739			4
2024.08.02	01:04:04.842		0.84737			4
2024.08.02	01:04:10.565		0.84741			4
2024.08.02	01:04:11.476		0.84737			4
2024.08.02	01:04:12.306		0.84736			4
2024.08.02	01:04:12.684		0.84737			4
2024.08.02	01:04:13.019	0.84736				2
2024.08.02	01:04:16.559	0.84737	0.84739			6
2024.08.02	01:04:17.125	0.84738				2
2024.08.02	01:04:29.317		0.84740			4
2024.08.02	01:04:36.733		0.84739			4
2024.08.02	01:04:39.921	0.84742	0.84744			6
2024.08.02	01:05:00.402	0.84742	0.84743			6
2024.08.02	01:05:01.391	0.84743	0.84744			6
2024.08.02	01:05:01.703	0.84742	0.84743			6
2024.08.02	01:05:10.890	0.84741	0.84742			6
2024.08.02	01:05:21.624	0.84742	0.84743			6
2024.08.02	01:05:26.388	0.84743	0.84744			6
2024.08.02	01:05:50.677	0.84744	0.84745			6
2024.08.02	01:06:00.368	0.84744				2
2024.08.02	01:06:08.717	0.84743	0.84744			6
2024.08.02	01:06:09.056	0.84742	0.84743			6
2024.08.02	01:06:33.830	0.84743	0.84745			6
2024.08.02	01:06:34.381		0.84746			4
2024.08.02	01:06:47.298	0.84742				2
2024.08.02	01:06:51.067		0.84747			4
2024.08.02	01:06:53.633	0.84743				2
2024.08.02	01:06:54.816	0.84742				2
2024.08.02	01:07:00.433	0.84742				2
2024.08.02	01:07:21.746		0.84746			4
2024.08.02	01:07:22.419		0.84745			4
2024.08.02	01:07:25.216	0.84743	0.84747			6
2024.08.02	01:07:27.430	0.84744	0.84748			6
2024.08.02	01:07:34.778	0.84745				2
2024.08.02	01:07:35.724		0.84749			4
2024.08.02	01:07:36.026	0.84746				2
2024.08.02	01:07:36.423		0.84750			4
2024.08.02	01:07:36.729	0.84747				2
2024.08.02	01:07:37.043	0.84744	0.84747			6
2024.08.02	01:07:38.660	0.84745				2
2024.08.02	01:07:39.598	0.84744				2
2024.08.02	01:07:41.266		0.84746			4
2024.08.02	01:07:43.424		0.84747			4
2024.08.02	01:07:43.729	0.84746	0.84749			6
2024.08.02	01:07:44.107	0.84744	0.84748			6
2024.08.02	01:07:44.423	0.84743	0.84746			6
2024.08.02	01:07:44.766		0.84747			4
2024.08.02	01:07:50.473	0.84744				2
2024.08.02	01:07:50.835	0.84743				2
2024.08.02	01:07:56.885	0.84742	0.84746			6
2024.08.02	01:08:01.851	0.84742				2
2024.08.02	01:08:02.347	0.84743				2
2024.08.02	01:08:02.666	0.84744				2
2024.08.02	01:08:03.259	0.84743	0.84747			6
2024.08.02	01:08:07.860	0.84742				2
2024.08.02	01:08:08.882	0.84743				2
2024.08.02	01:08:12.173	0.84742	0.84746			6
2024.08.02	01:08:15.964		0.84747			4
2024.08.02	01:08:24.351	0.84743				2
2024.08.02	01:08:27.883	0.84742				2
2024.08.02	01:08:31.027	0.84743				2
2024.08.02	01:08:35.176		0.84746			4
2024.08.02	01:08:36.126	0.84742				2
2024.08.02	01:08:37.898	0.84744				2
2024.08.02	01:08:41.764		0.84747			4
2024.08.02	01:08:53.053	0.84745				2
2024.08.02	01:08:53.363	0.84744				2
2024.08.02	01:08:53.996	0.84745				2
2024.08.02	01:08:54.759	0.84744				2
2024.08.02	01:08:56.024	0.84743				2
2024.08.02	01:08:56.359	0.84744				2
2024.08.02	01:09:00.892	0.84743				2
2024.08.02	01:09:04.002	0.84744				2
2024.08.02	01:09:10.032	0.84743	0.84745			6
2024.08.02	01:09:14.395	0.84742				2
2024.08.02	01:09:16.959	0.84741				2
2024.08.02	01:09:31.564		0.84744			4
2024.08.02	01:09:41.962	0.84742				2
2024.08.02	01:09:51.383	0.84745	0.84749			6
2024.08.02	01:09:51.703	0.84744				2
2024.08.02	01:09:57.366		0.84750			4
2024.08.02	01:10:00.317	0.84744				2
2024.08.02	01:10:01.393		0.84749			4
2024.08.02	01:10:06.425	0.84743	0.84748			6
2024.08.02	01:10:30.601	0.84742	0.84744			6
2024.08.02	01:10:34.977		0.84745			4
2024.08.02	01:10:37.266	0.84743				2
2024.08.02	01:10:53.221	0.84744	0.84747			6
2024.08.02	01:10:54.766	0.84745	0.84748			6
2024.08.02	01:10:55.348	0.84744				2
2024.08.02	01:10:56.166		0.84747			4
2024.08.02	01:11:00.763	0.84744				2
2024.08.02	01:11:05.517	0.84743	0.84745			6
2024.08.02	01:11:06.658	0.84742				2
2024.08.02	01:11:22.268	0.84741	0.84744			6
2024.08.02	01:11:24.225	0.84742	0.84745			6
2024.08.02	01:11:30.081	0.84744	0.84747			6
2024.08.02	01:11:30.382	0.84746	0.84749			6
2024.08.02	01:11:54.969	0.84748	0.84751			6
2024.08.02	01:11:56.358		0.84750			4
2024.08.02	01:12:00.898	0.84748				2
2024.08.02	01:12:01.778	0.84747				2
2024.08.02	01:12:07.889	0.84748	0.84751			6
2024.08.02	01:12:23.404	0.84746	0.84749			6
2024.08.02	01:12:24.017	0.84745	0.84748			6
2024.08.02	01:12:25.072	0.84746	0.84749			6
2024.08.02	01:12:57.144	0.84747	0.84750			6
2024.08.02	01:12:58.897	0.84746	0.84749			6
2024.08.02	01:13:00.923	0.84747	0.84750			6
2024.08.02	01:13:01.941	0.84746	0.84749			6
2024.08.02	01:13:06.851	0.84748	0.84751			6
2024.08.02	01:13:07.908	0.84747	0.84750			6
2024.08.02	01:13:14.220	0.84748	0.84749			6
2024.08.02	01:13:19.004	0.84747				2
2024.08.02	01:13:19.931	0.84748				2
2024.08.02	01:13:20.775	0.84752	0.84754			6
2024.08.02	01:13:21.082	0.84750	0.84753			6
2024.08.02	01:13:21.604		0.84752			4
2024.08.02	01:13:24.370	0.84749				2
2024.08.02	01:13:32.788		0.84751			4
2024.08.02	01:13:33.620	0.84748				2
2024.08.02	01:13:37.276	0.84749				2
2024.08.02	01:13:38.435	0.84748				2
2024.08.02	01:13:44.893	0.84749	0.84752			6
2024.08.02	01:13:45.587	0.84748	0.84751			6
2024.08.02	01:13:46.813	0.84749	0.84752			6
2024.08.02	01:13:48.554	0.84748	0.84751			6
2024.08.02	01:13:49.427	0.84749	0.84752			6
2024.08.02	01:13:50.446		0.84751			4
2024.08.02	01:13:51.851		0.84752			4
2024.08.02	01:13:53.601	0.84748	0.84751			6
2024.08.02	01:13:55.193	0.84749	0.84752			6
2024.08.02	01:14:00.471	0.84749				2
2024.08.02	01:14:02.171	0.84750				2
2024.08.02	01:14:03.066	0.84749				2
2024.08.02	01:14:04.063		0.84751			4
2024.08.02	01:14:04.600		0.84752			4
2024.08.02	01:14:05.664		0.84750			4
2024.08.02	01:14:07.580	0.84748				2
2024.08.02	01:14:11.626	0.84749				2
2024.08.02	01:14:16.348	0.84750	0.84751			6
2024.08.02	01:14:17.065		0.84752			4
2024.08.02	01:14:19.595	0.84751				2
2024.08.02	01:14:20.388	0.84750				2
2024.08.02	01:14:24.206		0.84751			4
2024.08.02	01:14:25.064		0.84752			4
2024.08.02	01:14:25.693		0.84751			4
2024.08.02	01:14:26.107	0.84749				2
2024.08.02	01:14:26.424	0.84748				2
2024.08.02	01:14:27.988	0.84749				2
2024.08.02	01:14:28.306		0.84752			4
2024.08.02	01:14:28.624	0.84748	0.84751			6
2024.08.02	01:14:31.178	0.84747	0.84750			6
2024.08.02	01:14:35.113	0.84749	0.84751			6
2024.08.02	01:14:35.463	0.84748				2
2024.08.02	01:14:38.414	0.84749	0.84752			6
2024.08.02	01:14:38.720		0.84751			4
2024.08.02	01:14:39.426		0.84752			4
2024.08.02	01:14:40.113	0.84751	0.84753			6
2024.08.02	01:14:40.567		0.84754			4
2024.08.02	01:14:54.703		0.84752			4
2024.08.02	01:15:00.083	0.84750				2
2024.08.02	01:15:00.866	0.84749				2
2024.08.02	01:15:01.225	0.84750				2
2024.08.02	01:15:07.640	0.84751	0.84754			6
2024.08.02	01:15:08.313		0.84753			4
2024.08.02	01:15:08.670	0.84752				2
2024.08.02	01:15:09.534		0.84754			4
2024.08.02	01:15:09.894		0.84753			4
2024.08.02	01:15:11.229	0.84751				2
2024.08.02	01:15:16.920	0.84752				2
2024.08.02	01:15:20.354	0.84751				2
2024.08.02	01:15:28.558		0.84752			4
2024.08.02	01:15:28.937		0.84753			4
2024.08.02	01:15:31.293	0.84750				2
2024.08.02	01:15:38.826	0.84751	0.84752			6
2024.08.02	01:15:39.144		0.84753			4
2024.08.02	01:15:39.486	0.84750				2
2024.08.02	01:15:41.440	0.84749	0.84752			6
2024.08.02	01:15:43.726	0.84750	0.84753			6
2024.08.02	01:15:46.566	0.84751				2
2024.08.02	01:15:49.329	0.84752				2
2024.08.02	01:15:50.765	0.84751				2
2024.08.02	01:15:51.616		0.84752			4
2024.08.02	01:15:53.045	0.84750				2
2024.08.02	01:15:53.400		0.84751			4
2024.08.02	01:15:59.465	0.84748				2
2024.08.02	01:16:00.216	0.84750				2
2024.08.02	01:16:01.063	0.84749	0.84750			6
2024.08.02	01:16:31.618	0.84750	0.84751			6
2024.08.02	01:16:32.606	0.84749	0.84750			6
2024.08.02	01:16:37.751	0.84751	0.84753			6
2024.08.02	01:16:38.065	0.84750	0.84752			6
2024.08.02	01:16:40.110	0.84751	0.84753			6
2024.08.02	01:16:51.594	0.84752				2
2024.08.02	01:16:53.772	0.84751				2
2024.08.02	01:16:56.349	0.84752	0.84754			6
2024.08.02	01:16:56.962		0.84753			4
2024.08.02	01:16:59.249	0.84753	0.84754			6
2024.08.02	01:16:59.567	0.84752	0.84753			6
2024.08.02	01:17:00.385	0.84752				2
2024.08.02	01:17:08.570	0.84751	0.84752			6
2024.08.02	01:17:12.428	0.84752	0.84753			6
2024.08.02	01:17:17.872	0.84751	0.84752			6
2024.08.02	01:17:21.719	0.84752	0.84753			6
2024.08.02	01:17:26.745	0.84751	0.84752			6
2024.08.02	01:17:30.765	0.84750	0.84751			6
2024.08.02	01:17:32.257	0.84751	0.84752			6
2024.08.02	01:17:33.103	0.84750	0.84751			6
2024.08.02	01:17:33.464	0.84751	0.84752			6
2024.08.02	01:17:34.071	0.84750	0.84751			6
2024.08.02	01:17:37.130	0.84751	0.84752			6
2024.08.02	01:17:41.729	0.84752	0.84753			6
2024.08.02	01:17:42.050	0.84751				2
2024.08.02	01:17:43.572		0.84752			4
2024.08.02	01:17:48.709	0.84752	0.84753			6
2024.08.02	01:17:50.361	0.84751	0.84752			6
2024.08.02	01:17:52.351	0.84750	0.84751			6
2024.08.02	01:17:59.826	0.84752	0.84753			6
2024.08.02	01:18:00.858	0.84752				2
2024.08.02	01:18:02.109	0.84751	0.84752			6
2024.08.02	01:18:04.141	0.84752	0.84753			6
2024.08.02	01:18:10.192	0.84753	0.84754			6
2024.08.02	01:18:10.562	0.84752	0.84753			6
2024.08.02	01:18:13.565	0.84753	0.84754			6
2024.08.02	01:18:13.885	0.84752	0.84753			6
2024.08.02	01:18:17.598	0.84751	0.84752			6
2024.08.02	01:18:27.065	0.84752	0.84753			6
2024.08.02	01:18:27.498	0.84750	0.84751			6
2024.08.02	01:18:35.983	0.84751	0.84752			6
2024.08.02	01:18:39.966	0.84750	0.84751			6
2024.08.02	01:18:43.987		0.84752			4
2024.08.02	01:18:44.366		0.84751			4
2024.08.02	01:18:47.240	0.84751	0.84752			6
2024.08.02	01:18:50.600	0.84750	0.84751			6
2024.08.02	01:18:51.925	0.84751	0.84752			6
2024.08.02	01:18:54.937	0.84750	0.84751			6
2024.08.02	01:18:58.431		0.84752			4
2024.08.02	01:18:59.994		0.84751			4
2024.08.02	01:19:00.315	0.84750				2
2024.08.02	01:19:18.262	0.84748	0.84749			6
2024.08.02	01:19:23.441	0.84747	0.84748			6
2024.08.02	01:19:23.745	0.84748	0.84749			6
2024.08.02	01:19:24.123	0.84747	0.84748			6
2024.08.02	01:19:38.353	0.84749	0.84750			6
2024.08.02	01:19:41.392	0.84748	0.84749			6
2024.08.02	01:19:48.199	0.84749	0.84750			6
2024.08.02	01:19:49.258	0.84748	0.84749			6
2024.08.02	01:19:53.893	0.84747	0.84748			6
2024.08.02	01:19:54.210	0.84748	0.84749			6
2024.08.02	01:20:00.439	0.84748				2
2024.08.02	01:20:01.791	0.84747	0.84748			6
2024.08.02	01:20:02.271	0.84748	0.84749			6
2024.08.02	01:20:02.669	0.84747	0.84748			6
2024.08.02	01:20:08.441	0.84748	0.84749			6
2024.08.02	01:20:09.837	0.84747	0.84748			6
2024.08.02	01:20:16.374	0.84746	0.84747			6
2024.08.02	01:20:16.685	0.84747	0.84748			6
2024.08.02	01:20:21.627	0.84746	0.84747			6
2024.08.02	01:20:21.930	0.84747	0.84748			6
2024.08.02	01:20:26.464	0.84746	0.84747			6
2024.08.02	01:20:27.012	0.84747	0.84748			6
2024.08.02	01:20:39.467	0.84746	0.84747			6
2024.08.02	01:20:41.545	0.84747	0.84748			6
2024.08.02	01:21:00.288	0.84747				2
2024.08.02	01:21:01.010	0.84746	0.84747			6
2024.08.02	01:21:01.640		0.84748			4
2024.08.02	01:21:01.946		0.84747			4
2024.08.02	01:21:02.251	0.84745				2
2024.08.02	01:21:02.586	0.84744	0.84746			6
2024.08.02	01:21:04.520		0.84747			4
2024.08.02	01:21:05.642	0.84745				2
2024.08.02	01:21:05.963		0.84746			4
2024.08.02	01:21:06.650		0.84747			4
2024.08.02	01:21:07.016	0.84744	0.84746			6
2024.08.02	01:21:08.250		0.84747			4
2024.08.02	01:21:09.286	0.84745	0.84746			6
2024.08.02	01:21:12.929	0.84744	0.84747			6
2024.08.02	01:21:13.588	0.84745	0.84746			6
2024.08.02	01:21:13.951	0.84746	0.84747			6
2024.08.02	01:21:21.702	0.84745	0.84746			6
2024.08.02	01:21:22.125	0.84746	0.84747			6
2024.08.02	01:21:29.386	0.84747	0.84748			6
2024.08.02	01:21:31.423		0.84749			4
2024.08.02	01:21:32.501		0.84748			4
2024.08.02	01:21:32.802	0.84746	0.84747			6
2024.08.02	01:21:37.581	0.84745	0.84746			6
2024.08.02	01:21:40.359	0.84746	0.84747			6
2024.08.02	01:22:00.180	0.84746				2
2024.08.02	01:22:05.110	0.84745	0.84746			6
2024.08.02	01:22:05.423	0.84746	0.84747			6
2024.08.02	01:22:17.723	0.84745	0.84746			6
2024.08.02	01:22:20.211	0.84746	0.84747			6
2024.08.02	01:22:22.332	0.84745	0.84746			6
2024.08.02	01:22:23.906	0.84746	0.84747			6
2024.08.02	01:22:34.105	0.84745	0.84746			6
2024.08.02	01:22:56.669	0.84746	0.84747			6
2024.08.02	01:23:00.409	0.84746				2
2024.08.02	01:23:04.018	0.84745	0.84746			6
2024.08.02	01:23:04.325	0.84746	0.84747			6
2024.08.02	01:23:17.069	0.84745	0.84746			6
2024.08.02	01:23:23.343	0.84744	0.84745			6
2024.08.02	01:23:23.721	0.84745	0.84746			6
2024.08.02	01:23:24.031	0.84744	0.84745			6
2024.08.02	01:23:29.192	0.84743	0.84744			6
2024.08.02	01:23:29.505	0.84744	0.84745			6
2024.08.02	01:23:31.703	0.84743	0.84746			6
2024.08.02	01:23:42.714		0.84745			4
2024.08.02	01:23:43.447	0.84742				2
2024.08.02	01:23:43.763	0.84743				2
2024.08.02	01:23:44.090	0.84742				2
2024.08.02	01:23:44.399	0.84741	0.84744			6
2024.08.02	01:23:44.866	0.84742	0.84745			6
2024.08.02	01:23:45.813	0.84741	0.84744			6
2024.08.02	01:23:46.442	0.84742	0.84745			6
2024.08.02	01:23:48.053	0.84743	0.84746			6
2024.08.02	01:23:51.850	0.84742	0.84745			6
2024.08.02	01:23:52.172	0.84743	0.84746			6
2024.08.02	01:23:52.803	0.84742	0.84745			6
2024.08.02	01:23:53.106	0.84743	0.84746			6
2024.08.02	01:23:53.806	0.84742	0.84745			6
2024.08.02	01:23:54.162	0.84743	0.84746			6
2024.08.02	01:23:54.592	0.84742	0.84745			6
2024.08.02	01:23:57.465	0.84743	0.84746			6
2024.08.02	01:23:58.434	0.84742	0.84745			6
2024.08.02	01:24:00.167	0.84743				2
2024.08.02	01:24:00.470	0.84741	0.84743			6
2024.08.02	01:24:00.870		0.84742			4
2024.08.02	01:24:07.028		0.84743			4
2024.08.02	01:24:07.378		0.84742			4
2024.08.02	01:24:11.080		0.84743			4
2024.08.02	01:24:11.382	0.84742				2
2024.08.02	01:24:13.301	0.84741	0.84742			6
2024.08.02	01:24:13.608		0.84743			4
2024.08.02	01:24:16.631		0.84742			4
2024.08.02	01:24:19.265	0.84742	0.84743			6
2024.08.02	01:24:22.066	0.84741				2
2024.08.02	01:24:26.264	0.84742				2
2024.08.02	01:24:41.712	0.84741				2
2024.08.02	01:24:43.562		0.84742			4
2024.08.02	01:24:51.409		0.84743			4
2024.08.02	01:24:51.732		0.84742			4
2024.08.02	01:25:00.496	0.84741				2
2024.08.02	01:25:01.817	0.84742	0.84743			6
2024.08.02	01:25:02.841	0.84741	0.84742			6
2024.08.02	01:25:20.591	0.84740				2
2024.08.02	01:25:21.864		0.84743			4
2024.08.02	01:25:22.221		0.84741			4
2024.08.02	01:25:22.537		0.84743			4
2024.08.02	01:25:22.859		0.84741			4
2024.08.02	01:25:23.196	0.84739	0.84740			6
2024.08.02	01:25:25.508	0.84740	0.84741			6
2024.08.02	01:25:26.183	0.84739	0.84740			6
2024.08.02	01:25:27.188	0.84740	0.84741			6
2024.08.02	01:25:27.508	0.84739				2
2024.08.02	01:25:28.274		0.84740			4
2024.08.02	01:25:33.250	0.84740	0.84741			6
2024.08.02	01:25:33.568	0.84739	0.84740			6
2024.08.02	01:25:41.792	0.84740	0.84741			6
2024.08.02	01:25:42.578	0.84741	0.84742			6
2024.08.02	01:25:43.248	0.84740	0.84741			6
2024.08.02	01:26:00.258	0.84740				2
2024.08.02	01:26:14.442	0.84739	0.84740			6
2024.08.02	01:26:17.192	0.84740	0.84741			6
2024.08.02	01:26:18.166	0.84739	0.84740			6
2024.08.02	01:26:20.815	0.84740	0.84741			6
2024.08.02	01:26:22.417	0.84739	0.84740			6
2024.08.02	01:26:22.857	0.84740	0.84741			6
2024.08.02	01:26:49.164	0.84741	0.84742			6
2024.08.02	01:26:49.482	0.84740	0.84741			6
2024.08.02	01:26:51.532	0.84741	0.84742			6
2024.08.02	01:26:54.069	0.84740	0.84741			6
2024.08.02	01:26:58.364	0.84741	0.84742			6
2024.08.02	01:26:59.111	0.84740	0.84741			6
2024.08.02	01:26:59.871	0.84739	0.84740			6
2024.08.02	01:27:00.185	0.84740	0.84741			6
2024.08.02	01:27:12.142	0.84743	0.84744			6
2024.08.02	01:27:13.728	0.84742	0.84743			6
2024.08.02	01:27:29.810	0.84741	0.84742			6
2024.08.02	01:27:30.168	0.84742	0.84743			6
2024.08.02	01:27:30.549	0.84741	0.84742			6
2024.08.02	01:27:31.314	0.84742	0.84743			6
2024.08.02	01:27:31.826	0.84741	0.84742			6
2024.08.02	01:27:32.256	0.84742	0.84743			6
2024.08.02	01:27:32.651	0.84741	0.84742			6
2024.08.02	01:27:40.278	0.84742	0.84743			6
2024.08.02	01:27:41.178	0.84741	0.84742			6
2024.08.02	01:27:41.500	0.84742	0.84743			6
2024.08.02	01:27:43.079	0.84741	0.84742			6
2024.08.02	01:27:43.601	0.84740	0.84741			6
2024.08.02	01:28:00.350	0.84740				2
2024.08.02	01:28:25.563	0.84741	0.84742			6
2024.08.02	01:28:28.279	0.84740	0.84741			6
2024.08.02	01:28:29.052	0.84741	0.84742			6
2024.08.02	01:28:29.738	0.84740	0.84741			6
2024.08.02	01:28:30.390	0.84741	0.84742			6
2024.08.02	01:28:32.036	0.84740	0.84741			6
2024.08.02	01:28:33.066	0.84738	0.84740			6
2024.08.02	01:28:33.846	0.84737				2
2024.08.02	01:28:34.536	0.84739				2
2024.08.02	01:28:34.842	0.84738	0.84741			6
2024.08.02	01:28:39.766		0.84740			4
2024.08.02	01:28:42.217	0.84737				2
2024.08.02	01:28:42.534		0.84741			4
2024.08.02	01:28:46.719		0.84740			4
2024.08.02	01:28:49.125		0.84741			4
2024.08.02	01:28:51.303		0.84740			4
2024.08.02	01:28:51.697		0.84741			4
2024.08.02	01:28:52.165		0.84740			4
2024.08.02	01:28:52.709		0.84741			4
2024.08.02	01:29:00.360	0.84737				2
2024.08.02	01:29:01.658	0.84738				2
2024.08.02	01:29:01.960	0.84736	0.84740			6
2024.08.02	01:29:02.262		0.84738			4
2024.08.02	01:29:03.216	0.84739	0.84740			6
2024.08.02	01:29:06.884	0.84740	0.84741			6
2024.08.02	01:29:12.867	0.84739	0.84740			6
2024.08.02	01:29:22.361	0.84740	0.84741			6
2024.08.02	01:29:23.330	0.84738	0.84739			6
2024.08.02	01:29:28.365	0.84737	0.84738			6
2024.08.02	01:29:43.722	0.84738	0.84739			6
2024.08.02	01:29:45.603	0.84739	0.84740			6
2024.08.02	01:29:46.069	0.84738	0.84739			6
2024.08.02	01:29:52.634	0.84739	0.84740			6
2024.08.02	01:30:00.152	0.84739				2
2024.08.02	01:30:01.249	0.84737	0.84739			6
2024.08.02	01:30:02.143	0.84736	0.84738			6
2024.08.02	01:30:02.545	0.84738	0.84739			6
2024.08.02	01:30:03.256	0.84739	0.84740			6
2024.08.02	01:30:13.723	0.84740	0.84741			6
2024.08.02	01:30:15.134	0.84739	0.84740			6
2024.08.02	01:30:28.059	0.84740	0.84741			6
2024.08.02	01:30:30.032	0.84739	0.84740			6
2024.08.02	01:30:33.625	0.84738	0.84739			6
2024.08.02	01:30:34.284	0.84739	0.84740			6
2024.08.02	01:30:36.117	0.84738	0.84739			6
2024.08.02	01:30:36.558	0.84739	0.84740			6
2024.08.02	01:31:00.374	0.84739				2
2024.08.02	01:31:04.904	0.84738	0.84739			6
2024.08.02	01:31:08.163	0.84739	0.84740			6
2024.08.02	01:31:28.783	0.84738	0.84739			6
2024.08.02	01:31:29.085	0.84737	0.84738			6
2024.08.02	01:31:44.644	0.84739	0.84740			6
2024.08.02	01:31:44.962	0.84738	0.84739			6
2024.08.02	01:31:49.076	0.84739	0.84740			6
2024.08.02	01:31:51.687	0.84738	0.84739			6
2024.08.02	01:31:52.138	0.84739	0.84740			6
2024.08.02	01:31:52.813	0.84738	0.84739			6
2024.08.02	01:32:00.361	0.84736	0.84737			6
2024.08.02	01:32:00.664	0.84735	0.84736			6
2024.08.02	01:32:01.134	0.84737	0.84738			6
2024.08.02	01:32:25.864	0.84736	0.84737			6
2024.08.02	01:32:35.705	0.84735	0.84736			6
2024.08.02	01:32:36.044	0.84733	0.84734			6
2024.08.02	01:32:38.957	0.84734	0.84735			6
2024.08.02	01:32:39.466	0.84733	0.84734			6
2024.08.02	01:32:39.796	0.84734	0.84735			6
2024.08.02	01:32:40.194	0.84733	0.84734			6
2024.08.02	01:32:45.784	0.84734	0.84735			6
2024.08.02	01:32:48.120	0.84733	0.84734			6
2024.08.02	01:33:00.352	0.84733				2
2024.08.02	01:33:06.322	0.84732	0.84733			6
2024.08.02	01:33:37.411	0.84733	0.84734			6
2024.08.02	01:33:42.697	0.84734	0.84735			6
2024.08.02	01:33:43.007	0.84733	0.84734			6
2024.08.02	01:33:46.155	0.84734	0.84735			6
2024.08.02	01:33:47.746	0.84732	0.84733			6
2024.08.02	01:33:53.243	0.84733	0.84734			6
2024.08.02	01:33:54.086	0.84732	0.84733			6
2024.08.02	01:33:58.448	0.84733	0.84734			6
2024.08.02	01:33:59.503	0.84732	0.84733			6
2024.08.02	01:33:59.900	0.84733	0.84734			6
2024.08.02	01:34:00.275	0.84733				2
2024.08.02	01:34:01.763	0.84732	0.84733			6
2024.08.02	01:34:02.389	0.84733	0.84734			6
2024.08.02	01:34:03.076	0.84732	0.84733			6
2024.08.02	01:34:08.599	0.84731	0.84732			6
2024.08.02	01:34:08.909	0.84730	0.84731			6
2024.08.02	01:34:09.219	0.84727	0.84729			6
2024.08.02	01:34:17.398	0.84728				2
2024.08.02	01:34:18.283	0.84726				2
2024.08.02	01:34:18.629	0.84728				2
2024.08.02	01:34:21.441	0.84726				2
2024.08.02	01:34:22.331	0.84727				2
2024.08.02	01:34:22.646	0.84728				2
2024.08.02	01:34:26.992	0.84727				2
2024.08.02	01:34:27.718	0.84728				2
2024.08.02	01:34:28.950	0.84727				2
2024.08.02	01:34:31.481	0.84726				2
2024.08.02	01:34:32.471	0.84727				2
2024.08.02	01:34:51.259	0.84726	0.84728			6
2024.08.02	01:34:54.449		0.84729			4
2024.08.02	01:34:55.300		0.84728			4
2024.08.02	01:34:55.897	0.84727	0.84729			6
2024.08.02	01:34:56.722	0.84725				2
2024.08.02	01:34:58.578	0.84726				2
2024.08.02	01:35:00.051	0.84726				2
2024.08.02	01:35:02.289	0.84728				2
2024.08.02	01:35:05.677	0.84727	0.84728			6
2024.08.02	01:35:06.695	0.84728	0.84729			6
2024.08.02	01:35:08.832	0.84727	0.84728			6
2024.08.02	01:35:15.171	0.84728	0.84729			6
2024.08.02	01:35:16.968	0.84733	0.84735			6
2024.08.02	01:35:17.270	0.84732	0.84733			6
2024.08.02	01:35:36.310	0.84733	0.84734			6
2024.08.02	01:35:36.712	0.84732	0.84733			6
2024.08.02	01:35:43.896	0.84733	0.84734			6
2024.08.02	01:36:00.366	0.84733				2
2024.08.02	01:36:32.644	0.84732	0.84733			6
2024.08.02	01:36:40.325	0.84733	0.84734			6
2024.08.02	01:36:51.756	0.84732	0.84733			6
2024.08.02	01:36:58.544	0.84731	0.84732			6
2024.08.02	01:37:00.260	0.84731				2
2024.08.02	01:37:01.621	0.84730	0.84731			6
2024.08.02	01:37:09.200	0.84731	0.84732			6
2024.08.02	01:37:09.866	0.84732	0.84733			6
2024.08.02	01:37:25.295	0.84733	0.84734			6
2024.08.02	01:37:29.870	0.84731	0.84732			6
2024.08.02	01:37:31.475	0.84730	0.84731			6
2024.08.02	01:37:33.283	0.84729	0.84730			6
2024.08.02	01:37:33.996	0.84728				2
2024.08.02	01:37:35.140	0.84729				2
2024.08.02	01:37:35.928	0.84727				2
2024.08.02	01:37:36.998	0.84729				2
2024.08.02	01:37:40.212	0.84728				2
2024.08.02	01:37:41.081	0.84729				2
2024.08.02	01:37:41.490	0.84730	0.84731			6
2024.08.02	01:37:43.104	0.84731	0.84732			6
2024.08.02	01:37:59.421	0.84732	0.84733			6
2024.08.02	01:37:59.766	0.84730				2
2024.08.02	01:38:00.083	0.84733	0.84734			6
2024.08.02	01:38:02.086	0.84736	0.84737			6
2024.08.02	01:38:04.815	0.84737	0.84738			6
2024.08.02	01:38:18.877	0.84735	0.84736			6
2024.08.02	01:38:19.188	0.84736	0.84737			6
2024.08.02	01:38:19.710	0.84735	0.84736			6
2024.08.02	01:38:20.165	0.84732	0.84735			6
2024.08.02	01:38:22.114	0.84731				2
2024.08.02	01:38:25.001		0.84734			4
2024.08.02	01:38:26.295		0.84735			4
2024.08.02	01:38:27.009	0.84736	0.84737			6
2024.08.02	01:38:29.596	0.84734	0.84736			6
2024.08.02	01:38:29.905	0.84733	0.84734			6
2024.08.02	01:38:30.224	0.84732				2
2024.08.02	01:38:30.680	0.84731	0.84735			6
2024.08.02	01:38:30.983		0.84734			4
2024.08.02	01:38:32.746		0.84733			4
2024.08.02	01:38:33.053		0.84734			4
2024.08.02	01:38:34.195	0.84732				2
2024.08.02	01:38:34.506		0.84735			4
2024.08.02	01:38:34.824		0.84734			4
2024.08.02	01:38:35.144	0.84731				2
2024.08.02	01:38:37.593	0.84733	0.84735			6
2024.08.02	01:38:41.655	0.84730	0.84734			6
2024.08.02	01:38:46.355		0.84733			4
2024.08.02	01:38:46.670		0.84734			4
2024.08.02	01:38:47.039		0.84733			4
2024.08.02	01:38:47.641		0.84734			4
2024.08.02	01:38:48.911	0.84731				2
2024.08.02	01:38:50.318		0.84735			4
2024.08.02	01:38:50.622	0.84730	0.84734			6
2024.08.02	01:38:50.924	0.84732	0.84733			6
2024.08.02	01:38:51.643	0.84733	0.84734			6
2024.08.02	01:38:52.925	0.84732	0.84733			6
2024.08.02	01:39:00.365	0.84732				2
2024.08.02	01:39:02.907	0.84731	0.84732			6
2024.08.02	01:39:03.663	0.84732	0.84733			6
2024.08.02	01:39:09.631	0.84731	0.84732			6
2024.08.02	01:39:10.543	0.84728	0.84730			6
2024.08.02	01:39:10.892		0.84729			4
2024.08.02	01:39:11.197		0.84730			4
2024.08.02	01:39:15.509		0.84729			4
2024.08.02	01:39:15.820	0.84729	0.84730			6
2024.08.02	01:39:16.183	0.84727	0.84729			6
2024.08.02	01:39:16.504	0.84728				2
2024.08.02	01:39:17.148	0.84731	0.84732			6
2024.08.02	01:39:17.599	0.84729	0.84730			6
2024.08.02	01:39:20.759	0.84728	0.84729			6
2024.08.02	01:39:21.064	0.84729	0.84730			6
2024.08.02	01:39:30.909	0.84730	0.84731			6
2024.08.02	01:39:31.529	0.84729	0.84730			6
2024.08.02	01:39:39.583	0.84728	0.84729			6
2024.08.02	01:39:49.654	0.84727	0.84728			6
2024.08.02	01:39:49.963	0.84728	0.84729			6
2024.08.02	01:39:51.064	0.84727	0.84728			6
2024.08.02	01:40:00.055	0.84727				2
2024.08.02	01:40:01.914	0.84728	0.84729			6
2024.08.02	01:40:03.182	0.84729	0.84730			6
2024.08.02	01:40:03.506	0.84728	0.84729			6
2024.08.02	01:40:03.812	0.84727	0.84728			6
2024.08.02	01:40:04.158	0.84730	0.84731			6
2024.08.02	01:40:04.464	0.84728	0.84729			6
2024.08.02	01:40:04.766	0.84727	0.84728			6
2024.08.02	01:40:05.157	0.84726	0.84727			6
2024.08.02	01:40:06.910	0.84729	0.84730			6
2024.08.02	01:40:10.942	0.84728	0.84729			6
2024.08.02	01:40:11.248	0.84726	0.84727			6
2024.08.02	01:40:20.029	0.84729	0.84730			6
2024.08.02	01:40:20.854	0.84728	0.84729			6
2024.08.02	01:40:21.375	0.84727	0.84728			6
2024.08.02	01:40:21.682	0.84725	0.84727			6
2024.08.02	01:40:22.779	0.84724				2
2024.08.02	01:40:23.791	0.84725				2
2024.08.02	01:40:25.418	0.84724				2
2024.08.02	01:40:27.640	0.84725	0.84726			6
2024.08.02	01:40:28.364	0.84723	0.84728			6
2024.08.02	01:40:28.670		0.84727			4
2024.08.02	01:40:31.208	0.84728	0.84729			6
2024.08.02	01:40:31.523	0.84729	0.84730			6
2024.08.02	01:40:31.844	0.84728	0.84729			6
2024.08.02	01:40:32.164	0.84729	0.84730			6
2024.08.02	01:40:35.804	0.84728	0.84729			6
2024.08.02	01:40:41.378	0.84729	0.84730			6
2024.08.02	01:40:42.725	0.84728	0.84729			6
2024.08.02	01:40:43.535	0.84729	0.84730			6
2024.08.02	01:41:00.564	0.84729				2
2024.08.02	01:41:16.160	0.84730	0.84731			6
2024.08.02	01:41:16.660	0.84732	0.84733			6
2024.08.02	01:41:16.964	0.84731	0.84732			6
2024.08.02	01:41:17.576	0.84732	0.84733			6
2024.08.02	01:41:20.208	0.84733	0.84734			6
2024.08.02	01:41:20.872	0.84734	0.84735			6
2024.08.02	01:41:27.623	0.84733	0.84734			6
2024.08.02	01:41:28.361	0.84734	0.84735			6
2024.08.02	01:41:50.055	0.84733	0.84734			6
2024.08.02	01:42:00.364	0.84733				2
2024.08.02	01:42:08.090	0.84734	0.84735			6
2024.08.02	01:42:16.413	0.84735	0.84736			6
2024.08.02	01:42:17.715	0.84737	0.84738			6
2024.08.02	01:42:18.374	0.84736	0.84737			6
2024.08.02	01:42:18.683	0.84738	0.84739			6
2024.08.02	01:42:21.237	0.84737	0.84738			6
2024.08.02	01:42:25.153	0.84738	0.84739			6
2024.08.02	01:42:25.466	0.84737	0.84738			6
2024.08.02	01:43:00.172	0.84737				2
2024.08.02	01:43:14.936	0.84736	0.84737			6
2024.08.02	01:43:15.243	0.84735				2
2024.08.02	01:43:16.306	0.84736				2
2024.08.02	01:43:16.624	0.84735	0.84736			6
2024.08.02	01:43:18.401	0.84736	0.84737			6
2024.08.02	01:43:23.571	0.84735				2
2024.08.02	01:43:23.888		0.84736			4
2024.08.02	01:43:24.869		0.84737			4
2024.08.02	01:43:25.863	0.84734				2
2024.08.02	01:43:26.259	0.84735				2
2024.08.02	01:43:27.003	0.84734				2
2024.08.02	01:43:36.835	0.84736				2
2024.08.02	01:43:42.282	0.84735	0.84736			6
2024.08.02	01:43:43.269	0.84734				2
2024.08.02	01:43:48.129	0.84736	0.84737			6
2024.08.02	01:43:48.443	0.84735				2
2024.08.02	01:43:49.142	0.84736				2
2024.08.02	01:43:49.501	0.84735	0.84736			6
2024.08.02	01:43:50.194	0.84734	0.84737			6
2024.08.02	01:43:50.504		0.84736			4
2024.08.02	01:43:50.807		0.84735			4
2024.08.02	01:43:51.141	0.84735	0.84736			6
2024.08.02	01:43:58.116	0.84732	0.84735			6
2024.08.02	01:43:58.738	0.84733				2
2024.08.02	01:44:00.468	0.84733				2
2024.08.02	01:44:11.196	0.84734				2
2024.08.02	01:44:11.561		0.84736			4
2024.08.02	01:44:13.435	0.84733				2
2024.08.02	01:44:15.453	0.84734				2
2024.08.02	01:44:18.565	0.84735				2
2024.08.02	01:44:19.619	0.84734	0.84737			6
2024.08.02	01:44:20.577		0.84736			4
2024.08.02	01:44:24.175	0.84735				2
2024.08.02	01:44:24.570	0.84734				2
2024.08.02	01:44:24.991	0.84735				2
2024.08.02	01:44:28.572	0.84736	0.84737			6
2024.08.02	01:44:31.338	0.84737	0.84738			6
2024.08.02	01:44:34.471	0.84738	0.84739			6
2024.08.02	01:44:37.766	0.84737	0.84738			6
2024.08.02	01:44:47.040	0.84734	0.84736			6
2024.08.02	01:44:48.328	0.84736	0.84737			6
2024.08.02	01:44:48.630	0.84737	0.84738			6
2024.08.02	01:44:52.031	0.84736	0.84737			6
2024.08.02	01:45:00.078	0.84736				2
2024.08.02	01:45:02.686	0.84737	0.84738			6
2024.08.02	01:45:39.957	0.84736	0.84737			6
2024.08.02	01:45:40.714	0.84737	0.84738			6
2024.08.02	01:45:49.420	0.84739	0.84740			6
2024.08.02	01:46:00.372	0.84739				2
2024.08.02	01:46:03.353	0.84738	0.84739			6
2024.08.02	01:46:03.668	0.84737	0.84738			6
2024.08.02	01:46:04.006	0.84736	0.84737			6
2024.08.02	01:46:04.323	0.84737	0.84738			6
2024.08.02	01:46:07.481	0.84736	0.84737			6
2024.08.02	01:46:17.937	0.84737	0.84738			6
2024.08.02	01:46:26.287	0.84734	0.84736			6
2024.08.02	01:46:26.756	0.84733				2
2024.08.02	01:46:28.418	0.84735				2
2024.08.02	01:46:32.265	0.84734				2
2024.08.02	01:46:33.448	0.84735				2
2024.08.02	01:46:38.698	0.84734				2
2024.08.02	01:46:42.476	0.84736	0.84737			6
2024.08.02	01:46:57.172	0.84735	0.84736			6
2024.08.02	01:47:00.334	0.84735				2
2024.08.02	01:47:02.551	0.84734				2
2024.08.02	01:47:03.794		0.84735			4
2024.08.02	01:47:04.616		0.84736			4
2024.08.02	01:47:05.772		0.84735			4
2024.08.02	01:47:06.783		0.84736			4
2024.08.02	01:47:07.790		0.84735			4
2024.08.02	01:47:08.183	0.84737	0.84738			6
2024.08.02	01:47:08.858	0.84738	0.84739			6
2024.08.02	01:47:09.198	0.84737	0.84738			6
2024.08.02	01:47:09.526	0.84736	0.84737			6
2024.08.02	01:47:17.896	0.84737	0.84738			6
2024.08.02	01:47:18.347	0.84736	0.84737			6
2024.08.02	01:47:18.697	0.84737	0.84738			6
2024.08.02	01:47:22.264	0.84736	0.84737			6
2024.08.02	01:47:29.815	0.84735	0.84736			6
2024.08.02	01:47:35.398	0.84736	0.84737			6
2024.08.02	01:47:35.702	0.84735	0.84736			6
2024.08.02	01:47:36.002	0.84732				2
2024.08.02	01:47:36.331	0.84734	0.84735			6
2024.08.02	01:47:40.513	0.84733	0.84734			6
2024.08.02	01:47:40.975	0.84732	0.84733			6
2024.08.02	01:47:41.321	0.84733	0.84734			6
2024.08.02	01:47:54.123	0.84732	0.84733			6
2024.08.02	01:48:00.314	0.84732				2
2024.08.02	01:48:03.424	0.84733	0.84734			6
2024.08.02	01:48:07.179	0.84732	0.84733			6
2024.08.02	01:48:07.506	0.84733	0.84734			6
2024.08.02	01:48:15.369	0.84734	0.84735			6
2024.08.02	01:48:20.453	0.84733	0.84734			6
2024.08.02	01:48:21.180	0.84731				2
2024.08.02	01:48:23.031	0.84732	0.84733			6
2024.08.02	01:48:43.447	0.84734	0.84735			6
2024.08.02	01:48:43.820	0.84735	0.84736			6
2024.08.02	01:48:51.879	0.84734	0.84735			6
2024.08.02	01:48:55.189	0.84733	0.84734			6
2024.08.02	01:48:57.611	0.84732	0.84733			6
2024.08.02	01:48:57.941	0.84733	0.84734			6
2024.08.02	01:49:00.058	0.84733				2
2024.08.02	01:49:05.017	0.84732	0.84733			6
2024.08.02	01:49:43.026	0.84733	0.84734			6
2024.08.02	01:50:00.396	0.84733				2
2024.08.02	01:50:02.370	0.84732	0.84733			6
2024.08.02	01:50:06.894	0.84733	0.84734			6
2024.08.02	01:50:09.081	0.84732	0.84733			6
2024.08.02	01:50:20.886	0.84733	0.84734			6
2024.08.02	01:50:24.473	0.84730	0.84731			6
2024.08.02	01:50:29.560	0.84733	0.84734			6
2024.08.02	01:50:29.914	0.84732	0.84733			6
2024.08.02	01:50:32.361	0.84733	0.84734			6
2024.08.02	01:50:32.751	0.84731	0.84733			6
2024.08.02	01:50:35.073	0.84733	0.84734			6
2024.08.02	01:50:37.157	0.84732	0.84733			6
2024.08.02	01:50:39.360	0.84731	0.84732			6
2024.08.02	01:50:40.893	0.84730				2
2024.08.02	01:50:43.877	0.84729				2
2024.08.02	01:50:44.434	0.84730				2
2024.08.02	01:50:45.390		0.84731			4
2024.08.02	01:50:46.627	0.84729				2
2024.08.02	01:50:48.741	0.84730				2
2024.08.02	01:50:50.912	0.84729				2
2024.08.02	01:50:51.451	0.84730				2
2024.08.02	01:50:55.786	0.84731	0.84732			6
2024.08.02	01:50:56.718	0.84729	0.84731			6
2024.08.02	01:51:01.462	0.84729				2
2024.08.02	01:51:01.951	0.84731	0.84732			6
2024.08.02	01:51:04.741	0.84732	0.84733			6
2024.08.02	01:51:16.107	0.84731	0.84732			6
2024.08.02	01:51:19.372	0.84730	0.84731			6
2024.08.02	01:51:19.790	0.84731	0.84732			6
2024.08.02	01:51:20.461	0.84730	0.84731			6
2024.08.02	01:51:21.636	0.84731	0.84732			6
2024.08.02	01:51:24.719	0.84730	0.84731			6
2024.08.02	01:51:25.079	0.84731	0.84732			6
2024.08.02	01:51:25.521	0.84730	0.84731			6
2024.08.02	01:51:34.171	0.84731	0.84732			6
2024.08.02	01:51:35.332	0.84729	0.84731			6
2024.08.02	01:51:40.101		0.84730			4
2024.08.02	01:51:47.812	0.84728				2
2024.08.02	01:51:56.216	0.84729				2
2024.08.02	01:52:00.354	0.84729				2
2024.08.02	01:52:12.245	0.84728	0.84731			6
2024.08.02	01:52:17.512	0.84730				2
2024.08.02	01:52:19.519	0.84729				2
2024.08.02	01:52:21.168	0.84728	0.84730			6
2024.08.02	01:52:23.562		0.84731			4
2024.08.02	01:52:27.965		0.84730			4
2024.08.02	01:52:28.673	0.84729				2
2024.08.02	01:52:28.983	0.84730	0.84731			6
2024.08.02	01:52:42.166	0.84732	0.84733			6
2024.08.02	01:52:42.742	0.84733	0.84734			6
2024.08.02	01:52:56.893	0.84732				2
2024.08.02	01:52:57.314	0.84734	0.84735			6
2024.08.02	01:52:58.462	0.84732				2
2024.08.02	01:52:58.803	0.84734				2
2024.08.02	01:53:00.205	0.84734				2
2024.08.02	01:53:01.034	0.84735	0.84736			6
2024.08.02	01:53:26.300	0.84736	0.84737			6
2024.08.02	01:53:26.958	0.84735	0.84736			6
2024.08.02	01:53:30.061	0.84736	0.84737			6
2024.08.02	01:53:37.869	0.84735	0.84736			6
2024.08.02	01:53:42.105	0.84736	0.84737			6
2024.08.02	01:53:44.333	0.84735	0.84736			6
2024.08.02	01:53:59.063	0.84733	0.84735			6
2024.08.02	01:53:59.789	0.84732				2
2024.08.02	01:54:00.289	0.84734				2
2024.08.02	01:54:01.479	0.84733				2
2024.08.02	01:54:02.091	0.84732				2
2024.08.02	01:54:03.192	0.84734	0.84736			6
2024.08.02	01:54:03.905	0.84733				2
2024.08.02	01:54:05.807	0.84734				2
2024.08.02	01:54:06.616	0.84733				2
2024.08.02	01:54:10.576		0.84734			4
2024.08.02	01:54:10.883	0.84731	0.84733			6
2024.08.02	01:54:17.470	0.84732				2
2024.08.02	01:54:17.792	0.84731				2
2024.08.02	01:54:18.666		0.84732			4
2024.08.02	01:54:21.243	0.84728				2
2024.08.02	01:54:23.225		0.84730			4
2024.08.02	01:54:23.941	0.84729				2
2024.08.02	01:54:25.439		0.84731			4
2024.08.02	01:54:30.611	0.84730				2
2024.08.02	01:54:38.233	0.84728	0.84729			6
2024.08.02	01:54:38.540	0.84730	0.84731			6
2024.08.02	01:54:48.533	0.84729	0.84730			6
2024.08.02	01:54:49.239	0.84728	0.84731			6
2024.08.02	01:54:51.284	0.84730				2
2024.08.02	01:54:51.595	0.84728				2
2024.08.02	01:55:00.206	0.84728				2
2024.08.02	01:55:11.167		0.84730			4
2024.08.02	01:55:11.502		0.84731			4
2024.08.02	01:55:19.256	0.84729				2
2024.08.02	01:55:20.701	0.84728				2
2024.08.02	01:55:22.523	0.84729				2
2024.08.02	01:55:23.643	0.84728				2
2024.08.02	01:55:25.969	0.84731	0.84732			6
2024.08.02	01:55:27.075	0.84732	0.84733			6
2024.08.02	01:55:27.382	0.84731	0.84732			6
2024.08.02	01:55:27.852	0.84728	0.84731			6
2024.08.02	01:55:28.165		0.84730			4
2024.08.02	01:55:28.508		0.84729			4
2024.08.02	01:55:28.812	0.84727				2
2024.08.02	01:55:29.476	0.84728	0.84730			6
2024.08.02	01:55:29.783	0.84729				2
2024.08.02	01:55:30.987	0.84728				2
2024.08.02	01:55:31.399	0.84729				2
2024.08.02	01:55:32.002	0.84728	0.84731			6
2024.08.02	01:55:32.305		0.84729			4
2024.08.02	01:55:32.962		0.84730			4
2024.08.02	01:55:36.372	0.84729				2
2024.08.02	01:55:42.176	0.84728				2
2024.08.02	01:55:42.568		0.84731			4
2024.08.02	01:55:42.886	0.84730				2
2024.08.02	01:55:47.575	0.84729	0.84730			6
2024.08.02	01:55:50.126	0.84727	0.84731			6
2024.08.02	01:55:52.135	0.84729	0.84730			6
2024.08.02	01:55:52.991	0.84730	0.84731			6
2024.08.02	01:56:00.381	0.84730				2
2024.08.02	01:56:02.565	0.84729	0.84730			6
2024.08.02	01:56:06.343	0.84728	0.84731			6
2024.08.02	01:56:06.836	0.84726	0.84730			6
2024.08.02	01:56:08.866	0.84727				2
2024.08.02	01:56:18.964	0.84728	0.84731			6
2024.08.02	01:56:19.286	0.84727				2
2024.08.02	01:56:19.643		0.84730			4
2024.08.02	01:56:19.990		0.84731			4
2024.08.02	01:56:22.126	0.84729	0.84730			6
2024.08.02	01:56:23.155	0.84730	0.84731			6
2024.08.02	01:56:24.239	0.84729	0.84730			6
2024.08.02	01:56:26.875	0.84727				2
2024.08.02	01:56:31.164		0.84731			4
2024.08.02	01:56:33.350	0.84728	0.84730			6
2024.08.02	01:56:33.664	0.84727	0.84731			6
2024.08.02	01:56:34.044	0.84729	0.84730			6
2024.08.02	01:56:36.922	0.84728	0.84729			6
2024.08.02	01:56:54.876	0.84726	0.84727			6
2024.08.02	01:56:55.505	0.84724				2
2024.08.02	01:56:55.909	0.84728	0.84729			6
2024.08.02	01:56:56.274	0.84729	0.84730			6
2024.08.02	01:56:59.360	0.84727				2
2024.08.02	01:57:00.075	0.84727				2
2024.08.02	01:57:05.974		0.84729			4
2024.08.02	01:57:06.284	0.84728				2
2024.08.02	01:57:07.164	0.84729	0.84730			6
2024.08.02	01:57:12.966	0.84728	0.84729			6
2024.08.02	01:57:13.840	0.84729	0.84730			6
2024.08.02	01:57:15.821	0.84727	0.84729			6
2024.08.02	01:57:16.773		0.84728			4
2024.08.02	01:57:19.172	0.84724	0.84727			6
2024.08.02	01:57:35.914		0.84726			4
2024.08.02	01:57:36.664		0.84727			4
2024.08.02	01:57:38.404		0.84726			4
2024.08.02	01:57:47.323	0.84725				2
2024.08.02	01:57:47.667	0.84724	0.84727			6
2024.08.02	01:57:52.835	0.84726				2
2024.08.02	01:57:55.594	0.84725				2
2024.08.02	01:57:56.383	0.84724				2
2024.08.02	01:57:58.060	0.84722	0.84726			6
2024.08.02	01:58:00.101	0.84722				2
2024.08.02	01:58:03.763	0.84723	0.84727			6
2024.08.02	01:58:04.840		0.84726			4
2024.08.02	01:58:08.737	0.84722				2
2024.08.02	01:58:09.059	0.84723				2
2024.08.02	01:58:18.954	0.84722				2
2024.08.02	01:58:29.758	0.84724	0.84727			6
2024.08.02	01:58:35.123		0.84725			4
2024.08.02	01:58:36.377	0.84726	0.84727			6
2024.08.02	01:58:37.462	0.84725	0.84726			6
2024.08.02	01:58:38.119	0.84726	0.84727			6
2024.08.02	01:58:39.790	0.84724	0.84725			6
2024.08.02	01:58:40.092	0.84725	0.84726			6
2024.08.02	01:58:41.971	0.84726	0.84727			6
2024.08.02	01:58:46.388	0.84725	0.84726			6
2024.08.02	01:58:49.262	0.84726	0.84727			6
2024.08.02	01:58:50.048	0.84724	0.84726			6
2024.08.02	01:58:50.351		0.84725			4
2024.08.02	01:58:51.027	0.84726	0.84727			6
2024.08.02	01:58:51.843	0.84725	0.84726			6
2024.08.02	01:58:52.150	0.84723	0.84725			6
2024.08.02	01:58:54.078	0.84724				2
2024.08.02	01:58:55.264		0.84726			4
2024.08.02	01:59:00.461	0.84724	0.84725			6
2024.08.02	01:59:03.586		0.84726			4
2024.08.02	01:59:05.314		0.84725			4
2024.08.02	01:59:07.146	0.84723				2
2024.08.02	01:59:13.815	0.84722				2
2024.08.02	01:59:15.450	0.84723				2
2024.08.02	01:59:16.935	0.84722				2
2024.08.02	01:59:19.266		0.84724			4
2024.08.02	01:59:21.696		0.84725			4
2024.08.02	01:59:24.453	0.84721	0.84723			6
2024.08.02	01:59:25.643	0.84722				2
2024.08.02	01:59:26.541	0.84721	0.84722			6
2024.08.02	01:59:52.205		0.84723			4
2024.08.02	01:59:52.515	0.84722				2
2024.08.02	01:59:54.251	0.84721	0.84722			6
2024.08.02	02:00:00.376	0.84722	0.84723			6
2024.08.02	02:00:04.830	0.84723	0.84724			6
2024.08.02	02:00:07.629	0.84724	0.84725			6
2024.08.02	02:00:11.019	0.84723	0.84724			6
2024.08.02	02:00:13.314	0.84724	0.84725			6
2024.08.02	02:00:16.791	0.84723				2
2024.08.02	02:00:17.102	0.84724				2
2024.08.02	02:00:18.223	0.84725	0.84726			6
2024.08.02	02:00:25.866	0.84724	0.84725			6
2024.08.02	02:00:31.167	0.84726	0.84727			6
2024.08.02	02:00:31.790	0.84725	0.84726			6
2024.08.02	02:00:45.841	0.84726	0.84727			6
2024.08.02	02:01:00.332	0.84726				2
2024.08.02	02:01:00.645	0.84725	0.84726			6
2024.08.02	02:01:08.343	0.84724	0.84725			6
2024.08.02	02:01:10.178	0.84725	0.84726			6
2024.08.02	02:01:25.178	0.84724	0.84725			6
2024.08.02	02:01:42.926	0.84723	0.84724			6
2024.08.02	02:01:43.575	0.84724	0.84725			6
2024.08.02	02:01:56.048	0.84725	0.84726			6
2024.08.02	02:02:00.390	0.84725				2
2024.08.02	02:02:06.101	0.84726	0.84727			6
2024.08.02	02:02:06.924	0.84728	0.84729			6
2024.08.02	02:02:07.594	0.84727	0.84728			6
2024.08.02	02:02:10.774	0.84728	0.84729			6
2024.08.02	02:02:11.096	0.84727	0.84728			6
2024.08.02	02:02:20.596	0.84726	0.84727			6
2024.08.02	02:02:21.723	0.84727	0.84728			6
2024.08.02	02:02:37.961	0.84726	0.84727			6
2024.08.02	02:02:42.748	0.84725	0.84726			6
2024.08.02	02:02:56.632	0.84724	0.84725			6
2024.08.02	02:02:57.869	0.84725	0.84726			6
2024.08.02	02:03:00.441	0.84725				2
2024.08.02	02:03:09.348	0.84726	0.84727			6
2024.08.02	02:03:24.221	0.84725	0.84726			6
2024.08.02	02:03:24.765	0.84726	0.84727			6
2024.08.02	02:03:26.556	0.84728	0.84729			6
2024.08.02	02:04:00.977	0.84728				2
2024.08.02	02:04:10.709	0.84726	0.84727			6
2024.08.02	02:04:12.390	0.84727	0.84728			6
2024.08.02	02:04:20.761	0.84725				2
2024.08.02	02:04:21.110		0.84727			4
2024.08.02	02:04:22.267	0.84727	0.84728			6
2024.08.02	02:04:24.593	0.84728	0.84729			6
2024.08.02	02:04:31.615	0.84729	0.84730			6
2024.08.02	02:04:38.560	0.84730	0.84731			6
2024.08.02	02:04:54.248	0.84731	0.84732			6
2024.08.02	02:04:57.344	0.84733	0.84734			6
2024.08.02	02:05:00.022	0.84733				2
2024.08.02	02:05:00.959	0.84735	0.84736			6
2024.08.02	02:05:14.805	0.84734	0.84735			6
2024.08.02	02:05:15.124	0.84736	0.84737			6
2024.08.02	02:05:16.325	0.84734	0.84735			6
2024.08.02	02:05:19.218	0.84733	0.84734			6
2024.08.02	02:05:19.525	0.84734	0.84735			6
2024.08.02	02:05:25.246	0.84733	0.84734			6
2024.08.02	02:05:37.379	0.84734	0.84735			6
2024.08.02	02:05:57.220	0.84733	0.84734			6
2024.08.02	02:05:59.267	0.84734	0.84735			6
2024.08.02	02:05:59.594	0.84733	0.84734			6
2024.08.02	02:06:00.048	0.84733				2
2024.08.02	02:06:07.055	0.84735	0.84736			6
2024.08.02	02:06:07.388	0.84734				2
2024.08.02	02:06:09.950	0.84733				2
2024.08.02	02:06:11.090	0.84734	0.84735			6
2024.08.02	02:06:11.469	0.84735	0.84736			6
2024.08.02	02:06:16.575	0.84734	0.84735			6
2024.08.02	02:06:32.959	0.84735	0.84736			6
2024.08.02	02:06:47.128	0.84733	0.84735			6
2024.08.02	02:06:47.432	0.84734				2
2024.08.02	02:06:53.786	0.84736	0.84737			6
2024.08.02	02:06:58.043	0.84737	0.84738			6
2024.08.02	02:07:00.318	0.84737				2
2024.08.02	02:07:07.881	0.84736	0.84737			6
2024.08.02	02:07:13.704	0.84732	0.84734			6
2024.08.02	02:07:16.819	0.84734	0.84735			6
2024.08.02	02:07:17.131	0.84733	0.84734			6
2024.08.02	02:07:18.818	0.84734	0.84735			6
2024.08.02	02:07:19.232	0.84733				2
2024.08.02	02:07:21.626	0.84734				2
2024.08.02	02:07:31.766		0.84736			4
2024.08.02	02:07:38.678	0.84735				2
2024.08.02	02:07:43.003	0.84733	0.84735			6
2024.08.02	02:07:56.931	0.84734				2
2024.08.02	02:08:00.360	0.84734				2
2024.08.02	02:08:09.877	0.84735	0.84736			6
2024.08.02	02:08:12.331	0.84734	0.84735			6
2024.08.02	02:08:27.179	0.84735	0.84736			6
2024.08.02	02:08:29.013	0.84736	0.84737			6
2024.08.02	02:08:36.664	0.84735	0.84736			6
2024.08.02	02:08:55.854	0.84734	0.84735			6
2024.08.02	02:09:01.065	0.84735	0.84736			6
2024.08.02	02:09:53.298	0.84736	0.84737			6
2024.08.02	02:09:58.098	0.84735	0.84736			6
2024.08.02	02:10:00.531	0.84735				2
2024.08.02	02:10:00.857	0.84734	0.84735			6
2024.08.02	02:10:01.226	0.84733	0.84734			6
2024.08.02	02:10:01.546	0.84734	0.84735			6
2024.08.02	02:10:43.090	0.84735	0.84736			6
2024.08.02	02:10:43.833	0.84734	0.84735			6
2024.08.02	02:10:47.186	0.84733	0.84734			6
2024.08.02	02:10:48.964	0.84734	0.84735			6
2024.08.02	02:11:00.415	0.84734				2
2024.08.02	02:11:10.333	0.84735	0.84736			6
2024.08.02	02:11:10.662	0.84734	0.84735			6
2024.08.02	02:11:14.431	0.84735	0.84736			6
2024.08.02	02:11:26.956	0.84734	0.84735			6
2024.08.02	02:11:32.400	0.84735	0.84736			6
2024.08.02	02:11:35.633	0.84734	0.84735			6
2024.08.02	02:11:36.647	0.84735	0.84736			6
2024.08.02	02:11:41.672	0.84734	0.84735			6
2024.08.02	02:11:44.386	0.84735	0.84736			6
2024.08.02	02:11:51.938	0.84734	0.84735			6
2024.08.02	02:11:55.729	0.84735	0.84736			6
2024.08.02	02:11:58.783	0.84734	0.84735			6
2024.08.02	02:12:00.311	0.84734				2
2024.08.02	02:12:01.053	0.84735	0.84736			6
2024.08.02	02:12:11.481	0.84734	0.84735			6
2024.08.02	02:12:15.929	0.84735	0.84736			6
2024.08.02	02:12:29.739	0.84734	0.84735			6
2024.08.02	02:12:32.604	0.84735	0.84736			6
2024.08.02	02:12:39.100	0.84734	0.84735			6
2024.08.02	02:12:53.125	0.84733	0.84734			6
2024.08.02	02:13:01.114	0.84733				2
2024.08.02	02:13:06.176	0.84734	0.84735			6
2024.08.02	02:13:26.661	0.84733	0.84734			6
2024.08.02	02:14:00.032	0.84733				2
2024.08.02	02:14:18.296	0.84734	0.84735			6
2024.08.02	02:14:29.893	0.84733	0.84734			6
2024.08.02	02:14:30.203	0.84734	0.84735			6
2024.08.02	02:14:32.261	0.84733	0.84734			6
2024.08.02	02:14:35.303	0.84734	0.84735			6
2024.08.02	02:14:35.608	0.84733	0.84734			6
2024.08.02	02:14:36.314	0.84734	0.84735			6
2024.08.02	02:14:58.095	0.84735	0.84736			6
2024.08.02	02:15:00.314	0.84735				2
2024.08.02	02:15:07.963	0.84734	0.84735			6
2024.08.02	02:15:35.082	0.84735	0.84736			6
2024.08.02	02:15:39.811	0.84734	0.84735			6
2024.08.02	02:15:45.704	0.84733				2
2024.08.02	02:15:46.006	0.84735	0.84736			6
2024.08.02	02:15:48.489	0.84734	0.84735			6
2024.08.02	02:16:00.280	0.84733	0.84734			6
2024.08.02	02:16:02.349		0.84735			4
2024.08.02	02:16:05.782	0.84732	0.84733			6
2024.08.02	02:16:10.174		0.84734			4
2024.08.02	02:16:10.490		0.84733			4
2024.08.02	02:16:14.093	0.84729	0.84730			6
2024.08.02	02:16:15.162	0.84733	0.84734			6
2024.08.02	02:16:15.490	0.84732	0.84733			6
2024.08.02	02:16:16.273		0.84734			4
2024.08.02	02:16:20.303	0.84733				2
2024.08.02	02:16:25.674	0.84732				2
2024.08.02	02:16:42.381	0.84731	0.84733			6
2024.08.02	02:16:42.683		0.84732			4
2024.08.02	02:16:47.980	0.84730				2
2024.08.02	02:16:49.933		0.84731			4
2024.08.02	02:16:51.209	0.84729				2
2024.08.02	02:16:56.112		0.84730			4
2024.08.02	02:16:56.849	0.84730	0.84731			6
2024.08.02	02:16:58.201	0.84729	0.84730			6
2024.08.02	02:17:00.329	0.84729				2
2024.08.02	02:17:07.296	0.84728				2
2024.08.02	02:17:13.361	0.84729	0.84731			6
2024.08.02	02:17:14.868	0.84728	0.84730			6
2024.08.02	02:17:16.724		0.84731			4
2024.08.02	02:17:17.024	0.84729	0.84732			6
2024.08.02	02:17:20.721	0.84727	0.84731			6
2024.08.02	02:17:22.416	0.84728				2
2024.08.02	02:17:44.359	0.84727				2
2024.08.02	02:17:44.729	0.84729				2
2024.08.02	02:17:45.052	0.84728				2
2024.08.02	02:17:47.921	0.84729				2
2024.08.02	02:17:51.720	0.84728	0.84730			6
2024.08.02	02:17:52.725	0.84729	0.84731			6
2024.08.02	02:17:54.464		0.84732			4
2024.08.02	02:17:55.420	0.84727	0.84731			6
2024.08.02	02:17:55.991	0.84729				2
2024.08.02	02:17:57.678	0.84728				2
2024.08.02	02:17:58.775	0.84729				2
2024.08.02	02:17:59.498	0.84728				2
2024.08.02	02:17:59.932		0.84730			4
2024.08.02	02:18:00.243	0.84729	0.84731			6
2024.08.02	02:18:00.644	0.84728				2
2024.08.02	02:18:04.328	0.84727	0.84730			6
2024.08.02	02:18:06.514	0.84728				2
2024.08.02	02:18:12.890		0.84731			4
2024.08.02	02:18:13.204	0.84729				2
2024.08.02	02:18:18.066	0.84728				2
2024.08.02	02:18:27.045	0.84729				2
2024.08.02	02:18:27.372	0.84728				2
2024.08.02	02:18:27.686	0.84730				2
2024.08.02	02:18:28.444		0.84732			4
2024.08.02	02:18:29.712	0.84729				2
2024.08.02	02:18:33.655		0.84731			4
2024.08.02	02:18:34.787	0.84728				2
2024.08.02	02:18:36.371	0.84730				2
2024.08.02	02:18:37.688		0.84733			4
2024.08.02	02:18:38.045		0.84732			4
2024.08.02	02:18:44.692		0.84731			4
2024.08.02	02:18:51.569		0.84732			4
2024.08.02	02:18:52.316	0.84731	0.84734			6
2024.08.02	02:18:56.599	0.84729	0.84733			6
2024.08.02	02:18:58.050	0.84731				2
2024.08.02	02:18:58.390	0.84730	0.84734			6
2024.08.02	02:18:59.494	0.84731				2
2024.08.02	02:19:02.101	0.84730	0.84733			6
2024.08.02	02:19:05.764	0.84729	0.84732			6
2024.08.02	02:19:13.061	0.84731	0.84734			6
2024.08.02	02:19:15.412	0.84730	0.84733			6
2024.08.02	02:19:15.742	0.84731	0.84734			6
2024.08.02	02:19:18.398	0.84728	0.84731			6
2024.08.02	02:19:21.235	0.84731	0.84733			6
2024.08.02	02:19:21.543	0.84729	0.84732			6
2024.08.02	02:19:21.864		0.84731			4
2024.08.02	02:19:22.349	0.84728				2
2024.08.02	02:19:28.918	0.84729				2
2024.08.02	02:19:37.395	0.84728	0.84732			6
2024.08.02	02:19:38.353		0.84731			4
2024.08.02	02:19:38.693		0.84732			4
2024.08.02	02:19:39.330	0.84730	0.84731			6
2024.08.02	02:19:41.079	0.84729				2
2024.08.02	02:19:41.446	0.84728				2
2024.08.02	02:19:45.705		0.84732			4
2024.08.02	02:19:46.343		0.84731			4
2024.08.02	02:19:55.242	0.84729				2
2024.08.02	02:19:55.955	0.84728				2
2024.08.02	02:20:00.077	0.84728				2
2024.08.02	02:20:06.425		0.84730			4
2024.08.02	02:20:07.073	0.84729	0.84731			6
2024.08.02	02:20:10.596	0.84728				2
2024.08.02	02:20:16.580	0.84729				2
2024.08.02	02:20:16.905	0.84728				2
2024.08.02	02:20:19.280		0.84732			4
2024.08.02	02:20:19.624		0.84731			4
2024.08.02	02:20:20.067	0.84730	0.84734			6
2024.08.02	02:20:21.399	0.84731	0.84733			6
2024.08.02	02:20:22.764	0.84730				2
2024.08.02	02:20:23.085	0.84729	0.84732			6
2024.08.02	02:20:23.593	0.84730				2
2024.08.02	02:20:25.624		0.84733			4
2024.08.02	02:20:26.368		0.84732			4
2024.08.02	02:20:27.378	0.84729				2
2024.08.02	02:20:36.619	0.84730				2
2024.08.02	02:20:38.651		0.84733			4
2024.08.02	02:20:44.783	0.84729				2
2024.08.02	02:20:45.106	0.84730				2
2024.08.02	02:21:00.260	0.84730				2
2024.08.02	02:21:14.055	0.84733	0.84735			6
2024.08.02	02:21:18.662	0.84734				2
2024.08.02	02:21:26.028		0.84736			4
2024.08.02	02:21:30.235		0.84735			4
2024.08.02	02:21:51.545		0.84736			4
2024.08.02	02:22:01.115	0.84733				2
2024.08.02	02:22:08.237		0.84735			4
2024.08.02	02:22:09.454		0.84736			4
2024.08.02	02:22:10.114		0.84735			4
2024.08.02	02:22:14.795	0.84732				2
2024.08.02	02:22:15.195	0.84733				2
2024.08.02	02:22:16.272	0.84732				2
2024.08.02	02:22:17.203	0.84733				2
2024.08.02	02:22:18.975	0.84732				2
2024.08.02	02:22:20.221	0.84733				2
2024.08.02	02:22:26.184		0.84734			4
2024.08.02	02:22:31.207	0.84736	0.84738			6
2024.08.02	02:22:32.959	0.84735	0.84739			6
2024.08.02	02:22:34.765	0.84737	0.84740			6
2024.08.02	02:22:39.788		0.84741			4
2024.08.02	02:22:47.143	0.84738				2
2024.08.02	02:22:52.262	0.84737	0.84739			6
2024.08.02	02:22:52.570	0.84738	0.84740			6
2024.08.02	02:23:00.717	0.84738	0.84739			6
2024.08.02	02:23:11.607	0.84737				2
2024.08.02	02:23:22.203	0.84735	0.84737			6
2024.08.02	02:23:25.774	0.84734	0.84736			6
2024.08.02	02:23:31.059		0.84735			4
2024.08.02	02:23:36.582	0.84733				2
2024.08.02	02:23:39.348	0.84732	0.84734			6
2024.08.02	02:23:46.142	0.84733	0.84735			6
2024.08.02	02:23:50.013	0.84735	0.84737			6
2024.08.02	02:23:53.071		0.84736			4
2024.08.02	02:23:54.813		0.84737			4
2024.08.02	02:23:55.455		0.84736			4
2024.08.02	02:23:56.261		0.84737			4
2024.08.02	02:23:57.238		0.84736			4
2024.08.02	02:24:00.856	0.84735	0.84737			6
2024.08.02	02:24:02.043		0.84736			4
2024.08.02	02:24:08.841	0.84734	0.84735			6
2024.08.02	02:24:09.143	0.84733				2
2024.08.02	02:24:09.466		0.84736			4
2024.08.02	02:24:10.681		0.84735			4
2024.08.02	02:24:10.988		0.84736			4
2024.08.02	02:24:13.472		0.84735			4
2024.08.02	02:24:15.829		0.84736			4
2024.08.02	02:24:16.176		0.84735			4
2024.08.02	02:24:17.852		0.84736			4
2024.08.02	02:24:22.128		0.84735			4
2024.08.02	02:24:25.115		0.84736			4
2024.08.02	02:24:25.775		0.84735			4
2024.08.02	02:24:26.825		0.84736			4
2024.08.02	02:24:27.134		0.84735			4
2024.08.02	02:24:41.685	0.84730	0.84734			6
2024.08.02	02:24:42.044	0.84731				2
2024.08.02	02:24:43.615		0.84735			4
2024.08.02	02:24:52.323	0.84730				2
2024.08.02	02:24:57.014	0.84731	0.84733			6
2024.08.02	02:24:57.343	0.84730				2
2024.08.02	02:25:00.364	0.84731				2
2024.08.02	02:25:05.181		0.84734			4
2024.08.02	02:25:08.096	0.84732				2
2024.08.02	02:25:08.820	0.84731				2
2024.08.02	02:25:16.866	0.84732				2
2024.08.02	02:25:23.164	0.84731				2
2024.08.02	02:25:32.729		0.84735			4
2024.08.02	02:25:34.833	0.84732				2
2024.08.02	02:25:40.665	0.84733				2
2024.08.02	02:25:43.041		0.84736			4
2024.08.02	02:25:43.519		0.84735			4
2024.08.02	02:25:43.845		0.84736			4
2024.08.02	02:25:44.158		0.84735			4
2024.08.02	02:26:00.148	0.84733				2
2024.08.02	02:26:00.626	0.84732				2
2024.08.02	02:26:12.711		0.84736			4
2024.08.02	02:26:13.043		0.84735			4
2024.08.02	02:26:13.374		0.84736			4
2024.08.02	02:26:14.030		0.84735			4
2024.08.02	02:26:17.139	0.84733				2
2024.08.02	02:26:18.389	0.84732				2
2024.08.02	02:26:22.976	0.84733				2
2024.08.02	02:26:23.299		0.84736			4
2024.08.02	02:26:23.611		0.84735			4
2024.08.02	02:26:25.546	0.84731	0.84733			6
2024.08.02	02:26:31.017	0.84732	0.84734			6
2024.08.02	02:26:33.002	0.84730	0.84733			6
2024.08.02	02:26:34.346		0.84734			4
2024.08.02	02:26:38.801		0.84733			4
2024.08.02	02:26:50.882	0.84729	0.84731			6
2024.08.02	02:26:53.967	0.84728	0.84730			6
2024.08.02	02:27:00.093	0.84728				2
2024.08.02	02:27:03.873		0.84731			4
2024.08.02	02:27:11.055		0.84730			4
2024.08.02	02:27:19.371	0.84727				2
2024.08.02	02:27:20.317	0.84726	0.84731			6
2024.08.02	02:27:21.956	0.84727	0.84730			6
2024.08.02	02:27:22.268	0.84726				2
2024.08.02	02:27:25.377	0.84727				2
2024.08.02	02:27:27.309	0.84726				2
2024.08.02	02:27:28.492	0.84727				2
2024.08.02	02:27:32.681		0.84731			4
2024.08.02	02:27:36.577		0.84730			4
2024.08.02	02:27:47.672	0.84726				2
2024.08.02	02:27:49.601	0.84725	0.84728			6
2024.08.02	02:27:50.025	0.84726				2
2024.08.02	02:27:50.334	0.84725				2
2024.08.02	02:28:00.133	0.84725				2
2024.08.02	02:28:06.762	0.84723	0.84727			6
2024.08.02	02:28:07.087		0.84726			4
2024.08.02	02:28:14.513	0.84724	0.84727			6
2024.08.02	02:28:16.561	0.84725				2
2024.08.02	02:28:29.348		0.84728			4
2024.08.02	02:28:30.605	0.84724	0.84727			6
2024.08.02	02:28:31.266		0.84728			4
2024.08.02	02:28:32.401		0.84727			4
2024.08.02	02:28:41.610	0.84725	0.84728			6
2024.08.02	02:28:49.680		0.84729			4
2024.08.02	02:28:56.547		0.84728			4
2024.08.02	02:28:57.603	0.84724				2
2024.08.02	02:28:57.964		0.84727			4
2024.08.02	02:28:59.705		0.84728			4
2024.08.02	02:29:00.057	0.84725				2
2024.08.02	02:29:17.419	0.84726				2
2024.08.02	02:29:36.419		0.84729			4
2024.08.02	02:29:36.722	0.84727	0.84730			6
2024.08.02	02:29:41.270	0.84730	0.84731			6
2024.08.02	02:29:46.897	0.84729	0.84730			6
2024.08.02	02:29:47.985	0.84728	0.84729			6
2024.08.02	02:29:50.313	0.84729	0.84730			6
2024.08.02	02:29:50.631	0.84728	0.84729			6
2024.08.02	02:29:57.964	0.84727	0.84728			6
2024.08.02	02:30:00.350	0.84727				2
2024.08.02	02:30:06.967	0.84730	0.84731			6
2024.08.02	02:30:07.282	0.84729	0.84730			6
2024.08.02	02:30:18.199	0.84727	0.84728			6
2024.08.02	02:30:18.502	0.84726	0.84727			6
2024.08.02	02:30:18.943	0.84727	0.84728			6
2024.08.02	02:30:22.820	0.84728	0.84729			6
2024.08.02	02:30:23.153	0.84727	0.84728			6
2024.08.02	02:30:38.255	0.84728	0.84729			6
2024.08.02	02:30:43.866	0.84727	0.84728			6
2024.08.02	02:31:00.913	0.84727				2
2024.08.02	02:31:31.279	0.84728	0.84729			6
2024.08.02	02:31:38.286	0.84731	0.84732			6
2024.08.02	02:31:38.633	0.84730	0.84731			6
2024.08.02	02:31:39.904	0.84727	0.84728			6
2024.08.02	02:31:49.475	0.84726	0.84727			6
2024.08.02	02:31:58.438	0.84727	0.84728			6
2024.08.02	02:32:00.888	0.84727				2
2024.08.02	02:32:16.050	0.84732	0.84733			6
2024.08.02	02:32:16.353	0.84731	0.84732			6
2024.08.02	02:32:25.440	0.84730	0.84731			6
2024.08.02	02:32:30.947	0.84731	0.84732			6
2024.08.02	02:32:31.330	0.84730	0.84731			6
2024.08.02	02:32:33.842	0.84731	0.84732			6
2024.08.02	02:32:58.093	0.84732	0.84733			6
2024.08.02	02:33:00.075	0.84732				2
2024.08.02	02:33:13.638	0.84731	0.84732			6
2024.08.02	02:33:16.755	0.84732	0.84733			6
2024.08.02	02:33:23.025	0.84731	0.84732			6
2024.08.02	02:33:23.334	0.84732	0.84733			6
2024.08.02	02:33:33.329	0.84731	0.84732			6
2024.08.02	02:33:50.228	0.84732	0.84733			6
2024.08.02	02:34:00.356	0.84732				2
2024.08.02	02:34:12.973	0.84731	0.84732			6
2024.08.02	02:34:19.099	0.84732	0.84733			6
2024.08.02	02:34:40.969	0.84731	0.84732			6
2024.08.02	02:34:41.285	0.84732	0.84733			6
2024.08.02	02:34:54.977	0.84731	0.84732			6
2024.08.02	02:34:57.646	0.84732	0.84733			6
2024.08.02	02:34:57.959	0.84733	0.84734			6
2024.08.02	02:34:59.030	0.84732	0.84733			6
2024.08.02	02:35:00.347	0.84732				2
2024.08.02	02:35:29.125	0.84730	0.84731			6
2024.08.02	02:35:29.452	0.84729				2
2024.08.02	02:35:32.370		0.84730			4
2024.08.02	02:35:53.372	0.84728				2
2024.08.02	02:36:01.375	0.84728				2
2024.08.02	02:36:03.412	0.84729				2
2024.08.02	02:36:03.722	0.84728				2
2024.08.02	02:36:05.777	0.84729				2
2024.08.02	02:36:08.966	0.84730	0.84731			6
2024.08.02	02:36:13.571	0.84728				2
2024.08.02	02:36:17.376	0.84726	0.84730			6
2024.08.02	02:36:17.689	0.84728				2
2024.08.02	02:36:20.576	0.84727				2
2024.08.02	02:36:21.321	0.84726				2
2024.08.02	02:36:22.526	0.84727				2
2024.08.02	02:36:22.983	0.84728				2
2024.08.02	02:36:23.303	0.84727				2
2024.08.02	02:36:23.932		0.84731			4
2024.08.02	02:36:24.393	0.84728				2
2024.08.02	02:36:24.707	0.84729	0.84730			6
2024.08.02	02:36:25.281	0.84728				2
2024.08.02	02:36:26.496	0.84730	0.84731			6
2024.08.02	02:36:28.188	0.84731	0.84732			6
2024.08.02	02:36:32.251	0.84730	0.84731			6
2024.08.02	02:36:53.743	0.84731	0.84732			6
2024.08.02	02:36:57.644	0.84732	0.84733			6
2024.08.02	02:37:00.662	0.84732				2
2024.08.02	02:37:14.843	0.84733	0.84734			6
2024.08.02	02:37:15.419	0.84732	0.84733			6
2024.08.02	02:37:42.776	0.84731				2
2024.08.02	02:37:45.614		0.84732			4
2024.08.02	02:37:51.023	0.84732	0.84733			6
2024.08.02	02:37:51.346	0.84734	0.84735			6
