<DATE>	<TIME>	<BID>	<ASK>	<LAST>	<VOLUME>	<FLAGS>
2024.10.15	00:00:00.414	0.83509	0.83560			6
2024.10.15	00:00:00.920	0.83420	0.83624			6
2024.10.15	00:00:04.503	0.83458	0.83658			6
2024.10.15	00:00:06.934	0.83420	0.83624			6
2024.10.15	00:00:31.324	0.83472	0.83672			6
2024.10.15	00:01:00.419	0.83472				2
2024.10.15	00:01:31.538	0.83473	0.83672			6
2024.10.15	00:02:21.605	0.83473				2
2024.10.15	00:02:26.534	0.83472				2
2024.10.15	00:02:42.551		0.83672			4
2024.10.15	00:02:55.142	0.83473	0.83670			6
2024.10.15	00:02:56.845		0.83632			4
2024.10.15	00:02:57.250	0.83474	0.83622			6
2024.10.15	00:03:01.455	0.83474				2
2024.10.15	00:04:09.321	0.83474	0.83622			6
2024.10.15	00:04:30.131	0.83497				2
2024.10.15	00:05:05.987	0.83497	0.83617			6
2024.10.15	00:05:10.342		0.83618			4
2024.10.15	00:05:12.372		0.83619			4
2024.10.15	00:05:15.685		0.83618			4
2024.10.15	00:05:21.119		0.83616			4
2024.10.15	00:05:22.373		0.83615			4
2024.10.15	00:05:25.146		0.83617			4
2024.10.15	00:05:25.847		0.83620			4
2024.10.15	00:05:30.249		0.83619			4
2024.10.15	00:05:34.370		0.83621			4
2024.10.15	00:05:36.169		0.83619			4
2024.10.15	00:05:39.830		0.83618			4
2024.10.15	00:05:41.465		0.83619			4
2024.10.15	00:05:44.399		0.83617			4
2024.10.15	00:05:44.906		0.83618			4
2024.10.15	00:05:46.847		0.83619			4
2024.10.15	00:05:50.340		0.83618			4
2024.10.15	00:05:56.718		0.83615			4
2024.10.15	00:06:00.351	0.83497	0.83617			6
2024.10.15	00:06:02.156		0.83622			4
2024.10.15	00:06:18.407		0.83619			4
2024.10.15	00:06:26.438		0.83618			4
2024.10.15	00:06:52.379		0.83621			4
2024.10.15	00:06:58.360		0.83620			4
2024.10.15	00:07:02.374	0.83497	0.83618			6
2024.10.15	00:07:08.397		0.83617			4
2024.10.15	00:07:12.413		0.83620			4
2024.10.15	00:07:22.387		0.83617			4
2024.10.15	00:07:37.409	0.83474	0.83593			6
2024.10.15	00:07:49.229		0.83588			4
2024.10.15	00:08:02.381	0.83474				2
2024.10.15	00:08:37.381		0.83593			4
2024.10.15	00:08:41.645		0.83577			4
2024.10.15	00:09:06.389	0.83474				2
2024.10.15	00:09:31.074	0.83463	0.83559			6
2024.10.15	00:09:36.928		0.83553			4
2024.10.15	00:09:44.966		0.83551			4
2024.10.15	00:10:00.371	0.83481				2
2024.10.15	00:10:01.523	0.83482	0.83552			6
2024.10.15	00:10:06.439	0.83481				2
2024.10.15	00:10:12.340	0.83480	0.83547			6
2024.10.15	00:11:24.987	0.83485	0.83598			6
2024.10.15	00:12:00.923	0.83485				2
2024.10.15	00:12:31.639		0.83598			4
2024.10.15	00:13:03.175	0.83485	0.83587			6
2024.10.15	00:14:02.362	0.83485				2
2024.10.15	00:14:03.887		0.83587			4
2024.10.15	00:14:38.233	0.83484				2
2024.10.15	00:15:02.840	0.83484				2
2024.10.15	00:15:04.106		0.83587			4
2024.10.15	00:16:05.339	0.83484	0.83587			6
2024.10.15	00:17:00.389	0.83484				2
2024.10.15	00:17:06.578		0.83587			4
2024.10.15	00:18:00.438	0.83484				2
2024.10.15	00:18:09.439		0.83587			4
2024.10.15	00:18:26.832	0.83485				2
2024.10.15	00:18:27.339	0.83486				2
2024.10.15	00:19:01.570	0.83486				2
2024.10.15	00:19:12.357		0.83587			4
2024.10.15	00:19:23.841	0.83487				2
2024.10.15	00:19:36.959	0.83485				2
2024.10.15	00:20:00.098	0.83485				2
2024.10.15	00:20:05.421	0.83487				2
2024.10.15	00:20:12.139	0.83488				2
2024.10.15	00:20:12.470		0.83587			4
2024.10.15	00:20:23.185	0.83487				2
2024.10.15	00:20:29.847	0.83488				2
2024.10.15	00:20:33.308	0.83487				2
2024.10.15	00:20:36.141	0.83488				2
2024.10.15	00:20:50.361	0.83487				2
2024.10.15	00:21:00.966	0.83487				2
2024.10.15	00:21:14.739		0.83587			4
2024.10.15	00:22:00.366	0.83487				2
2024.10.15	00:22:18.245		0.83587			4
2024.10.15	00:22:35.166		0.83558			4
2024.10.15	00:22:39.751	0.83486				2
2024.10.15	00:22:40.443	0.83485				2
2024.10.15	00:23:00.437	0.83485				2
2024.10.15	00:23:03.213	0.83486				2
2024.10.15	00:23:18.345	0.83485				2
2024.10.15	00:23:19.043	0.83486				2
2024.10.15	00:23:44.031		0.83558			4
2024.10.15	00:24:03.187	0.83486				2
2024.10.15	00:24:19.384	0.83487				2
2024.10.15	00:24:23.874	0.83486				2
2024.10.15	00:24:24.747	0.83487				2
2024.10.15	00:24:28.342	0.83488				2
2024.10.15	00:24:32.843	0.83487				2
2024.10.15	00:24:43.039	0.83488				2
2024.10.15	00:24:45.263		0.83558			4
2024.10.15	00:25:00.309	0.83488				2
2024.10.15	00:25:35.170	0.83487				2
2024.10.15	00:25:45.744		0.83558			4
2024.10.15	00:26:06.932	0.83487				2
2024.10.15	00:26:23.417	0.83488				2
2024.10.15	00:26:27.143	0.83487				2
2024.10.15	00:26:38.253	0.83488				2
2024.10.15	00:26:48.190		0.83558			4
2024.10.15	00:26:56.633	0.83498				2
2024.10.15	00:27:00.321	0.83498				2
2024.10.15	00:27:49.039		0.83558			4
2024.10.15	00:28:03.794	0.83498				2
2024.10.15	00:28:50.270		0.83558			4
2024.10.15	00:29:00.078	0.83498				2
2024.10.15	00:29:01.273	0.83506	0.83549			6
2024.10.15	00:29:03.182	0.83498	0.83558			6
2024.10.15	00:30:00.373	0.83489				2
2024.10.15	00:30:05.503		0.83558			4
2024.10.15	00:30:11.517	0.83490				2
2024.10.15	00:30:22.809	0.83491				2
2024.10.15	00:30:31.925	0.83492				2
2024.10.15	00:30:38.239	0.83493				2
2024.10.15	00:31:02.529	0.83493				2
2024.10.15	00:31:02.973	0.83494				2
2024.10.15	00:31:03.700	0.83495				2
2024.10.15	00:31:04.691	0.83496				2
2024.10.15	00:31:11.097		0.83558			4
2024.10.15	00:31:22.043	0.83497				2
2024.10.15	00:31:23.094	0.83496				2
2024.10.15	00:31:24.681	0.83497				2
2024.10.15	00:31:52.069	0.83498				2
2024.10.15	00:31:59.354	0.83497				2
2024.10.15	00:32:02.315	0.83497				2
2024.10.15	00:32:12.561		0.83558			4
2024.10.15	00:32:14.239	0.83498				2
2024.10.15	00:32:35.560		0.83578			4
2024.10.15	00:32:43.081	0.83499				2
2024.10.15	00:33:02.310	0.83499				2
2024.10.15	00:33:12.044		0.83582			4
2024.10.15	00:33:50.276	0.83501				2
2024.10.15	00:33:51.043	0.83500				2
2024.10.15	00:34:03.352	0.83500				2
2024.10.15	00:34:07.046		0.83583			4
2024.10.15	00:35:00.738	0.83500				2
2024.10.15	00:35:02.053		0.83582			4
2024.10.15	00:35:37.381	0.83501				2
2024.10.15	00:35:42.741	0.83502				2
2024.10.15	00:36:00.602	0.83502				2
2024.10.15	00:36:03.144		0.83582			4
2024.10.15	00:36:07.339		0.83556			4
2024.10.15	00:36:07.830	0.83501				2
2024.10.15	00:37:00.504	0.83501				2
2024.10.15	00:37:09.315		0.83556			4
2024.10.15	00:37:09.925	0.83502				2
2024.10.15	00:37:10.242	0.83503				2
2024.10.15	00:37:11.349	0.83504				2
2024.10.15	00:37:12.391	0.83503				2
2024.10.15	00:37:24.834	0.83502				2
2024.10.15	00:37:37.473	0.83503				2
2024.10.15	00:37:45.946	0.83504				2
2024.10.15	00:38:00.602	0.83504				2
2024.10.15	00:38:10.615		0.83556			4
2024.10.15	00:39:00.599	0.83504				2
2024.10.15	00:39:08.582	0.83506				2
2024.10.15	00:39:12.718		0.83556			4
2024.10.15	00:40:06.492	0.83506				2
2024.10.15	00:40:14.110		0.83556			4
2024.10.15	00:41:01.571	0.83506				2
2024.10.15	00:41:15.751		0.83556			4
2024.10.15	00:41:31.128		0.83550			4
2024.10.15	00:41:32.195		0.83556			4
2024.10.15	00:42:00.427	0.83506				2
2024.10.15	00:42:12.711	0.83505				2
2024.10.15	00:42:35.155		0.83556			4
2024.10.15	00:42:37.478	0.83506				2
2024.10.15	00:43:00.924	0.83506				2
2024.10.15	00:43:07.471	0.83507				2
2024.10.15	00:43:37.353		0.83556			4
2024.10.15	00:44:00.601	0.83507				2
2024.10.15	00:44:37.603		0.83556			4
2024.10.15	00:45:00.150	0.83507				2
2024.10.15	00:45:02.073	0.83502	0.83555			6
2024.10.15	00:45:04.006	0.83507	0.83556			6
2024.10.15	00:45:07.358	0.83519	0.83544			6
2024.10.15	00:46:02.355	0.83519				2
2024.10.15	00:46:07.461	0.83518	0.83544			6
2024.10.15	00:46:12.591	0.83517				2
2024.10.15	00:46:27.767	0.83516	0.83546			6
2024.10.15	00:46:29.344	0.83517				2
2024.10.15	00:46:36.435	0.83516				2
2024.10.15	00:46:42.508	0.83515				2
2024.10.15	00:46:47.672		0.83544			4
2024.10.15	00:46:50.157	0.83516				2
2024.10.15	00:46:52.511	0.83519				2
2024.10.15	00:46:55.515	0.83515				2
2024.10.15	00:47:02.108	0.83510	0.83539			6
2024.10.15	00:47:04.047	0.83515	0.83544			6
2024.10.15	00:47:47.581	0.83516	0.83545			6
2024.10.15	00:47:48.614	0.83515				2
2024.10.15	00:47:50.902	0.83516				2
2024.10.15	00:47:52.362	0.83515				2
2024.10.15	00:47:54.316	0.83516				2
2024.10.15	00:48:00.177	0.83517				2
2024.10.15	00:48:40.947	0.83518				2
2024.10.15	00:48:47.688		0.83543			4
2024.10.15	00:49:00.600	0.83518				2
2024.10.15	00:49:05.542	0.83517				2
2024.10.15	00:49:50.241		0.83543			4
2024.10.15	00:50:00.390	0.83517				2
2024.10.15	00:50:41.040		0.83542			4
2024.10.15	00:50:47.010	0.83516	0.83543			6
2024.10.15	00:50:49.601	0.83515	0.83544			6
2024.10.15	00:50:58.429	0.83517	0.83543			6
2024.10.15	00:51:04.157	0.83516	0.83544			6
2024.10.15	00:51:04.609	0.83517	0.83543			6
2024.10.15	00:51:05.224	0.83516	0.83544			6
2024.10.15	00:51:06.857	0.83517	0.83543			6
2024.10.15	00:51:10.600	0.83516	0.83544			6
2024.10.15	00:51:12.826	0.83515	0.83545			6
2024.10.15	00:51:22.503	0.83517	0.83542			6
2024.10.15	00:51:29.068	0.83516	0.83543			6
2024.10.15	00:51:32.055	0.83514	0.83545			6
2024.10.15	00:51:52.456	0.83516	0.83544			6
2024.10.15	00:52:00.521	0.83517	0.83543			6
2024.10.15	00:52:58.481	0.83515	0.83548			6
2024.10.15	00:53:02.405	0.83515				2
2024.10.15	00:53:23.153	0.83514				2
2024.10.15	00:53:23.468	0.83513				2
2024.10.15	00:53:23.955	0.83515				2
2024.10.15	00:53:24.599	0.83516				2
2024.10.15	00:53:27.481	0.83517				2
2024.10.15	00:53:31.512	0.83518				2
2024.10.15	00:53:32.176	0.83517				2
2024.10.15	00:53:41.231		0.83553			4
2024.10.15	00:54:00.078	0.83517				2
2024.10.15	00:54:01.139	0.83518				2
2024.10.15	00:54:43.710		0.83553			4
2024.10.15	00:55:00.600	0.83518				2
2024.10.15	00:55:17.070	0.83517				2
2024.10.15	00:55:17.992	0.83516				2
2024.10.15	00:55:20.841	0.83517				2
2024.10.15	00:55:41.548		0.83556			4
2024.10.15	00:55:42.743		0.83555			4
2024.10.15	00:55:57.038		0.83554			4
2024.10.15	00:55:57.561	0.83516	0.83555			6
2024.10.15	00:56:02.391	0.83516	0.83556			6
2024.10.15	00:56:14.540	0.83517				2
2024.10.15	00:56:36.112	0.83516	0.83557			6
2024.10.15	00:56:37.651	0.83517	0.83556			6
2024.10.15	00:56:38.082	0.83516				2
2024.10.15	00:56:41.854	0.83520	0.83553			6
2024.10.15	00:56:48.825	0.83517	0.83556			6
2024.10.15	00:56:50.006		0.83555			4
2024.10.15	00:57:02.239	0.83516				2
2024.10.15	00:57:04.175		0.83558			4
2024.10.15	00:57:17.365	0.83517	0.83557			6
2024.10.15	00:57:20.221	0.83519	0.83555			6
2024.10.15	00:57:21.323	0.83518	0.83556			6
2024.10.15	00:57:23.094	0.83517	0.83557			6
2024.10.15	00:57:30.682	0.83518				2
2024.10.15	00:57:34.902		0.83556			4
2024.10.15	00:57:59.962		0.83555			4
2024.10.15	00:58:00.445	0.83518	0.83554			6
2024.10.15	00:58:06.925		0.83555			4
2024.10.15	00:58:07.343		0.83553			4
2024.10.15	00:58:15.099		0.83552			4
2024.10.15	00:58:17.508	0.83520	0.83551			6
2024.10.15	00:58:17.813	0.83521	0.83550			6
2024.10.15	00:58:19.341		0.83549			4
2024.10.15	00:58:22.339	0.83520				2
2024.10.15	00:58:45.092	0.83519				2
2024.10.15	00:58:54.411	0.83518	0.83547			6
2024.10.15	00:59:00.807	0.83518				2
2024.10.15	00:59:15.185		0.83548			4
2024.10.15	00:59:23.386	0.83517				2
2024.10.15	01:00:00.271	0.83514	0.83553			6
2024.10.15	01:00:00.609	0.83513				2
2024.10.15	01:00:01.306	0.83512				2
2024.10.15	01:00:01.661	0.83513				2
2024.10.15	01:00:02.462	0.83508	0.83540			6
2024.10.15	01:00:02.781	0.83507	0.83539			6
2024.10.15	01:00:03.135	0.83494	0.83526			6
2024.10.15	01:00:03.441	0.83496	0.83527			6
2024.10.15	01:00:03.891	0.83495	0.83526			6
2024.10.15	01:00:04.414	0.83497	0.83534			6
2024.10.15	01:00:05.262	0.83499	0.83533			6
2024.10.15	01:00:06.136	0.83500	0.83534			6
2024.10.15	01:00:06.450	0.83501	0.83532			6
2024.10.15	01:00:06.844	0.83500	0.83534			6
2024.10.15	01:00:07.217	0.83501	0.83531			6
2024.10.15	01:00:07.523		0.83534			4
2024.10.15	01:00:08.238	0.83500				2
2024.10.15	01:00:09.489	0.83502				2
2024.10.15	01:00:12.129	0.83503	0.83530			6
2024.10.15	01:00:12.498		0.83543			4
2024.10.15	01:00:15.361	0.83506	0.83526			6
2024.10.15	01:00:15.667	0.83503	0.83522			6
2024.10.15	01:00:17.014	0.83501				2
2024.10.15	01:00:17.378	0.83503				2
2024.10.15	01:00:17.807	0.83508				2
2024.10.15	01:00:18.171		0.83524			4
2024.10.15	01:00:18.481		0.83522			4
2024.10.15	01:00:18.792	0.83504	0.83520			6
2024.10.15	01:00:20.817	0.83505				2
2024.10.15	01:00:21.341	0.83504				2
2024.10.15	01:00:30.370	0.83506				2
2024.10.15	01:00:30.676	0.83508	0.83521			6
2024.10.15	01:00:30.996	0.83504				2
2024.10.15	01:00:34.275	0.83507	0.83520			6
2024.10.15	01:00:36.144	0.83505				2
2024.10.15	01:00:42.516	0.83506	0.83521			6
2024.10.15	01:00:43.353	0.83507	0.83520			6
2024.10.15	01:00:44.269	0.83506	0.83521			6
2024.10.15	01:00:47.658	0.83507	0.83520			6
2024.10.15	01:00:50.427	0.83506	0.83521			6
2024.10.15	01:00:50.746	0.83507	0.83519			6
2024.10.15	01:00:51.293	0.83506	0.83521			6
2024.10.15	01:00:52.339		0.83519			4
2024.10.15	01:00:54.151		0.83521			4
2024.10.15	01:00:54.764	0.83505				2
2024.10.15	01:00:55.148	0.83506	0.83519			6
2024.10.15	01:01:00.092	0.83506				2
2024.10.15	01:01:01.430		0.83522			4
2024.10.15	01:01:01.793		0.83523			4
2024.10.15	01:01:05.243	0.83503	0.83521			6
2024.10.15	01:01:06.704	0.83505				2
2024.10.15	01:01:31.673	0.83506				2
2024.10.15	01:01:32.075		0.83520			4
2024.10.15	01:01:32.804	0.83504	0.83521			6
2024.10.15	01:01:46.042		0.83520			4
2024.10.15	01:02:00.539	0.83504				2
2024.10.15	01:02:01.323		0.83519			4
2024.10.15	01:02:08.530		0.83518			4
2024.10.15	01:02:34.155		0.83519			4
2024.10.15	01:02:51.145	0.83505				2
2024.10.15	01:03:00.433	0.83505	0.83517			6
2024.10.15	01:03:00.980	0.83506	0.83519			6
2024.10.15	01:03:01.441		0.83518			4
2024.10.15	01:03:28.211		0.83517			4
2024.10.15	01:03:34.090	0.83507				2
2024.10.15	01:03:43.444		0.83511			4
2024.10.15	01:03:46.059		0.83517			4
2024.10.15	01:03:46.718		0.83518			4
2024.10.15	01:03:49.643		0.83517			4
2024.10.15	01:03:55.516		0.83518			4
2024.10.15	01:03:59.110		0.83517			4
2024.10.15	01:04:00.312	0.83506	0.83516			6
2024.10.15	01:04:03.387	0.83504	0.83515			6
2024.10.15	01:04:04.468	0.83506				2
2024.10.15	01:04:06.667	0.83504				2
2024.10.15	01:04:17.928		0.83514			4
2024.10.15	01:04:19.776		0.83515			4
2024.10.15	01:04:22.422	0.83503	0.83513			6
2024.10.15	01:04:22.940		0.83514			4
2024.10.15	01:04:35.832	0.83504				2
2024.10.15	01:04:56.816	0.83509	0.83517			6
2024.10.15	01:04:57.335		0.83519			4
2024.10.15	01:05:01.475	0.83509				2
2024.10.15	01:05:01.878		0.83518			4
2024.10.15	01:05:05.946	0.83510	0.83519			6
2024.10.15	01:05:45.017	0.83511	0.83520			6
2024.10.15	01:05:46.342	0.83510	0.83519			6
2024.10.15	01:06:00.821	0.83511				2
2024.10.15	01:06:05.246	0.83510				2
2024.10.15	01:06:09.141	0.83511				2
2024.10.15	01:06:20.922	0.83510				2
2024.10.15	01:06:25.039	0.83511				2
2024.10.15	01:06:39.184	0.83510				2
2024.10.15	01:06:41.778		0.83518			4
2024.10.15	01:06:46.549	0.83511	0.83519			6
2024.10.15	01:07:00.175	0.83511				2
2024.10.15	01:07:06.614	0.83510	0.83518			6
2024.10.15	01:07:10.290	0.83512	0.83519			6
2024.10.15	01:07:10.922	0.83513	0.83520			6
2024.10.15	01:07:17.540		0.83521			4
2024.10.15	01:07:21.740		0.83520			4
2024.10.15	01:07:29.995	0.83514				2
2024.10.15	01:07:30.439		0.83521			4
2024.10.15	01:07:44.241		0.83522			4
2024.10.15	01:07:53.403	0.83515				2
2024.10.15	01:08:04.593	0.83515				2
2024.10.15	01:08:49.938		0.83522			4
2024.10.15	01:08:53.301	0.83516				2
2024.10.15	01:08:54.160	0.83515				2
2024.10.15	01:08:55.822	0.83516				2
2024.10.15	01:09:00.092	0.83516				2
2024.10.15	01:09:08.578	0.83515	0.83521			6
2024.10.15	01:09:30.253		0.83517			4
2024.10.15	01:09:45.803	0.83516	0.83522			6
2024.10.15	01:09:48.440	0.83517				2
2024.10.15	01:09:56.908		0.83521			4
2024.10.15	01:10:00.442	0.83517				2
2024.10.15	01:10:09.738	0.83516				2
2024.10.15	01:10:16.162		0.83522			4
2024.10.15	01:10:31.322	0.83517				2
2024.10.15	01:11:00.130	0.83517				2
2024.10.15	01:11:16.164		0.83522			4
2024.10.15	01:12:01.193	0.83517				2
2024.10.15	01:12:07.962		0.83521			4
2024.10.15	01:12:17.547	0.83516				2
2024.10.15	01:12:28.340	0.83517				2
2024.10.15	01:12:36.501		0.83519			4
2024.10.15	01:12:47.471	0.83516	0.83517			6
2024.10.15	01:12:52.685	0.83515				2
2024.10.15	01:12:55.545	0.83517	0.83520			6
2024.10.15	01:13:04.395	0.83517				2
2024.10.15	01:13:07.640	0.83518				2
2024.10.15	01:13:19.169	0.83517				2
2024.10.15	01:13:58.510		0.83520			4
2024.10.15	01:14:01.590	0.83517				2
2024.10.15	01:14:26.818	0.83516				2
2024.10.15	01:14:46.502	0.83517	0.83519			6
2024.10.15	01:14:54.415	0.83516				2
2024.10.15	01:14:57.796	0.83517	0.83520			6
2024.10.15	01:14:58.082		0.83519			4
2024.10.15	01:14:58.553		0.83520			4
2024.10.15	01:15:00.408	0.83517				2
2024.10.15	01:15:06.142	0.83516				2
2024.10.15	01:15:08.080	0.83517				2
2024.10.15	01:15:15.445	0.83518	0.83522			6
2024.10.15	01:15:16.066		0.83521			4
2024.10.15	01:15:53.884	0.83517				2
2024.10.15	01:15:54.441	0.83518				2
2024.10.15	01:15:59.936		0.83520			4
2024.10.15	01:16:00.448	0.83518				2
2024.10.15	01:16:03.740	0.83517				2
2024.10.15	01:16:05.238	0.83518				2
2024.10.15	01:16:29.752	0.83517				2
2024.10.15	01:16:49.414		0.83519			4
2024.10.15	01:16:53.539		0.83520			4
2024.10.15	01:16:53.843		0.83521			4
2024.10.15	01:16:54.354		0.83520			4
2024.10.15	01:16:57.322		0.83521			4
2024.10.15	01:16:58.048		0.83520			4
2024.10.15	01:17:00.138	0.83517				2
2024.10.15	01:17:00.443	0.83518	0.83521			6
2024.10.15	01:17:05.515	0.83517				2
2024.10.15	01:17:13.443	0.83518				2
2024.10.15	01:17:23.275	0.83519	0.83522			6
2024.10.15	01:17:25.362	0.83518				2
2024.10.15	01:17:55.938		0.83521			4
2024.10.15	01:18:00.473	0.83518				2
2024.10.15	01:18:01.493	0.83519	0.83522			6
2024.10.15	01:18:42.737	0.83520	0.83523			6
2024.10.15	01:18:44.088		0.83524			4
2024.10.15	01:19:00.442	0.83520	0.83522			6
2024.10.15	01:19:01.499	0.83522	0.83523			6
2024.10.15	01:19:04.400	0.83520				2
2024.10.15	01:19:04.702	0.83522				2
2024.10.15	01:19:07.803	0.83521				2
2024.10.15	01:19:08.979	0.83522				2
2024.10.15	01:19:10.913	0.83520				2
2024.10.15	01:19:27.974	0.83522				2
2024.10.15	01:19:29.177	0.83520				2
2024.10.15	01:19:39.903	0.83522				2
2024.10.15	01:19:44.876	0.83520				2
2024.10.15	01:19:52.392	0.83522				2
2024.10.15	01:19:53.970	0.83520				2
2024.10.15	01:19:54.302	0.83522				2
2024.10.15	01:19:56.977		0.83524			4
2024.10.15	01:20:00.407	0.83522				2
2024.10.15	01:20:07.114	0.83521				2
2024.10.15	01:20:22.276	0.83522	0.83523			6
2024.10.15	01:20:25.541	0.83521				2
2024.10.15	01:20:26.551	0.83522				2
2024.10.15	01:20:26.889	0.83521				2
2024.10.15	01:20:28.042	0.83522				2
2024.10.15	01:20:28.574	0.83521				2
2024.10.15	01:20:32.376	0.83522				2
2024.10.15	01:20:33.051	0.83521				2
2024.10.15	01:20:38.500	0.83522				2
2024.10.15	01:20:40.474		0.83524			4
2024.10.15	01:20:43.544	0.83521				2
2024.10.15	01:20:44.676	0.83522				2
2024.10.15	01:20:47.554	0.83521				2
2024.10.15	01:20:48.127	0.83522				2
2024.10.15	01:20:48.636	0.83521				2
2024.10.15	01:20:49.855	0.83522				2
2024.10.15	01:20:51.377	0.83521				2
2024.10.15	01:20:52.187		0.83523			4
2024.10.15	01:20:57.241	0.83522				2
2024.10.15	01:20:57.916	0.83521				2
2024.10.15	01:21:01.344	0.83522				2
2024.10.15	01:21:02.064	0.83521				2
2024.10.15	01:21:03.311		0.83522			4
2024.10.15	01:21:03.708		0.83523			4
2024.10.15	01:21:09.657		0.83524			4
2024.10.15	01:21:30.737	0.83522	0.83523			6
2024.10.15	01:21:32.514	0.83523	0.83524			6
2024.10.15	01:21:34.897	0.83522	0.83523			6
2024.10.15	01:21:47.514	0.83523	0.83524			6
2024.10.15	01:22:01.038	0.83523				2
2024.10.15	01:22:06.129	0.83522				2
2024.10.15	01:22:15.280	0.83523				2
2024.10.15	01:22:20.317	0.83522	0.83523			6
2024.10.15	01:22:30.139	0.83521	0.83524			6
2024.10.15	01:22:30.681		0.83523			4
2024.10.15	01:22:31.176	0.83522				2
2024.10.15	01:22:31.770		0.83524			4
2024.10.15	01:22:41.094	0.83523				2
2024.10.15	01:23:00.021	0.83523				2
2024.10.15	01:23:00.477	0.83522				2
2024.10.15	01:23:08.161		0.83523			4
2024.10.15	01:24:00.597	0.83522				2
2024.10.15	01:24:10.588		0.83523			4
2024.10.15	01:24:15.773	0.83521	0.83524			6
2024.10.15	01:24:16.988		0.83525			4
2024.10.15	01:24:22.532		0.83524			4
2024.10.15	01:24:26.096	0.83522	0.83523			6
2024.10.15	01:24:37.727		0.83524			4
2024.10.15	01:24:42.519	0.83519	0.83521			6
2024.10.15	01:24:49.151		0.83520			4
2024.10.15	01:24:49.465	0.83515	0.83516			6
2024.10.15	01:24:55.774		0.83517			4
2024.10.15	01:25:00.379	0.83515				2
2024.10.15	01:25:30.975		0.83516			4
2024.10.15	01:26:01.805	0.83515				2
2024.10.15	01:26:02.577	0.83514	0.83515			6
2024.10.15	01:26:07.918	0.83510	0.83511			6
2024.10.15	01:26:10.935		0.83512			4
2024.10.15	01:26:14.569	0.83511				2
2024.10.15	01:26:16.044	0.83513	0.83514			6
2024.10.15	01:26:21.161	0.83512	0.83513			6
2024.10.15	01:26:21.794	0.83511				2
2024.10.15	01:26:22.263	0.83510	0.83512			6
2024.10.15	01:26:23.776	0.83511				2
2024.10.15	01:26:34.228	0.83510	0.83513			6
2024.10.15	01:27:01.073	0.83510				2
2024.10.15	01:27:16.716	0.83511	0.83512			6
2024.10.15	01:27:17.898	0.83510	0.83511			6
2024.10.15	01:27:46.587	0.83509	0.83512			6
2024.10.15	01:28:00.365	0.83509				2
2024.10.15	01:28:08.614	0.83511	0.83513			6
2024.10.15	01:28:10.531	0.83512				2
2024.10.15	01:28:12.211	0.83511	0.83514			6
2024.10.15	01:28:20.415	0.83512				2
2024.10.15	01:28:34.682		0.83513			4
2024.10.15	01:29:01.042	0.83512				2
2024.10.15	01:29:35.530		0.83513			4
2024.10.15	01:29:41.631	0.83513	0.83515			6
2024.10.15	01:29:45.729		0.83517			4
2024.10.15	01:29:46.420		0.83516			4
2024.10.15	01:29:58.736	0.83514	0.83515			6
2024.10.15	01:30:00.310	0.83515	0.83516			6
2024.10.15	01:30:02.088	0.83516	0.83519			6
2024.10.15	01:30:04.061	0.83515	0.83516			6
2024.10.15	01:30:23.241		0.83517			4
2024.10.15	01:30:23.756		0.83516			4
2024.10.15	01:31:00.193	0.83515				2
2024.10.15	01:31:12.626	0.83514				2
2024.10.15	01:31:28.881		0.83516			4
2024.10.15	01:31:34.702	0.83515	0.83517			6
2024.10.15	01:32:01.561	0.83515				2
2024.10.15	01:32:02.455		0.83518			4
2024.10.15	01:32:04.788	0.83514				2
2024.10.15	01:32:05.793	0.83515				2
2024.10.15	01:32:06.740		0.83520			4
2024.10.15	01:32:07.041	0.83514	0.83519			6
2024.10.15	01:32:14.437		0.83517			4
2024.10.15	01:32:16.101	0.83515	0.83518			6
2024.10.15	01:32:19.386	0.83514	0.83519			6
2024.10.15	01:32:24.738	0.83515				2
2024.10.15	01:32:27.142	0.83514				2
2024.10.15	01:32:36.996	0.83515				2
2024.10.15	01:32:49.561		0.83518			4
2024.10.15	01:32:59.473	0.83514	0.83519			6
2024.10.15	01:32:59.824	0.83515	0.83518			6
2024.10.15	01:33:00.131	0.83515				2
2024.10.15	01:33:17.571	0.83514				2
2024.10.15	01:33:27.443	0.83513				2
2024.10.15	01:33:36.441	0.83514				2
2024.10.15	01:34:00.739	0.83514	0.83518			6
2024.10.15	01:34:25.930		0.83519			4
2024.10.15	01:35:00.652	0.83514				2
2024.10.15	01:35:19.353	0.83515	0.83516			6
2024.10.15	01:35:51.730	0.83514	0.83519			6
2024.10.15	01:35:52.087	0.83515				2
2024.10.15	01:35:54.490		0.83518			4
2024.10.15	01:35:55.788	0.83514				2
2024.10.15	01:36:02.356	0.83514				2
2024.10.15	01:36:31.641	0.83515				2
2024.10.15	01:36:54.638		0.83518			4
2024.10.15	01:36:56.341		0.83516			4
2024.10.15	01:36:59.881	0.83514	0.83517			6
2024.10.15	01:37:00.190	0.83515	0.83518			6
2024.10.15	01:37:19.248	0.83516	0.83517			6
2024.10.15	01:37:31.000	0.83515	0.83516			6
2024.10.15	01:37:46.383	0.83514	0.83517			6
2024.10.15	01:37:50.719	0.83515	0.83516			6
2024.10.15	01:38:01.382	0.83515				2
2024.10.15	01:38:51.751		0.83516			4
2024.10.15	01:39:00.175	0.83515				2
2024.10.15	01:39:17.497	0.83514	0.83515			6
2024.10.15	01:39:39.005	0.83515	0.83516			6
2024.10.15	01:39:45.432	0.83514	0.83515			6
2024.10.15	01:39:48.687	0.83513	0.83514			6
2024.10.15	01:40:01.228	0.83513				2
2024.10.15	01:40:01.574	0.83514	0.83515			6
2024.10.15	01:40:45.401		0.83516			4
2024.10.15	01:40:50.460	0.83515				2
2024.10.15	01:40:56.681	0.83516	0.83518			6
2024.10.15	01:41:01.672	0.83516				2
2024.10.15	01:41:14.879	0.83517				2
2024.10.15	01:41:49.068	0.83520	0.83521			6
2024.10.15	01:42:00.443	0.83520				2
2024.10.15	01:42:50.281		0.83521			4
2024.10.15	01:43:00.513	0.83520				2
2024.10.15	01:43:50.599		0.83521			4
2024.10.15	01:43:58.721	0.83515	0.83516			6
2024.10.15	01:44:00.375	0.83515				2
2024.10.15	01:44:03.641	0.83513	0.83514			6
2024.10.15	01:44:25.509	0.83512	0.83515			6
2024.10.15	01:44:28.742	0.83513	0.83514			6
2024.10.15	01:44:29.477	0.83511	0.83513			6
2024.10.15	01:44:29.953	0.83510				2
2024.10.15	01:44:37.037		0.83511			4
2024.10.15	01:44:46.531	0.83512	0.83513			6
2024.10.15	01:44:48.354	0.83511				2
2024.10.15	01:44:49.120		0.83512			4
2024.10.15	01:44:56.818	0.83510	0.83514			6
2024.10.15	01:45:01.014	0.83510				2
2024.10.15	01:45:02.163	0.83511	0.83512			6
2024.10.15	01:45:03.241	0.83512	0.83513			6
2024.10.15	01:45:03.628	0.83510				2
2024.10.15	01:45:08.617		0.83511			4
2024.10.15	01:45:19.464	0.83509	0.83513			6
2024.10.15	01:45:20.040		0.83514			4
2024.10.15	01:45:22.741	0.83511	0.83513			6
2024.10.15	01:45:28.574		0.83514			4
2024.10.15	01:45:30.218	0.83510				2
2024.10.15	01:45:37.537		0.83513			4
2024.10.15	01:45:40.552		0.83511			4
2024.10.15	01:45:45.482	0.83509	0.83510			6
2024.10.15	01:45:47.813	0.83510	0.83511			6
2024.10.15	01:45:50.518	0.83509	0.83510			6
2024.10.15	01:45:54.528	0.83508	0.83511			6
2024.10.15	01:46:00.370	0.83508				2
2024.10.15	01:46:04.635	0.83505	0.83506			6
2024.10.15	01:46:04.941	0.83504				2
2024.10.15	01:46:07.371		0.83507			4
2024.10.15	01:46:24.500	0.83503	0.83506			6
2024.10.15	01:46:37.130	0.83504				2
2024.10.15	01:46:37.448	0.83499	0.83502			6
2024.10.15	01:46:48.280	0.83498				2
2024.10.15	01:46:51.242	0.83497				2
2024.10.15	01:46:59.972	0.83498				2
2024.10.15	01:47:00.741	0.83498				2
2024.10.15	01:47:05.059		0.83503			4
2024.10.15	01:47:05.408		0.83502			4
2024.10.15	01:47:07.545		0.83503			4
2024.10.15	01:47:09.152		0.83502			4
2024.10.15	01:47:17.678	0.83499	0.83505			6
2024.10.15	01:47:18.101	0.83500				2
2024.10.15	01:47:22.418	0.83501	0.83507			6
2024.10.15	01:47:23.611	0.83502				2
2024.10.15	01:47:32.924	0.83504				2
2024.10.15	01:47:33.580	0.83502	0.83505			6
2024.10.15	01:47:35.303		0.83507			4
2024.10.15	01:47:35.879	0.83498	0.83502			6
2024.10.15	01:47:50.838	0.83497				2
2024.10.15	01:47:59.685		0.83503			4
2024.10.15	01:48:04.479	0.83498				2
2024.10.15	01:48:11.004	0.83497	0.83504			6
2024.10.15	01:48:12.579	0.83498				2
2024.10.15	01:48:13.896	0.83497				2
2024.10.15	01:48:16.353	0.83498				2
2024.10.15	01:48:23.796		0.83505			4
2024.10.15	01:48:24.529		0.83504			4
2024.10.15	01:48:26.196		0.83502			4
2024.10.15	01:48:33.515	0.83497				2
2024.10.15	01:48:36.359		0.83504			4
2024.10.15	01:49:00.180	0.83497				2
2024.10.15	01:49:25.209		0.83502			4
2024.10.15	01:49:36.042	0.83498				2
2024.10.15	01:49:36.960		0.83503			4
2024.10.15	01:49:47.596	0.83499				2
2024.10.15	01:49:56.631		0.83502			4
2024.10.15	01:49:57.539		0.83503			4
2024.10.15	01:50:02.989	0.83499				2
2024.10.15	01:50:20.267	0.83498				2
2024.10.15	01:50:31.051		0.83504			4
2024.10.15	01:50:32.100		0.83503			4
2024.10.15	01:50:54.740	0.83499	0.83504			6
2024.10.15	01:51:00.957	0.83499				2
2024.10.15	01:51:11.061		0.83503			4
2024.10.15	01:51:12.520		0.83504			4
2024.10.15	01:51:13.150		0.83503			4
2024.10.15	01:51:19.687	0.83498				2
2024.10.15	01:51:39.580		0.83502			4
2024.10.15	01:51:44.789	0.83497				2
2024.10.15	01:51:45.516		0.83501			4
2024.10.15	01:51:46.557		0.83500			4
2024.10.15	01:51:48.404	0.83498	0.83501			6
2024.10.15	01:51:52.687	0.83497				2
2024.10.15	01:51:55.267	0.83498				2
2024.10.15	01:51:59.781		0.83500			4
2024.10.15	01:52:00.962	0.83498				2
2024.10.15	01:52:04.178	0.83494				2
2024.10.15	01:52:04.499		0.83497			4
2024.10.15	01:52:06.353	0.83493				2
2024.10.15	01:52:20.318	0.83492				2
2024.10.15	01:52:22.307	0.83491				2
2024.10.15	01:52:27.484	0.83489	0.83496			6
2024.10.15	01:52:30.391	0.83490				2
2024.10.15	01:52:47.838	0.83491				2
2024.10.15	01:52:59.229	0.83489				2
2024.10.15	01:53:00.512	0.83489	0.83494			6
2024.10.15	01:53:01.521	0.83485	0.83492			6
2024.10.15	01:53:03.305	0.83486				2
2024.10.15	01:53:04.221	0.83487				2
2024.10.15	01:53:05.209	0.83488				2
2024.10.15	01:53:14.894	0.83486	0.83490			6
2024.10.15	01:53:15.538		0.83491			4
2024.10.15	01:53:25.135	0.83488	0.83493			6
2024.10.15	01:53:26.289		0.83492			4
2024.10.15	01:53:30.391		0.83491			4
2024.10.15	01:53:32.114	0.83492	0.83493			6
2024.10.15	01:53:32.428	0.83488	0.83491			6
2024.10.15	01:53:33.643		0.83490			4
2024.10.15	01:53:39.099	0.83487				2
2024.10.15	01:53:43.226	0.83488	0.83492			6
2024.10.15	01:53:45.487		0.83491			4
2024.10.15	01:53:51.963	0.83486				2
2024.10.15	01:54:01.523	0.83486				2
2024.10.15	01:54:04.563		0.83490			4
2024.10.15	01:54:06.592		0.83489			4
2024.10.15	01:54:11.501	0.83485	0.83487			6
2024.10.15	01:54:12.361	0.83484	0.83486			6
2024.10.15	01:54:12.668		0.83487			4
2024.10.15	01:54:16.412		0.83486			4
2024.10.15	01:54:37.028	0.83482	0.83485			6
2024.10.15	01:54:50.509	0.83481				2
2024.10.15	01:54:52.289	0.83480				2
2024.10.15	01:54:53.059		0.83486			4
2024.10.15	01:54:55.577	0.83481				2
2024.10.15	01:54:56.866		0.83487			4
2024.10.15	01:55:00.414	0.83481				2
2024.10.15	01:55:05.720		0.83486			4
2024.10.15	01:55:06.120		0.83485			4
2024.10.15	01:55:08.827		0.83486			4
2024.10.15	01:55:11.609	0.83482				2
2024.10.15	01:55:12.977	0.83483	0.83484			6
2024.10.15	01:55:13.803	0.83482	0.83486			6
2024.10.15	01:55:15.398	0.83481	0.83485			6
2024.10.15	01:55:23.956		0.83486			4
2024.10.15	01:55:26.252	0.83482				2
2024.10.15	01:55:30.023		0.83485			4
2024.10.15	01:55:34.267		0.83486			4
2024.10.15	01:55:35.547		0.83487			4
2024.10.15	01:55:35.937		0.83486			4
2024.10.15	01:55:36.340		0.83487			4
2024.10.15	01:55:37.125		0.83486			4
2024.10.15	01:55:38.649	0.83483	0.83484			6
2024.10.15	01:55:49.668	0.83484	0.83485			6
2024.10.15	01:55:54.390	0.83483	0.83484			6
2024.10.15	01:55:55.448	0.83484	0.83485			6
2024.10.15	01:55:55.756	0.83487	0.83488			6
2024.10.15	01:55:58.972	0.83488	0.83489			6
2024.10.15	01:56:00.098	0.83488				2
2024.10.15	01:56:01.151	0.83489	0.83490			6
2024.10.15	01:56:08.181	0.83487				2
2024.10.15	01:56:08.652	0.83486	0.83489			6
2024.10.15	01:56:31.930		0.83490			4
2024.10.15	01:56:32.556	0.83492	0.83493			6
2024.10.15	01:56:32.863	0.83493	0.83494			6
2024.10.15	01:56:36.094	0.83494	0.83495			6
2024.10.15	01:57:01.570	0.83494				2
2024.10.15	01:57:15.674	0.83497	0.83498			6
2024.10.15	01:57:15.977	0.83498	0.83499			6
2024.10.15	01:57:20.080	0.83499	0.83500			6
2024.10.15	01:58:00.837	0.83499				2
2024.10.15	01:58:01.186	0.83498	0.83499			6
2024.10.15	01:58:06.863	0.83499	0.83500			6
2024.10.15	01:58:30.492	0.83500	0.83501			6
2024.10.15	01:58:31.046	0.83499	0.83500			6
2024.10.15	01:58:31.944	0.83501	0.83502			6
2024.10.15	01:58:48.997	0.83499	0.83500			6
2024.10.15	01:59:00.104	0.83499				2
2024.10.15	01:59:13.582	0.83500	0.83501			6
2024.10.15	01:59:30.441	0.83499	0.83500			6
2024.10.15	01:59:41.426	0.83500	0.83501			6
2024.10.15	01:59:52.381	0.83499				2
2024.10.15	02:00:00.358	0.83499				2
2024.10.15	02:00:01.338		0.83503			4
2024.10.15	02:00:05.290	0.83500	0.83504			6
2024.10.15	02:00:05.788	0.83499	0.83503			6
2024.10.15	02:00:06.503	0.83501				2
2024.10.15	02:00:13.482	0.83499				2
2024.10.15	02:00:14.203	0.83501				2
2024.10.15	02:00:14.525	0.83499				2
2024.10.15	02:00:20.577	0.83500				2
2024.10.15	02:00:22.204	0.83501				2
2024.10.15	02:00:24.907	0.83499	0.83501			6
2024.10.15	02:00:25.220	0.83498	0.83500			6
2024.10.15	02:00:26.394	0.83499	0.83501			6
2024.10.15	02:00:28.282	0.83498	0.83500			6
2024.10.15	02:00:33.735	0.83499	0.83501			6
2024.10.15	02:00:34.072		0.83502			4
2024.10.15	02:00:51.531	0.83500				2
2024.10.15	02:01:00.192	0.83500				2
2024.10.15	02:01:01.392	0.83499	0.83501			6
2024.10.15	02:01:02.915		0.83502			4
2024.10.15	02:01:03.668	0.83500				2
2024.10.15	02:01:06.466		0.83501			4
2024.10.15	02:01:09.961		0.83502			4
2024.10.15	02:01:11.204		0.83501			4
2024.10.15	02:01:11.721	0.83499				2
2024.10.15	02:01:13.194		0.83502			4
2024.10.15	02:01:14.195		0.83501			4
2024.10.15	02:01:14.641		0.83503			4
2024.10.15	02:01:18.047		0.83501			4
2024.10.15	02:01:21.579		0.83502			4
2024.10.15	02:01:30.644		0.83501			4
2024.10.15	02:01:42.133		0.83500			4
2024.10.15	02:01:59.273		0.83501			4
2024.10.15	02:02:00.410	0.83499				2
2024.10.15	02:02:06.360		0.83500			4
2024.10.15	02:02:13.066	0.83498				2
2024.10.15	02:02:46.887		0.83499			4
2024.10.15	02:02:48.993		0.83500			4
2024.10.15	02:02:51.740	0.83497				2
2024.10.15	02:02:52.473		0.83499			4
2024.10.15	02:02:59.388	0.83499	0.83500			6
2024.10.15	02:03:00.438	0.83499				2
2024.10.15	02:03:01.367	0.83498	0.83499			6
2024.10.15	02:03:03.770	0.83497				2
2024.10.15	02:03:24.385	0.83498	0.83500			6
2024.10.15	02:03:28.981	0.83497				2
2024.10.15	02:03:29.285	0.83498	0.83499			6
2024.10.15	02:03:31.033		0.83500			4
2024.10.15	02:03:37.302	0.83497	0.83499			6
2024.10.15	02:03:42.739	0.83498				2
2024.10.15	02:03:43.366	0.83497				2
2024.10.15	02:03:55.978	0.83498				2
2024.10.15	02:04:00.401	0.83498				2
2024.10.15	02:04:37.098	0.83499	0.83501			6
2024.10.15	02:04:39.101	0.83498	0.83499			6
2024.10.15	02:04:45.443	0.83499	0.83500			6
2024.10.15	02:04:51.669	0.83498	0.83499			6
2024.10.15	02:04:57.195	0.83499	0.83500			6
2024.10.15	02:05:03.341	0.83499				2
2024.10.15	02:05:45.252	0.83500	0.83501			6
2024.10.15	02:05:59.128		0.83502			4
2024.10.15	02:06:01.125	0.83500	0.83501			6
2024.10.15	02:06:07.986	0.83499	0.83500			6
2024.10.15	02:06:16.482	0.83500	0.83501			6
2024.10.15	02:06:21.048	0.83501	0.83502			6
2024.10.15	02:06:22.326	0.83504	0.83505			6
2024.10.15	02:06:25.321		0.83507			4
2024.10.15	02:06:27.336		0.83505			4
2024.10.15	02:06:41.241	0.83503	0.83504			6
2024.10.15	02:07:00.356	0.83503				2
2024.10.15	02:07:05.718	0.83504	0.83505			6
2024.10.15	02:07:09.132	0.83502	0.83503			6
2024.10.15	02:07:16.521	0.83501	0.83502			6
2024.10.15	02:07:16.907	0.83500	0.83501			6
2024.10.15	02:07:28.187	0.83499	0.83500			6
2024.10.15	02:07:40.242	0.83500	0.83501			6
2024.10.15	02:08:00.358	0.83501	0.83502			6
2024.10.15	02:08:05.777	0.83500	0.83501			6
2024.10.15	02:08:09.264	0.83501	0.83502			6
2024.10.15	02:08:20.728	0.83502	0.83503			6
2024.10.15	02:08:41.973	0.83500	0.83501			6
2024.10.15	02:09:00.599	0.83500				2
2024.10.15	02:09:08.105	0.83499	0.83500			6
2024.10.15	02:09:10.701	0.83500	0.83501			6
2024.10.15	02:09:20.036	0.83501	0.83502			6
2024.10.15	02:09:42.438	0.83500				2
2024.10.15	02:09:50.416	0.83502	0.83503			6
2024.10.15	02:10:02.350	0.83502				2
2024.10.15	02:10:51.461		0.83503			4
2024.10.15	02:11:00.460	0.83502				2
2024.10.15	02:11:51.687		0.83503			4
2024.10.15	02:12:00.482	0.83502				2
2024.10.15	02:12:28.552	0.83501	0.83502			6
2024.10.15	02:12:32.570	0.83502	0.83503			6
2024.10.15	02:12:36.979	0.83501	0.83502			6
2024.10.15	02:13:01.510	0.83501				2
2024.10.15	02:13:02.562	0.83504	0.83505			6
2024.10.15	02:14:01.424	0.83504				2
2024.10.15	02:14:02.718		0.83505			4
2024.10.15	02:14:10.141	0.83503	0.83504			6
2024.10.15	02:14:39.849	0.83504	0.83505			6
2024.10.15	02:15:00.473	0.83504				2
2024.10.15	02:15:21.369	0.83505	0.83506			6
2024.10.15	02:15:31.762	0.83504	0.83505			6
2024.10.15	02:16:00.369	0.83504				2
2024.10.15	02:16:01.375	0.83505	0.83506			6
2024.10.15	02:17:00.370	0.83505				2
2024.10.15	02:17:01.739		0.83506			4
2024.10.15	02:17:09.802	0.83504	0.83505			6
2024.10.15	02:17:34.438	0.83505	0.83506			6
2024.10.15	02:17:53.348	0.83506	0.83507			6
2024.10.15	02:18:01.040	0.83506				2
2024.10.15	02:18:05.827	0.83505	0.83506			6
2024.10.15	02:18:08.706	0.83506	0.83507			6
2024.10.15	02:18:17.426	0.83505	0.83506			6
2024.10.15	02:19:05.082	0.83505				2
2024.10.15	02:19:17.723		0.83506			4
2024.10.15	02:20:01.574	0.83505				2
2024.10.15	02:20:03.795	0.83506	0.83507			6
2024.10.15	02:20:07.593	0.83508	0.83509			6
2024.10.15	02:20:09.779	0.83505	0.83506			6
2024.10.15	02:20:10.937	0.83504	0.83505			6
2024.10.15	02:20:20.939	0.83505	0.83506			6
2024.10.15	02:20:39.432	0.83504	0.83505			6
2024.10.15	02:20:44.458	0.83503	0.83504			6
2024.10.15	02:20:50.474	0.83500	0.83501			6
2024.10.15	02:21:01.630	0.83500				2
2024.10.15	02:21:05.900	0.83502	0.83503			6
2024.10.15	02:21:51.619	0.83503	0.83504			6
2024.10.15	02:21:55.087	0.83505	0.83506			6
2024.10.15	02:22:00.314	0.83505				2
2024.10.15	02:22:05.452	0.83506	0.83507			6
2024.10.15	02:22:11.374	0.83507	0.83508			6
2024.10.15	02:22:31.771	0.83506	0.83507			6
2024.10.15	02:22:36.495	0.83510	0.83511			6
2024.10.15	02:22:46.159	0.83511	0.83512			6
2024.10.15	02:22:47.705	0.83510				2
2024.10.15	02:23:00.372	0.83509	0.83510			6
2024.10.15	02:23:00.731	0.83511	0.83512			6
2024.10.15	02:23:13.853	0.83509	0.83510			6
2024.10.15	02:23:14.633	0.83508	0.83509			6
2024.10.15	02:23:22.371	0.83509	0.83510			6
2024.10.15	02:23:36.683	0.83508	0.83509			6
2024.10.15	02:24:01.350	0.83508				2
2024.10.15	02:24:07.525	0.83509	0.83510			6
2024.10.15	02:24:07.844	0.83508	0.83509			6
2024.10.15	02:24:15.539	0.83507	0.83508			6
2024.10.15	02:24:26.930	0.83506	0.83507			6
2024.10.15	02:24:44.098	0.83504	0.83505			6
2024.10.15	02:25:00.032	0.83504				2
2024.10.15	02:25:02.362	0.83506	0.83507			6
2024.10.15	02:25:02.681	0.83505	0.83506			6
2024.10.15	02:25:20.764	0.83506	0.83507			6
2024.10.15	02:25:30.709	0.83507	0.83508			6
2024.10.15	02:25:53.141	0.83506	0.83507			6
2024.10.15	02:26:00.455	0.83506				2
2024.10.15	02:26:27.824	0.83505	0.83506			6
2024.10.15	02:27:00.428	0.83505				2
2024.10.15	02:27:23.977	0.83506	0.83507			6
2024.10.15	02:27:42.617	0.83507	0.83508			6
2024.10.15	02:28:00.488	0.83507				2
2024.10.15	02:28:27.744	0.83506	0.83507			6
2024.10.15	02:28:47.273	0.83509	0.83510			6
2024.10.15	02:29:00.467	0.83509				2
2024.10.15	02:29:49.841		0.83510			4
2024.10.15	02:30:00.622	0.83509				2
2024.10.15	02:30:45.921	0.83508	0.83509			6
2024.10.15	02:31:00.543	0.83508				2
2024.10.15	02:31:00.860	0.83509	0.83510			6
2024.10.15	02:31:06.109	0.83508	0.83509			6
2024.10.15	02:31:11.028	0.83507	0.83508			6
2024.10.15	02:31:22.102	0.83508	0.83509			6
2024.10.15	02:31:56.724	0.83509	0.83510			6
2024.10.15	02:31:58.008	0.83508	0.83509			6
2024.10.15	02:32:00.438	0.83509	0.83510			6
2024.10.15	02:32:03.730	0.83508	0.83509			6
2024.10.15	02:32:04.753	0.83509	0.83510			6
2024.10.15	02:32:12.543	0.83508	0.83509			6
2024.10.15	02:32:13.649	0.83509	0.83510			6
2024.10.15	02:32:14.346	0.83508	0.83509			6
2024.10.15	02:32:15.620	0.83509	0.83510			6
2024.10.15	02:32:25.763	0.83508	0.83509			6
2024.10.15	02:32:33.541	0.83509	0.83510			6
2024.10.15	02:32:51.922	0.83510	0.83511			6
2024.10.15	02:33:00.421	0.83510				2
2024.10.15	02:33:25.701	0.83512	0.83513			6
2024.10.15	02:33:36.369	0.83514	0.83515			6
2024.10.15	02:34:00.431	0.83514				2
2024.10.15	02:34:37.309		0.83515			4
2024.10.15	02:34:47.306	0.83513	0.83514			6
2024.10.15	02:34:50.471	0.83512	0.83513			6
2024.10.15	02:34:54.898	0.83514	0.83515			6
2024.10.15	02:34:55.314	0.83513	0.83514			6
2024.10.15	02:35:00.046	0.83513				2
2024.10.15	02:35:05.822	0.83512	0.83513			6
2024.10.15	02:35:06.916	0.83511	0.83512			6
2024.10.15	02:35:10.002	0.83512	0.83513			6
2024.10.15	02:35:11.789	0.83511	0.83512			6
2024.10.15	02:35:23.382	0.83510	0.83511			6
2024.10.15	02:35:26.108	0.83509	0.83510			6
2024.10.15	02:35:54.274	0.83508	0.83509			6
2024.10.15	02:36:00.442	0.83509	0.83510			6
2024.10.15	02:36:09.585	0.83508	0.83509			6
2024.10.15	02:36:13.512	0.83510	0.83511			6
2024.10.15	02:36:19.896	0.83509	0.83510			6
2024.10.15	02:36:30.327	0.83510	0.83511			6
2024.10.15	02:37:00.034	0.83510				2
2024.10.15	02:37:08.232	0.83508	0.83509			6
2024.10.15	02:37:18.950	0.83507	0.83508			6
2024.10.15	02:37:27.285	0.83509	0.83510			6
2024.10.15	02:38:00.356	0.83509				2
2024.10.15	02:38:04.200	0.83510	0.83511			6
2024.10.15	02:38:18.485	0.83511	0.83512			6
2024.10.15	02:38:32.558	0.83510	0.83511			6
2024.10.15	02:38:47.977	0.83509	0.83510			6
2024.10.15	02:38:54.227	0.83510	0.83511			6
2024.10.15	02:39:00.428	0.83510				2
2024.10.15	02:39:49.808	0.83509	0.83510			6
2024.10.15	02:39:52.514	0.83508	0.83509			6
2024.10.15	02:39:58.324	0.83509	0.83510			6
2024.10.15	02:40:00.133	0.83509				2
2024.10.15	02:40:10.596	0.83510	0.83511			6
2024.10.15	02:40:15.073	0.83511	0.83512			6
2024.10.15	02:40:18.307	0.83510	0.83511			6
2024.10.15	02:40:19.748	0.83509	0.83510			6
2024.10.15	02:40:20.408	0.83510	0.83511			6
2024.10.15	02:40:26.979	0.83509	0.83510			6
2024.10.15	02:40:35.654	0.83510	0.83511			6
2024.10.15	02:40:50.874	0.83509	0.83510			6
2024.10.15	02:41:00.209	0.83509				2
2024.10.15	02:41:03.789	0.83510	0.83511			6
2024.10.15	02:41:08.670	0.83509	0.83510			6
2024.10.15	02:41:39.815	0.83510	0.83511			6
2024.10.15	02:42:00.360	0.83510				2
2024.10.15	02:42:03.211	0.83509	0.83510			6
2024.10.15	02:42:20.459	0.83508	0.83509			6
2024.10.15	02:42:21.114	0.83506	0.83507			6
2024.10.15	02:43:00.356	0.83506				2
2024.10.15	02:43:18.389	0.83507	0.83508			6
2024.10.15	02:43:18.691	0.83506	0.83507			6
2024.10.15	02:43:38.481	0.83505	0.83506			6
2024.10.15	02:43:41.094	0.83506	0.83507			6
2024.10.15	02:43:56.603	0.83505	0.83506			6
2024.10.15	02:43:57.697	0.83506	0.83507			6
2024.10.15	02:44:00.832	0.83506				2
2024.10.15	02:44:10.458	0.83507	0.83508			6
2024.10.15	02:44:14.006	0.83508	0.83509			6
2024.10.15	02:44:29.841	0.83510	0.83511			6
2024.10.15	02:44:37.195	0.83509	0.83510			6
2024.10.15	02:44:46.422	0.83508				2
2024.10.15	02:44:48.004	0.83513	0.83515			6
2024.10.15	02:44:51.899	0.83512	0.83513			6
2024.10.15	02:44:58.581	0.83511				2
2024.10.15	02:45:00.370	0.83512				2
2024.10.15	02:45:08.811	0.83511	0.83512			6
2024.10.15	02:45:10.176	0.83510	0.83511			6
2024.10.15	02:45:11.098	0.83509	0.83510			6
2024.10.15	02:45:13.233		0.83511			4
2024.10.15	02:45:23.237	0.83505	0.83506			6
2024.10.15	02:45:23.569	0.83504				2
2024.10.15	02:45:43.273	0.83503	0.83504			6
2024.10.15	02:45:43.720	0.83502				2
2024.10.15	02:45:48.507		0.83503			4
2024.10.15	02:45:55.157	0.83503	0.83504			6
2024.10.15	02:45:55.464	0.83504	0.83505			6
2024.10.15	02:45:56.153		0.83506			4
2024.10.15	02:45:56.571		0.83505			4
2024.10.15	02:46:00.179	0.83504				2
2024.10.15	02:46:00.615		0.83506			4
2024.10.15	02:46:01.303		0.83505			4
2024.10.15	02:46:07.621		0.83506			4
2024.10.15	02:46:08.156		0.83505			4
2024.10.15	02:46:11.003	0.83503				2
2024.10.15	02:46:46.355	0.83501	0.83502			6
2024.10.15	02:46:47.030	0.83502	0.83503			6
2024.10.15	02:46:47.860	0.83503	0.83504			6
2024.10.15	02:46:59.547	0.83502	0.83503			6
2024.10.15	02:47:00.395	0.83502				2
2024.10.15	02:47:23.546	0.83497	0.83498			6
2024.10.15	02:47:35.772	0.83498	0.83499			6
2024.10.15	02:47:45.793	0.83499	0.83500			6
2024.10.15	02:47:49.300	0.83498	0.83499			6
2024.10.15	02:48:00.084	0.83495	0.83496			6
2024.10.15	02:48:01.974		0.83497			4
2024.10.15	02:48:08.562	0.83493	0.83495			6
2024.10.15	02:48:16.956	0.83492				2
2024.10.15	02:48:17.521	0.83493				2
2024.10.15	02:48:24.329	0.83492	0.83494			6
2024.10.15	02:48:24.806	0.83491	0.83493			6
2024.10.15	02:48:31.925	0.83492	0.83494			6
2024.10.15	02:48:42.280		0.83495			4
2024.10.15	02:48:45.496	0.83493	0.83494			6
2024.10.15	02:48:45.811		0.83495			4
2024.10.15	02:48:59.368	0.83491	0.83492			6
2024.10.15	02:48:59.683	0.83492	0.83493			6
2024.10.15	02:49:00.138	0.83492				2
2024.10.15	02:49:05.290		0.83495			4
2024.10.15	02:49:06.380	0.83493				2
2024.10.15	02:49:08.054	0.83494				2
2024.10.15	02:49:10.121	0.83491	0.83492			6
2024.10.15	02:49:10.700	0.83490	0.83491			6
2024.10.15	02:49:16.483	0.83492	0.83493			6
2024.10.15	02:49:21.897	0.83493	0.83494			6
2024.10.15	02:49:31.342	0.83494	0.83495			6
2024.10.15	02:49:51.641	0.83495	0.83496			6
2024.10.15	02:50:00.265	0.83495				2
2024.10.15	02:50:05.473	0.83494	0.83495			6
2024.10.15	02:50:31.314	0.83496	0.83497			6
2024.10.15	02:50:31.626	0.83495	0.83496			6
2024.10.15	02:50:59.533	0.83496	0.83497			6
2024.10.15	02:51:00.524	0.83496				2
2024.10.15	02:51:01.647	0.83497	0.83498			6
2024.10.15	02:51:01.978	0.83498	0.83499			6
2024.10.15	02:51:10.651	0.83499	0.83500			6
2024.10.15	02:51:20.718	0.83498	0.83499			6
2024.10.15	02:51:23.125	0.83497	0.83498			6
2024.10.15	02:51:29.413	0.83498	0.83499			6
2024.10.15	02:51:30.779	0.83499	0.83500			6
2024.10.15	02:51:48.897	0.83498	0.83499			6
2024.10.15	02:51:49.760	0.83497	0.83498			6
2024.10.15	02:51:52.342		0.83499			4
2024.10.15	02:51:55.795		0.83498			4
2024.10.15	02:52:00.361	0.83497				2
2024.10.15	02:52:03.564		0.83499			4
2024.10.15	02:52:04.834	0.83498				2
2024.10.15	02:52:07.982	0.83497	0.83498			6
2024.10.15	02:52:09.944		0.83499			4
2024.10.15	02:52:30.110		0.83498			4
2024.10.15	02:52:30.599		0.83499			4
2024.10.15	02:52:30.929		0.83498			4
2024.10.15	02:52:31.662		0.83499			4
2024.10.15	02:52:43.882	0.83498				2
2024.10.15	02:52:45.696	0.83497	0.83498			6
2024.10.15	02:53:01.654	0.83497				2
2024.10.15	02:53:16.907	0.83496	0.83497			6
2024.10.15	02:53:33.507	0.83497	0.83498			6
2024.10.15	02:54:00.269	0.83497				2
2024.10.15	02:54:00.801	0.83499	0.83500			6
2024.10.15	02:54:44.288	0.83498	0.83499			6
2024.10.15	02:55:04.206	0.83498				2
2024.10.15	02:55:21.549	0.83499	0.83500			6
2024.10.15	02:55:25.212	0.83502	0.83503			6
2024.10.15	02:55:35.382	0.83501	0.83502			6
2024.10.15	02:55:35.684	0.83500				2
2024.10.15	02:55:38.888		0.83501			4
2024.10.15	02:55:45.838	0.83499	0.83500			6
2024.10.15	02:55:51.469	0.83500	0.83501			6
2024.10.15	02:56:00.599	0.83500				2
2024.10.15	02:56:02.880	0.83498	0.83499			6
2024.10.15	02:56:04.616	0.83496	0.83497			6
2024.10.15	02:56:05.165	0.83495	0.83496			6
2024.10.15	02:56:07.442	0.83496	0.83497			6
2024.10.15	02:56:09.097	0.83495	0.83496			6
2024.10.15	02:56:12.899	0.83496	0.83497			6
2024.10.15	02:56:14.347	0.83497	0.83498			6
2024.10.15	02:56:33.388	0.83495	0.83496			6
2024.10.15	02:56:40.479	0.83494	0.83495			6
2024.10.15	02:56:41.814	0.83495	0.83496			6
2024.10.15	02:56:42.352	0.83494	0.83495			6
2024.10.15	02:56:42.972	0.83493	0.83494			6
2024.10.15	02:56:44.604		0.83495			4
2024.10.15	02:56:45.034	0.83494				2
2024.10.15	02:56:49.490	0.83495	0.83496			6
2024.10.15	02:56:55.672	0.83496	0.83497			6
2024.10.15	02:57:00.439	0.83496				2
2024.10.15	02:57:07.596	0.83499	0.83500			6
2024.10.15	02:57:41.381	0.83498	0.83499			6
2024.10.15	02:57:45.395	0.83499	0.83500			6
2024.10.15	02:57:49.374	0.83497	0.83498			6
2024.10.15	02:57:50.352	0.83494	0.83496			6
2024.10.15	02:57:50.663		0.83495			4
2024.10.15	02:57:51.478	0.83495	0.83496			6
2024.10.15	02:57:56.346	0.83494	0.83495			6
2024.10.15	02:58:00.382	0.83494				2
2024.10.15	02:58:06.935	0.83493	0.83494			6
2024.10.15	02:58:10.142	0.83492				2
2024.10.15	02:58:11.240	0.83495	0.83496			6
2024.10.15	02:58:15.383	0.83494	0.83495			6
2024.10.15	02:58:30.587	0.83492	0.83494			6
2024.10.15	02:58:36.981	0.83494	0.83495			6
2024.10.15	02:58:39.067	0.83492	0.83494			6
2024.10.15	02:58:41.400		0.83493			4
2024.10.15	02:58:43.282	0.83490	0.83491			6
2024.10.15	02:58:45.265	0.83489	0.83490			6
2024.10.15	02:58:46.971	0.83490	0.83491			6
2024.10.15	02:58:52.931	0.83489	0.83490			6
2024.10.15	02:59:00.374	0.83488	0.83489			6
2024.10.15	02:59:01.382	0.83487	0.83488			6
2024.10.15	02:59:06.730	0.83486	0.83487			6
2024.10.15	02:59:09.398	0.83487	0.83488			6
2024.10.15	02:59:21.823	0.83488	0.83489			6
2024.10.15	02:59:32.073	0.83489	0.83490			6
2024.10.15	02:59:33.274	0.83488	0.83489			6
2024.10.15	02:59:37.695	0.83489	0.83490			6
2024.10.15	02:59:38.021	0.83488	0.83489			6
2024.10.15	02:59:38.396	0.83486	0.83488			6
2024.10.15	02:59:39.748	0.83488	0.83489			6
2024.10.15	02:59:43.378	0.83486	0.83487			6
2024.10.15	02:59:45.390	0.83487	0.83488			6
2024.10.15	02:59:48.417	0.83485	0.83486			6
2024.10.15	02:59:48.726	0.83486	0.83487			6
2024.10.15	02:59:51.683	0.83488	0.83489			6
2024.10.15	02:59:53.686	0.83487	0.83488			6
2024.10.15	02:59:54.313	0.83486	0.83487			6
2024.10.15	03:00:00.362	0.83486				2
2024.10.15	03:00:00.667	0.83487	0.83488			6
2024.10.15	03:00:01.233	0.83486	0.83487			6
2024.10.15	03:00:01.648	0.83487	0.83488			6
2024.10.15	03:00:01.969	0.83488	0.83489			6
2024.10.15	03:00:11.868	0.83487	0.83488			6
2024.10.15	03:00:12.203	0.83489	0.83490			6
2024.10.15	03:00:24.845	0.83488	0.83489			6
2024.10.15	03:00:30.328	0.83487	0.83488			6
2024.10.15	03:00:32.740	0.83488	0.83489			6
2024.10.15	03:00:38.071	0.83489	0.83490			6
2024.10.15	03:00:39.022	0.83488	0.83489			6
2024.10.15	03:00:41.154	0.83487	0.83488			6
2024.10.15	03:00:43.418	0.83485	0.83486			6
2024.10.15	03:00:46.128	0.83486	0.83487			6
2024.10.15	03:00:49.419	0.83485	0.83486			6
2024.10.15	03:00:52.282	0.83487	0.83488			6
2024.10.15	03:00:53.013	0.83488	0.83489			6
2024.10.15	03:00:55.256	0.83489	0.83490			6
2024.10.15	03:00:56.067	0.83490	0.83491			6
2024.10.15	03:00:58.980	0.83489	0.83490			6
2024.10.15	03:01:00.228	0.83489				2
2024.10.15	03:01:04.762	0.83490	0.83491			6
2024.10.15	03:01:05.069	0.83488	0.83489			6
2024.10.15	03:01:05.545	0.83490	0.83491			6
2024.10.15	03:01:07.388	0.83492	0.83493			6
2024.10.15	03:01:08.482	0.83491	0.83492			6
2024.10.15	03:01:11.995	0.83492	0.83493			6
2024.10.15	03:01:14.699	0.83491	0.83492			6
2024.10.15	03:01:15.004	0.83489	0.83490			6
2024.10.15	03:01:15.679	0.83491	0.83492			6
2024.10.15	03:01:25.058	0.83489	0.83490			6
2024.10.15	03:01:30.375	0.83490	0.83491			6
2024.10.15	03:01:38.066	0.83489	0.83490			6
2024.10.15	03:01:38.383	0.83488	0.83489			6
2024.10.15	03:01:44.101	0.83487	0.83488			6
2024.10.15	03:01:46.317	0.83488	0.83489			6
2024.10.15	03:01:51.023	0.83487	0.83488			6
2024.10.15	03:01:51.393	0.83488	0.83489			6
2024.10.15	03:01:57.405	0.83487	0.83488			6
2024.10.15	03:02:00.358	0.83487				2
2024.10.15	03:02:01.385	0.83488	0.83489			6
2024.10.15	03:02:02.361	0.83487	0.83488			6
2024.10.15	03:02:09.541	0.83486	0.83487			6
2024.10.15	03:02:10.160	0.83487	0.83488			6
2024.10.15	03:02:11.575	0.83485	0.83486			6
2024.10.15	03:02:13.662	0.83486	0.83487			6
2024.10.15	03:02:15.420	0.83483	0.83484			6
2024.10.15	03:02:17.106	0.83484	0.83485			6
2024.10.15	03:02:21.479	0.83485	0.83486			6
2024.10.15	03:02:25.944	0.83487	0.83488			6
2024.10.15	03:02:27.714	0.83486	0.83487			6
2024.10.15	03:02:31.486	0.83487	0.83488			6
2024.10.15	03:02:31.791	0.83485	0.83486			6
2024.10.15	03:02:32.109	0.83486	0.83487			6
2024.10.15	03:02:33.491	0.83485	0.83486			6
2024.10.15	03:02:36.051	0.83484	0.83485			6
2024.10.15	03:02:36.364	0.83487	0.83488			6
2024.10.15	03:02:36.671	0.83488	0.83489			6
2024.10.15	03:02:38.523	0.83489	0.83490			6
2024.10.15	03:02:39.393	0.83490	0.83491			6
2024.10.15	03:02:43.309	0.83489	0.83490			6
2024.10.15	03:02:55.616	0.83490	0.83491			6
2024.10.15	03:02:56.097	0.83491	0.83492			6
2024.10.15	03:02:57.644	0.83492	0.83493			6
2024.10.15	03:03:00.393	0.83492				2
2024.10.15	03:03:18.499	0.83491	0.83492			6
2024.10.15	03:03:18.838	0.83492	0.83493			6
2024.10.15	03:03:19.222	0.83491	0.83492			6
2024.10.15	03:03:20.688	0.83492	0.83493			6
2024.10.15	03:03:21.005	0.83493	0.83494			6
2024.10.15	03:03:24.169	0.83492	0.83493			6
2024.10.15	03:03:26.804	0.83493	0.83494			6
2024.10.15	03:03:27.131	0.83492	0.83493			6
2024.10.15	03:03:28.945	0.83493	0.83494			6
2024.10.15	03:03:29.277	0.83494	0.83495			6
2024.10.15	03:03:29.651	0.83493	0.83494			6
2024.10.15	03:03:32.530	0.83495	0.83496			6
2024.10.15	03:03:33.166	0.83494	0.83495			6
2024.10.15	03:03:37.228	0.83496	0.83497			6
2024.10.15	03:03:42.043	0.83498	0.83499			6
2024.10.15	03:03:52.570	0.83497	0.83498			6
2024.10.15	03:03:54.706	0.83498	0.83499			6
2024.10.15	03:03:55.966	0.83497	0.83498			6
2024.10.15	03:03:56.992	0.83496	0.83497			6
2024.10.15	03:03:58.665	0.83497	0.83498			6
2024.10.15	03:03:59.073	0.83496	0.83497			6
2024.10.15	03:04:00.247	0.83497	0.83498			6
2024.10.15	03:04:04.207	0.83494	0.83497			6
2024.10.15	03:04:04.516	0.83495	0.83496			6
2024.10.15	03:04:06.188	0.83494	0.83495			6
2024.10.15	03:04:06.887	0.83495	0.83496			6
2024.10.15	03:04:07.193	0.83493	0.83494			6
2024.10.15	03:04:07.810	0.83495	0.83496			6
2024.10.15	03:04:08.438	0.83496	0.83497			6
2024.10.15	03:04:08.743	0.83497	0.83498			6
2024.10.15	03:04:10.318	0.83498	0.83499			6
2024.10.15	03:04:10.623	0.83496	0.83497			6
2024.10.15	03:04:12.139		0.83498			4
2024.10.15	03:04:12.631	0.83497				2
2024.10.15	03:04:14.449	0.83498	0.83499			6
2024.10.15	03:04:15.804	0.83499	0.83500			6
2024.10.15	03:04:19.131	0.83498	0.83499			6
2024.10.15	03:04:19.496	0.83499	0.83500			6
2024.10.15	03:04:20.677	0.83498	0.83499			6
2024.10.15	03:04:21.009	0.83499	0.83500			6
2024.10.15	03:04:22.228	0.83498	0.83499			6
2024.10.15	03:04:26.079	0.83499	0.83500			6
2024.10.15	03:04:33.357	0.83497	0.83498			6
2024.10.15	03:04:33.688	0.83499	0.83500			6
2024.10.15	03:04:37.365	0.83497	0.83498			6
2024.10.15	03:04:40.973	0.83499	0.83500			6
2024.10.15	03:04:42.727	0.83496	0.83498			6
2024.10.15	03:04:43.135	0.83497				2
2024.10.15	03:04:46.724	0.83499	0.83500			6
2024.10.15	03:04:49.156	0.83498	0.83499			6
2024.10.15	03:04:50.953	0.83499	0.83500			6
2024.10.15	03:04:59.530	0.83497	0.83498			6
2024.10.15	03:04:59.848	0.83498	0.83499			6
2024.10.15	03:05:00.169	0.83498				2
2024.10.15	03:05:04.585	0.83499	0.83500			6
2024.10.15	03:05:05.285	0.83498	0.83499			6
2024.10.15	03:05:06.681	0.83497	0.83498			6
2024.10.15	03:05:11.080	0.83498	0.83499			6
2024.10.15	03:05:18.872	0.83499	0.83500			6
2024.10.15	03:05:20.833	0.83498	0.83499			6
2024.10.15	03:05:23.980	0.83499	0.83500			6
2024.10.15	03:05:24.355	0.83500	0.83501			6
2024.10.15	03:05:25.113	0.83499	0.83500			6
2024.10.15	03:05:48.888	0.83500	0.83501			6
2024.10.15	03:05:53.371	0.83501	0.83502			6
2024.10.15	03:05:54.747	0.83502	0.83503			6
2024.10.15	03:06:00.160	0.83501	0.83502			6
2024.10.15	03:06:01.974	0.83500	0.83501			6
2024.10.15	03:06:04.438	0.83499	0.83500			6
2024.10.15	03:06:06.443	0.83498	0.83499			6
2024.10.15	03:06:07.319	0.83497	0.83498			6
2024.10.15	03:06:07.713	0.83498	0.83499			6
2024.10.15	03:06:09.394	0.83497	0.83498			6
2024.10.15	03:06:09.717	0.83496				2
2024.10.15	03:06:10.022	0.83498	0.83499			6
2024.10.15	03:06:16.877	0.83499	0.83500			6
2024.10.15	03:06:21.523	0.83497	0.83498			6
2024.10.15	03:06:21.828	0.83499	0.83500			6
2024.10.15	03:06:22.859	0.83497	0.83498			6
2024.10.15	03:06:25.097	0.83498	0.83499			6
2024.10.15	03:06:25.405	0.83499	0.83500			6
2024.10.15	03:06:25.722	0.83498	0.83499			6
2024.10.15	03:06:26.063	0.83497	0.83498			6
2024.10.15	03:06:27.274	0.83498	0.83499			6
2024.10.15	03:06:29.718	0.83497	0.83498			6
2024.10.15	03:06:35.288	0.83496	0.83497			6
2024.10.15	03:06:41.027	0.83497	0.83498			6
2024.10.15	03:06:51.860	0.83496	0.83497			6
2024.10.15	03:06:52.730	0.83497	0.83498			6
2024.10.15	03:06:53.043	0.83496	0.83497			6
2024.10.15	03:06:56.862	0.83494	0.83495			6
2024.10.15	03:07:00.488	0.83495	0.83496			6
2024.10.15	03:07:05.136	0.83496	0.83497			6
2024.10.15	03:07:09.570	0.83493	0.83494			6
2024.10.15	03:07:10.309	0.83492	0.83493			6
2024.10.15	03:07:10.627	0.83493	0.83494			6
2024.10.15	03:07:10.952	0.83492	0.83493			6
2024.10.15	03:07:11.846	0.83491	0.83492			6
2024.10.15	03:07:12.396	0.83492	0.83493			6
2024.10.15	03:07:15.935	0.83489	0.83491			6
2024.10.15	03:07:16.624	0.83491	0.83492			6
2024.10.15	03:07:17.252	0.83492	0.83493			6
2024.10.15	03:07:17.847	0.83491	0.83492			6
2024.10.15	03:07:18.157	0.83494	0.83495			6
2024.10.15	03:07:20.267	0.83492	0.83493			6
2024.10.15	03:07:22.384	0.83493	0.83494			6
2024.10.15	03:07:23.649	0.83491	0.83492			6
2024.10.15	03:07:28.251	0.83493	0.83494			6
2024.10.15	03:07:33.481	0.83491	0.83492			6
2024.10.15	03:07:35.450		0.83493			4
2024.10.15	03:07:35.777		0.83492			4
2024.10.15	03:07:36.534		0.83493			4
2024.10.15	03:07:36.909		0.83492			4
2024.10.15	03:07:37.758		0.83493			4
2024.10.15	03:07:39.738		0.83492			4
2024.10.15	03:07:41.635	0.83493	0.83494			6
2024.10.15	03:07:42.590	0.83491	0.83492			6
2024.10.15	03:07:44.023	0.83493	0.83494			6
2024.10.15	03:07:44.567	0.83494	0.83495			6
2024.10.15	03:07:48.937	0.83492	0.83493			6
2024.10.15	03:07:54.487	0.83493	0.83494			6
2024.10.15	03:07:59.710	0.83492	0.83493			6
2024.10.15	03:08:00.042	0.83492				2
2024.10.15	03:08:00.361	0.83491	0.83492			6
2024.10.15	03:08:03.546	0.83492	0.83493			6
2024.10.15	03:08:03.856	0.83491	0.83492			6
2024.10.15	03:08:12.345	0.83492	0.83493			6
2024.10.15	03:08:12.699	0.83491	0.83492			6
2024.10.15	03:08:13.512	0.83492	0.83493			6
2024.10.15	03:08:14.388	0.83493	0.83494			6
2024.10.15	03:08:16.383	0.83492	0.83493			6
2024.10.15	03:08:16.990	0.83493	0.83494			6
2024.10.15	03:08:18.568	0.83494	0.83495			6
2024.10.15	03:08:18.929	0.83493	0.83494			6
2024.10.15	03:08:19.241	0.83494	0.83495			6
2024.10.15	03:08:20.244	0.83492	0.83493			6
2024.10.15	03:08:21.269	0.83491	0.83492			6
2024.10.15	03:08:23.468	0.83492	0.83493			6
2024.10.15	03:08:23.963	0.83491	0.83492			6
2024.10.15	03:08:48.866	0.83492	0.83493			6
2024.10.15	03:08:57.176	0.83491	0.83492			6
2024.10.15	03:09:00.369	0.83492	0.83493			6
2024.10.15	03:09:03.667	0.83491	0.83492			6
2024.10.15	03:09:08.124	0.83490	0.83491			6
2024.10.15	03:09:09.196	0.83491	0.83492			6
2024.10.15	03:09:11.390	0.83490	0.83491			6
2024.10.15	03:09:11.843	0.83491	0.83492			6
2024.10.15	03:09:12.657	0.83490	0.83491			6
2024.10.15	03:09:13.232	0.83489	0.83490			6
2024.10.15	03:09:14.026	0.83491	0.83492			6
2024.10.15	03:09:17.314	0.83492	0.83493			6
2024.10.15	03:09:19.110	0.83493	0.83494			6
2024.10.15	03:09:24.034	0.83492	0.83493			6
2024.10.15	03:09:25.029	0.83491	0.83492			6
2024.10.15	03:09:27.801	0.83492	0.83493			6
2024.10.15	03:09:28.107	0.83491	0.83492			6
2024.10.15	03:09:30.924	0.83492	0.83493			6
2024.10.15	03:09:33.766	0.83491	0.83492			6
2024.10.15	03:09:36.146	0.83492	0.83493			6
2024.10.15	03:09:36.850	0.83491	0.83492			6
2024.10.15	03:09:37.739	0.83492	0.83493			6
2024.10.15	03:09:43.372	0.83493	0.83494			6
2024.10.15	03:09:48.181	0.83492	0.83493			6
2024.10.15	03:09:49.322	0.83493	0.83494			6
2024.10.15	03:09:50.212	0.83492	0.83493			6
2024.10.15	03:09:50.522	0.83493	0.83494			6
2024.10.15	03:09:54.126	0.83492	0.83493			6
2024.10.15	03:09:59.787	0.83491	0.83492			6
2024.10.15	03:10:00.140	0.83491				2
2024.10.15	03:10:00.494	0.83489	0.83490			6
2024.10.15	03:10:17.056	0.83490	0.83491			6
2024.10.15	03:10:18.527	0.83487	0.83488			6
2024.10.15	03:10:24.082	0.83488	0.83489			6
2024.10.15	03:10:25.037	0.83487	0.83488			6
2024.10.15	03:10:25.682	0.83486	0.83487			6
2024.10.15	03:10:27.108	0.83487	0.83488			6
2024.10.15	03:10:28.313	0.83486	0.83487			6
2024.10.15	03:10:29.477	0.83485	0.83486			6
2024.10.15	03:10:31.488	0.83486	0.83487			6
2024.10.15	03:10:35.096	0.83485	0.83486			6
2024.10.15	03:10:42.766	0.83486	0.83487			6
2024.10.15	03:10:43.827	0.83485	0.83486			6
2024.10.15	03:10:56.737	0.83484	0.83485			6
2024.10.15	03:10:57.461	0.83483				2
2024.10.15	03:11:00.325	0.83484				2
2024.10.15	03:11:03.651	0.83486	0.83487			6
2024.10.15	03:11:06.670	0.83485	0.83486			6
2024.10.15	03:11:07.036	0.83484	0.83485			6
2024.10.15	03:11:07.891	0.83481	0.83482			6
2024.10.15	03:11:11.409	0.83483	0.83484			6
2024.10.15	03:11:13.464	0.83481	0.83482			6
2024.10.15	03:11:16.958	0.83483	0.83484			6
2024.10.15	03:11:17.265	0.83480	0.83481			6
2024.10.15	03:11:20.676	0.83482	0.83483			6
2024.10.15	03:11:24.057	0.83481	0.83482			6
2024.10.15	03:11:25.844	0.83480	0.83481			6
2024.10.15	03:11:26.862	0.83481	0.83482			6
2024.10.15	03:11:35.695	0.83483	0.83484			6
2024.10.15	03:11:36.453	0.83482	0.83483			6
2024.10.15	03:11:36.843	0.83481	0.83482			6
2024.10.15	03:11:37.161	0.83479	0.83480			6
2024.10.15	03:11:37.464	0.83481	0.83482			6
2024.10.15	03:11:43.527	0.83482	0.83483			6
2024.10.15	03:11:45.543	0.83483	0.83484			6
2024.10.15	03:11:47.337	0.83481	0.83482			6
2024.10.15	03:12:00.175	0.83481				2
2024.10.15	03:12:03.531	0.83480	0.83481			6
2024.10.15	03:12:10.138	0.83479				2
2024.10.15	03:12:10.444		0.83480			4
2024.10.15	03:12:14.862	0.83481	0.83482			6
2024.10.15	03:12:18.414	0.83480	0.83481			6
2024.10.15	03:12:19.481	0.83479	0.83480			6
2024.10.15	03:12:19.822	0.83480	0.83481			6
2024.10.15	03:12:32.413	0.83478	0.83479			6
2024.10.15	03:12:32.726	0.83479	0.83480			6
2024.10.15	03:12:33.049	0.83478	0.83479			6
2024.10.15	03:12:33.895	0.83480	0.83481			6
2024.10.15	03:12:34.460	0.83481	0.83482			6
2024.10.15	03:12:41.033	0.83480	0.83481			6
2024.10.15	03:12:43.026	0.83481	0.83482			6
2024.10.15	03:12:43.349	0.83478	0.83480			6
2024.10.15	03:12:48.581	0.83480	0.83481			6
2024.10.15	03:12:56.318	0.83479	0.83480			6
2024.10.15	03:13:01.210	0.83479				2
2024.10.15	03:13:07.285	0.83481	0.83482			6
2024.10.15	03:13:22.146	0.83478	0.83480			6
2024.10.15	03:13:23.538	0.83481	0.83482			6
2024.10.15	03:13:24.146	0.83478	0.83480			6
2024.10.15	03:13:24.452	0.83481	0.83482			6
2024.10.15	03:13:37.233	0.83478	0.83480			6
2024.10.15	03:13:38.953	0.83481	0.83482			6
2024.10.15	03:13:53.984	0.83482	0.83483			6
2024.10.15	03:13:54.658	0.83481	0.83482			6
2024.10.15	03:13:55.038	0.83482	0.83483			6
2024.10.15	03:13:56.893	0.83480	0.83481			6
2024.10.15	03:14:00.308	0.83480				2
2024.10.15	03:14:02.046	0.83481	0.83482			6
2024.10.15	03:14:04.594	0.83482	0.83483			6
2024.10.15	03:14:29.677	0.83481	0.83482			6
2024.10.15	03:14:31.341	0.83482	0.83483			6
2024.10.15	03:14:31.778	0.83481	0.83482			6
2024.10.15	03:14:33.925	0.83478	0.83480			6
2024.10.15	03:14:37.541	0.83477	0.83481			6
2024.10.15	03:14:38.378	0.83478				2
2024.10.15	03:14:43.262	0.83477	0.83480			6
2024.10.15	03:14:43.806	0.83478				2
2024.10.15	03:14:47.246		0.83479			4
2024.10.15	03:14:49.137		0.83480			4
2024.10.15	03:14:50.234	0.83479				2
2024.10.15	03:14:50.721	0.83477	0.83479			6
2024.10.15	03:14:51.396		0.83478			4
2024.10.15	03:14:52.768		0.83479			4
2024.10.15	03:14:53.568		0.83478			4
2024.10.15	03:14:54.292	0.83479	0.83480			6
2024.10.15	03:14:54.877	0.83478	0.83479			6
2024.10.15	03:14:55.605	0.83479	0.83480			6
2024.10.15	03:14:56.217	0.83478	0.83479			6
2024.10.15	03:14:59.364	0.83479	0.83480			6
2024.10.15	03:15:00.352	0.83477	0.83478			6
2024.10.15	03:15:01.462	0.83478	0.83479			6
2024.10.15	03:15:08.827	0.83476	0.83477			6
2024.10.15	03:15:09.131	0.83478	0.83479			6
2024.10.15	03:15:30.370	0.83479	0.83481			6
2024.10.15	03:15:30.709	0.83481	0.83482			6
2024.10.15	03:15:48.661	0.83482	0.83483			6
2024.10.15	03:16:00.120	0.83482				2
2024.10.15	03:16:10.616	0.83481	0.83482			6
2024.10.15	03:16:10.939	0.83482	0.83483			6
2024.10.15	03:16:24.661	0.83481	0.83482			6
2024.10.15	03:16:26.621	0.83482	0.83483			6
2024.10.15	03:16:30.468	0.83481	0.83482			6
2024.10.15	03:16:37.178	0.83480	0.83481			6
2024.10.15	03:16:37.501	0.83481	0.83482			6
2024.10.15	03:16:42.651	0.83482	0.83483			6
2024.10.15	03:17:00.949	0.83480	0.83481			6
2024.10.15	03:17:01.347	0.83481	0.83482			6
2024.10.15	03:17:02.128	0.83480	0.83481			6
2024.10.15	03:17:20.010	0.83482	0.83483			6
2024.10.15	03:17:51.446	0.83483	0.83484			6
2024.10.15	03:17:56.507	0.83482	0.83483			6
2024.10.15	03:18:00.374	0.83482				2
2024.10.15	03:18:35.139	0.83480	0.83481			6
2024.10.15	03:18:35.911	0.83479	0.83480			6
2024.10.15	03:18:36.233	0.83482	0.83483			6
2024.10.15	03:18:46.826	0.83479	0.83480			6
2024.10.15	03:18:50.128	0.83478				2
2024.10.15	03:18:50.795		0.83481			4
2024.10.15	03:18:51.684		0.83480			4
2024.10.15	03:18:53.508	0.83477				2
2024.10.15	03:18:54.653	0.83478				2
2024.10.15	03:18:56.024		0.83481			4
2024.10.15	03:18:57.023		0.83480			4
2024.10.15	03:19:00.278	0.83478				2
2024.10.15	03:19:02.301	0.83481	0.83482			6
2024.10.15	03:19:12.342	0.83480	0.83481			6
2024.10.15	03:19:21.954	0.83481	0.83482			6
2024.10.15	03:19:22.468	0.83480	0.83481			6
2024.10.15	03:19:24.023	0.83478	0.83480			6
2024.10.15	03:19:25.212	0.83479				2
2024.10.15	03:19:26.773	0.83480	0.83481			6
2024.10.15	03:19:27.106	0.83481	0.83482			6
2024.10.15	03:19:27.773	0.83480	0.83481			6
2024.10.15	03:19:32.211	0.83479	0.83480			6
2024.10.15	03:19:36.296	0.83480	0.83481			6
2024.10.15	03:19:42.399	0.83481	0.83482			6
2024.10.15	03:19:43.387	0.83478	0.83479			6
2024.10.15	03:19:44.404	0.83477				2
2024.10.15	03:19:46.766	0.83480	0.83481			6
2024.10.15	03:19:48.729	0.83479	0.83480			6
2024.10.15	03:19:51.351	0.83478	0.83479			6
2024.10.15	03:19:56.320	0.83477				2
2024.10.15	03:19:57.743	0.83478	0.83480			6
2024.10.15	03:19:58.100	0.83477	0.83479			6
2024.10.15	03:19:59.683	0.83478				2
2024.10.15	03:20:02.640	0.83477				2
2024.10.15	03:20:04.203		0.83480			4
2024.10.15	03:20:07.006	0.83478	0.83479			6
2024.10.15	03:20:11.726	0.83479	0.83480			6
2024.10.15	03:20:14.616	0.83478	0.83479			6
2024.10.15	03:20:22.531	0.83477	0.83478			6
2024.10.15	03:20:25.429	0.83476	0.83477			6
2024.10.15	03:20:26.874	0.83475	0.83476			6
2024.10.15	03:20:33.373	0.83477	0.83478			6
2024.10.15	03:20:35.887	0.83476	0.83477			6
2024.10.15	03:20:36.404	0.83477	0.83478			6
2024.10.15	03:20:37.022	0.83476	0.83477			6
2024.10.15	03:20:38.395	0.83477	0.83478			6
2024.10.15	03:20:39.138	0.83476	0.83477			6
2024.10.15	03:20:39.506	0.83477	0.83478			6
2024.10.15	03:20:41.808	0.83476	0.83477			6
2024.10.15	03:20:42.701	0.83477	0.83478			6
2024.10.15	03:20:43.361	0.83476	0.83477			6
2024.10.15	03:20:43.727	0.83477	0.83478			6
2024.10.15	03:20:48.361	0.83478	0.83479			6
2024.10.15	03:20:52.774	0.83477	0.83478			6
2024.10.15	03:20:53.096	0.83478	0.83479			6
2024.10.15	03:20:54.770	0.83477	0.83478			6
2024.10.15	03:20:55.146	0.83478	0.83479			6
2024.10.15	03:21:00.289	0.83478				2
2024.10.15	03:21:20.104	0.83479	0.83480			6
2024.10.15	03:21:26.676	0.83478	0.83479			6
2024.10.15	03:21:28.267	0.83479	0.83480			6
2024.10.15	03:21:36.032	0.83480	0.83481			6
2024.10.15	03:21:36.345	0.83483	0.83484			6
2024.10.15	03:21:38.223	0.83485	0.83486			6
2024.10.15	03:21:42.891	0.83484	0.83485			6
2024.10.15	03:21:48.651	0.83485	0.83486			6
2024.10.15	03:21:49.954	0.83486	0.83487			6
2024.10.15	03:22:00.732	0.83485	0.83486			6
2024.10.15	03:22:05.981	0.83484	0.83485			6
2024.10.15	03:22:06.690	0.83485	0.83486			6
2024.10.15	03:22:07.489	0.83486	0.83487			6
2024.10.15	03:22:08.777	0.83484	0.83485			6
2024.10.15	03:22:09.139	0.83483	0.83484			6
2024.10.15	03:22:09.868	0.83484	0.83485			6
2024.10.15	03:22:10.736	0.83483	0.83484			6
2024.10.15	03:22:14.771	0.83482	0.83483			6
2024.10.15	03:22:18.408	0.83485	0.83486			6
2024.10.15	03:22:19.566	0.83484	0.83485			6
2024.10.15	03:22:20.708	0.83485	0.83486			6
2024.10.15	03:22:22.755	0.83483	0.83484			6
2024.10.15	03:22:23.377	0.83485	0.83486			6
2024.10.15	03:22:26.170	0.83483	0.83484			6
2024.10.15	03:22:27.741	0.83482	0.83483			6
2024.10.15	03:22:28.328	0.83483	0.83484			6
2024.10.15	03:22:29.522	0.83482	0.83483			6
2024.10.15	03:22:29.826	0.83483	0.83484			6
2024.10.15	03:22:42.148	0.83482	0.83483			6
2024.10.15	03:22:42.506	0.83483	0.83484			6
2024.10.15	03:22:42.826	0.83482	0.83483			6
2024.10.15	03:22:45.647	0.83483	0.83484			6
2024.10.15	03:22:46.378	0.83482	0.83483			6
2024.10.15	03:22:46.713	0.83483	0.83484			6
2024.10.15	03:22:47.357	0.83482	0.83483			6
2024.10.15	03:22:47.698	0.83483	0.83484			6
2024.10.15	03:22:48.556	0.83482	0.83483			6
2024.10.15	03:22:50.419	0.83483	0.83484			6
2024.10.15	03:22:54.837	0.83484	0.83485			6
2024.10.15	03:22:57.314	0.83485	0.83486			6
2024.10.15	03:22:57.740	0.83484	0.83485			6
2024.10.15	03:22:58.060	0.83485	0.83486			6
2024.10.15	03:22:58.782	0.83484	0.83485			6
2024.10.15	03:23:00.092	0.83484				2
2024.10.15	03:23:01.440	0.83485	0.83486			6
2024.10.15	03:23:03.931	0.83484	0.83485			6
2024.10.15	03:23:04.642	0.83485	0.83486			6
2024.10.15	03:23:04.954	0.83486	0.83487			6
2024.10.15	03:23:19.768	0.83487	0.83488			6
2024.10.15	03:23:20.356	0.83489	0.83490			6
2024.10.15	03:23:21.387	0.83488	0.83489			6
2024.10.15	03:23:30.389	0.83489	0.83490			6
2024.10.15	03:23:31.058	0.83490	0.83491			6
2024.10.15	03:23:33.444	0.83491	0.83492			6
2024.10.15	03:23:34.409	0.83492	0.83493			6
2024.10.15	03:23:36.469	0.83491	0.83492			6
2024.10.15	03:23:36.833	0.83492	0.83493			6
2024.10.15	03:24:00.077	0.83492				2
2024.10.15	03:24:01.239	0.83491	0.83492			6
2024.10.15	03:24:02.315	0.83492	0.83493			6
2024.10.15	03:24:02.710	0.83491	0.83492			6
2024.10.15	03:24:03.237	0.83492	0.83493			6
2024.10.15	03:24:04.151	0.83491	0.83492			6
2024.10.15	03:24:05.052	0.83492	0.83493			6
2024.10.15	03:24:06.077	0.83491	0.83492			6
2024.10.15	03:24:07.284	0.83489	0.83490			6
2024.10.15	03:24:12.463	0.83488	0.83489			6
2024.10.15	03:24:12.771	0.83489	0.83490			6
2024.10.15	03:24:18.045	0.83488	0.83489			6
2024.10.15	03:24:18.408	0.83489	0.83490			6
2024.10.15	03:24:19.532	0.83491	0.83492			6
2024.10.15	03:24:27.441	0.83492	0.83493			6
2024.10.15	03:24:27.981	0.83491	0.83492			6
2024.10.15	03:24:28.402	0.83490	0.83491			6
2024.10.15	03:24:33.341	0.83489	0.83490			6
2024.10.15	03:24:33.780	0.83488	0.83489			6
2024.10.15	03:24:35.025	0.83487	0.83488			6
2024.10.15	03:24:36.115	0.83489	0.83490			6
2024.10.15	03:24:39.356	0.83491	0.83492			6
2024.10.15	03:24:41.413	0.83490	0.83491			6
2024.10.15	03:24:41.961	0.83489	0.83490			6
2024.10.15	03:24:42.821	0.83490	0.83491			6
2024.10.15	03:25:00.476	0.83490				2
2024.10.15	03:25:01.368	0.83489	0.83490			6
2024.10.15	03:25:10.770	0.83488	0.83489			6
2024.10.15	03:25:11.197	0.83486	0.83487			6
2024.10.15	03:25:14.402	0.83487	0.83488			6
2024.10.15	03:25:14.704	0.83490	0.83491			6
2024.10.15	03:25:24.032	0.83489	0.83490			6
2024.10.15	03:25:24.420	0.83490	0.83491			6
2024.10.15	03:25:28.777	0.83489	0.83490			6
2024.10.15	03:25:29.744	0.83490	0.83491			6
2024.10.15	03:25:30.340	0.83489	0.83490			6
2024.10.15	03:25:31.159	0.83490	0.83491			6
2024.10.15	03:25:31.512	0.83489	0.83490			6
2024.10.15	03:25:32.441	0.83488	0.83489			6
2024.10.15	03:25:42.503	0.83487	0.83488			6
2024.10.15	03:25:44.348	0.83488	0.83489			6
2024.10.15	03:25:50.027	0.83489	0.83490			6
2024.10.15	03:25:50.373	0.83488	0.83489			6
2024.10.15	03:25:51.006	0.83489	0.83490			6
2024.10.15	03:25:51.335	0.83488	0.83489			6
2024.10.15	03:25:57.918	0.83487	0.83488			6
2024.10.15	03:25:58.517	0.83488	0.83489			6
2024.10.15	03:26:00.317	0.83488				2
2024.10.15	03:26:03.532	0.83491	0.83492			6
2024.10.15	03:26:04.580	0.83492	0.83493			6
2024.10.15	03:26:05.477	0.83493	0.83494			6
2024.10.15	03:26:07.458	0.83494	0.83495			6
2024.10.15	03:26:07.764	0.83500	0.83501			6
2024.10.15	03:26:08.069	0.83501	0.83502			6
2024.10.15	03:26:08.437	0.83502	0.83503			6
2024.10.15	03:26:10.991	0.83503	0.83504			6
2024.10.15	03:26:11.987	0.83502	0.83503			6
2024.10.15	03:26:12.352	0.83503	0.83504			6
2024.10.15	03:26:12.686	0.83504	0.83505			6
2024.10.15	03:26:15.371	0.83503	0.83504			6
2024.10.15	03:26:16.351	0.83502	0.83503			6
2024.10.15	03:26:18.966	0.83503	0.83504			6
2024.10.15	03:26:19.464	0.83502	0.83503			6
2024.10.15	03:26:21.923	0.83503	0.83504			6
2024.10.15	03:26:23.029	0.83502	0.83503			6
2024.10.15	03:26:23.372	0.83503	0.83504			6
2024.10.15	03:26:23.690	0.83502	0.83503			6
2024.10.15	03:26:25.697	0.83500	0.83501			6
2024.10.15	03:26:28.492	0.83499	0.83500			6
2024.10.15	03:26:31.197	0.83498	0.83499			6
2024.10.15	03:26:31.818	0.83499	0.83500			6
2024.10.15	03:26:38.351	0.83498	0.83499			6
2024.10.15	03:26:38.807	0.83499	0.83500			6
2024.10.15	03:26:42.369	0.83498	0.83499			6
2024.10.15	03:26:43.562	0.83499	0.83500			6
2024.10.15	03:26:44.432	0.83500	0.83501			6
2024.10.15	03:26:47.930	0.83499	0.83500			6
2024.10.15	03:26:50.315	0.83497	0.83498			6
2024.10.15	03:26:51.434	0.83496	0.83497			6
2024.10.15	03:26:54.136	0.83495	0.83496			6
2024.10.15	03:26:56.345	0.83496	0.83497			6
2024.10.15	03:26:58.013	0.83495	0.83496			6
2024.10.15	03:27:03.264	0.83495				2
2024.10.15	03:27:10.392	0.83494	0.83495			6
2024.10.15	03:27:11.048	0.83495	0.83496			6
2024.10.15	03:27:13.734	0.83494	0.83495			6
2024.10.15	03:27:16.150	0.83493	0.83494			6
2024.10.15	03:27:16.467	0.83489	0.83490			6
2024.10.15	03:27:18.014	0.83488	0.83489			6
2024.10.15	03:27:18.346	0.83489	0.83490			6
2024.10.15	03:27:20.639	0.83488	0.83489			6
2024.10.15	03:27:24.477	0.83487	0.83488			6
2024.10.15	03:27:25.372	0.83488	0.83489			6
2024.10.15	03:27:27.562	0.83486	0.83487			6
2024.10.15	03:27:29.251	0.83485	0.83486			6
2024.10.15	03:27:29.561	0.83486	0.83487			6
2024.10.15	03:27:29.942	0.83484	0.83485			6
2024.10.15	03:27:33.354	0.83485	0.83486			6
2024.10.15	03:27:34.430	0.83484	0.83485			6
2024.10.15	03:27:35.696	0.83485	0.83486			6
2024.10.15	03:27:42.991	0.83483	0.83484			6
2024.10.15	03:27:50.764	0.83484	0.83485			6
2024.10.15	03:27:52.523	0.83483	0.83484			6
2024.10.15	03:27:53.445	0.83482	0.83483			6
2024.10.15	03:27:54.108	0.83483	0.83484			6
2024.10.15	03:27:56.344	0.83482	0.83483			6
2024.10.15	03:28:00.103	0.83482				2
2024.10.15	03:28:02.622	0.83481	0.83482			6
2024.10.15	03:28:07.855	0.83485	0.83486			6
2024.10.15	03:28:09.201	0.83482	0.83483			6
2024.10.15	03:28:09.517	0.83481	0.83482			6
2024.10.15	03:28:09.837	0.83482	0.83483			6
2024.10.15	03:28:15.948	0.83484	0.83485			6
2024.10.15	03:28:16.268	0.83483	0.83484			6
2024.10.15	03:28:19.043	0.83481	0.83482			6
2024.10.15	03:28:22.741	0.83482	0.83483			6
2024.10.15	03:28:31.243	0.83481	0.83482			6
2024.10.15	03:28:31.557	0.83482	0.83483			6
2024.10.15	03:28:35.014	0.83481	0.83482			6
2024.10.15	03:28:38.353	0.83482	0.83483			6
2024.10.15	03:28:42.144	0.83483	0.83484			6
2024.10.15	03:28:47.886	0.83484	0.83485			6
2024.10.15	03:28:49.158	0.83483	0.83484			6
2024.10.15	03:28:51.815	0.83484	0.83485			6
2024.10.15	03:28:52.410	0.83483	0.83484			6
2024.10.15	03:28:52.903	0.83484	0.83485			6
2024.10.15	03:28:53.378	0.83483	0.83484			6
2024.10.15	03:28:53.694	0.83484	0.83485			6
2024.10.15	03:28:57.288	0.83483	0.83484			6
2024.10.15	03:29:00.381	0.83483				2
2024.10.15	03:29:03.543	0.83484	0.83485			6
2024.10.15	03:29:04.682	0.83483	0.83484			6
2024.10.15	03:29:06.709	0.83482	0.83483			6
2024.10.15	03:29:09.640	0.83481	0.83482			6
2024.10.15	03:29:10.183	0.83482	0.83483			6
2024.10.15	03:29:12.293	0.83481	0.83482			6
2024.10.15	03:29:14.206	0.83482	0.83483			6
2024.10.15	03:29:18.367	0.83481	0.83482			6
2024.10.15	03:29:20.893	0.83480	0.83481			6
2024.10.15	03:29:24.231	0.83481	0.83482			6
2024.10.15	03:29:24.542	0.83480	0.83481			6
2024.10.15	03:29:25.803	0.83481	0.83482			6
2024.10.15	03:29:26.252	0.83480	0.83481			6
2024.10.15	03:29:27.237	0.83481	0.83482			6
2024.10.15	03:29:35.282	0.83480	0.83481			6
2024.10.15	03:29:35.636	0.83481	0.83482			6
2024.10.15	03:29:36.718	0.83480	0.83481			6
2024.10.15	03:29:38.368	0.83481	0.83482			6
2024.10.15	03:29:40.366	0.83480	0.83481			6
2024.10.15	03:29:41.940	0.83481	0.83482			6
2024.10.15	03:29:42.492	0.83480	0.83481			6
2024.10.15	03:29:42.923	0.83481	0.83482			6
2024.10.15	03:29:44.807	0.83483	0.83484			6
2024.10.15	03:29:59.189	0.83482	0.83483			6
2024.10.15	03:30:00.315	0.83483	0.83484			6
2024.10.15	03:30:00.641	0.83482	0.83483			6
2024.10.15	03:30:03.196	0.83483	0.83484			6
2024.10.15	03:30:38.308	0.83482	0.83483			6
2024.10.15	03:30:39.413	0.83481	0.83482			6
2024.10.15	03:30:39.724	0.83482	0.83483			6
2024.10.15	03:30:40.666	0.83479	0.83480			6
2024.10.15	03:30:41.520	0.83481	0.83482			6
2024.10.15	03:30:41.842	0.83479	0.83480			6
2024.10.15	03:30:44.308		0.83481			4
2024.10.15	03:30:44.617		0.83480			4
2024.10.15	03:30:46.962	0.83481	0.83482			6
2024.10.15	03:30:53.119	0.83482	0.83483			6
2024.10.15	03:30:53.571	0.83479	0.83480			6
2024.10.15	03:30:53.961	0.83480	0.83481			6
2024.10.15	03:31:00.432	0.83480				2
2024.10.15	03:31:06.455	0.83481	0.83482			6
2024.10.15	03:31:07.645	0.83480	0.83481			6
2024.10.15	03:31:14.005	0.83481	0.83482			6
2024.10.15	03:31:21.422	0.83482	0.83483			6
2024.10.15	03:31:24.032	0.83481	0.83482			6
2024.10.15	03:31:28.966	0.83480	0.83481			6
2024.10.15	03:31:30.349	0.83481	0.83482			6
2024.10.15	03:31:32.010	0.83480	0.83481			6
2024.10.15	03:31:32.889	0.83481	0.83482			6
2024.10.15	03:31:35.349	0.83482	0.83483			6
2024.10.15	03:31:35.770	0.83483	0.83484			6
2024.10.15	03:31:36.373	0.83482	0.83483			6
2024.10.15	03:31:38.689	0.83481	0.83482			6
2024.10.15	03:31:41.676	0.83480	0.83481			6
2024.10.15	03:31:43.329	0.83482	0.83483			6
2024.10.15	03:31:43.659	0.83481	0.83482			6
2024.10.15	03:31:48.707	0.83480	0.83481			6
2024.10.15	03:31:50.015	0.83481	0.83482			6
2024.10.15	03:31:50.337	0.83480	0.83481			6
2024.10.15	03:31:52.257	0.83481	0.83482			6
2024.10.15	03:31:55.989	0.83479	0.83480			6
2024.10.15	03:31:56.373	0.83481	0.83482			6
2024.10.15	03:31:56.759	0.83480	0.83481			6
2024.10.15	03:31:59.743	0.83479	0.83480			6
2024.10.15	03:32:00.173	0.83479				2
2024.10.15	03:32:01.584	0.83480	0.83481			6
2024.10.15	03:32:04.284	0.83481	0.83482			6
2024.10.15	03:32:04.590	0.83480	0.83481			6
2024.10.15	03:32:07.264	0.83479	0.83480			6
2024.10.15	03:32:24.206	0.83477	0.83478			6
2024.10.15	03:32:25.661	0.83478	0.83479			6
2024.10.15	03:32:26.818	0.83477	0.83478			6
2024.10.15	03:32:30.899	0.83478	0.83479			6
2024.10.15	03:32:31.496	0.83477	0.83478			6
2024.10.15	03:32:40.934	0.83476	0.83477			6
2024.10.15	03:32:47.792	0.83475	0.83476			6
2024.10.15	03:32:48.206	0.83476	0.83477			6
2024.10.15	03:32:55.569	0.83477	0.83478			6
2024.10.15	03:33:00.150	0.83477				2
2024.10.15	03:33:57.425		0.83478			4
2024.10.15	03:34:00.882	0.83477				2
2024.10.15	03:34:08.125	0.83476	0.83477			6
2024.10.15	03:34:10.347	0.83477	0.83478			6
2024.10.15	03:34:27.113	0.83476	0.83477			6
2024.10.15	03:34:28.792	0.83477	0.83478			6
2024.10.15	03:34:30.494	0.83479	0.83480			6
2024.10.15	03:34:31.175	0.83477	0.83478			6
2024.10.15	03:34:33.758	0.83474	0.83475			6
2024.10.15	03:34:34.067	0.83475	0.83476			6
2024.10.15	03:34:38.942	0.83474	0.83475			6
2024.10.15	03:34:45.762	0.83475	0.83476			6
2024.10.15	03:34:47.719	0.83473	0.83474			6
2024.10.15	03:34:50.740	0.83474	0.83475			6
2024.10.15	03:34:53.641	0.83473	0.83474			6
2024.10.15	03:34:57.140	0.83474	0.83475			6
2024.10.15	03:34:58.196	0.83470	0.83471			6
2024.10.15	03:34:59.158	0.83469	0.83470			6
2024.10.15	03:35:00.141	0.83469				2
2024.10.15	03:35:00.471	0.83470	0.83471			6
2024.10.15	03:35:02.339	0.83471	0.83472			6
2024.10.15	03:35:05.266	0.83470	0.83471			6
2024.10.15	03:35:05.668	0.83471	0.83472			6
2024.10.15	03:35:06.299	0.83470	0.83471			6
2024.10.15	03:35:06.757	0.83471	0.83472			6
2024.10.15	03:35:09.009	0.83470	0.83471			6
2024.10.15	03:35:09.808	0.83469	0.83470			6
2024.10.15	03:35:12.724	0.83470	0.83471			6
2024.10.15	03:35:15.982	0.83471	0.83472			6
2024.10.15	03:35:16.513	0.83470	0.83471			6
2024.10.15	03:35:33.684	0.83471	0.83472			6
2024.10.15	03:35:35.560	0.83470	0.83471			6
2024.10.15	03:35:35.899	0.83471	0.83472			6
2024.10.15	03:35:38.476	0.83470	0.83471			6
2024.10.15	03:35:38.820	0.83471	0.83472			6
2024.10.15	03:35:39.593	0.83470	0.83471			6
2024.10.15	03:35:45.926	0.83469	0.83470			6
2024.10.15	03:35:46.264	0.83470	0.83471			6
2024.10.15	03:35:47.641	0.83473	0.83474			6
2024.10.15	03:35:49.194	0.83474	0.83475			6
2024.10.15	03:35:51.889	0.83476	0.83477			6
2024.10.15	03:35:55.358	0.83478	0.83479			6
2024.10.15	03:35:56.151	0.83477	0.83478			6
2024.10.15	03:35:56.550	0.83478	0.83479			6
2024.10.15	03:36:00.368	0.83477	0.83478			6
2024.10.15	03:36:02.664	0.83478	0.83479			6
2024.10.15	03:36:16.480	0.83477	0.83478			6
2024.10.15	03:36:28.577	0.83478	0.83479			6
2024.10.15	03:36:41.283	0.83477	0.83478			6
2024.10.15	03:37:01.478	0.83477				2
2024.10.15	03:37:13.985	0.83480	0.83481			6
2024.10.15	03:37:14.662	0.83481	0.83482			6
2024.10.15	03:37:19.710	0.83480	0.83481			6
2024.10.15	03:37:23.124	0.83479	0.83480			6
2024.10.15	03:37:23.787	0.83478	0.83479			6
2024.10.15	03:37:24.222	0.83479	0.83480			6
2024.10.15	03:37:27.103	0.83478	0.83479			6
2024.10.15	03:37:30.317	0.83479	0.83480			6
2024.10.15	03:37:30.624	0.83480	0.83481			6
2024.10.15	03:37:34.666	0.83479	0.83480			6
2024.10.15	03:37:39.574	0.83478	0.83479			6
2024.10.15	03:37:40.363	0.83479	0.83480			6
2024.10.15	03:38:00.388	0.83479				2
2024.10.15	03:38:06.024	0.83478	0.83479			6
2024.10.15	03:38:07.208	0.83479	0.83480			6
2024.10.15	03:38:12.389	0.83478	0.83479			6
2024.10.15	03:38:13.089	0.83477	0.83478			6
2024.10.15	03:38:14.935	0.83475	0.83476			6
2024.10.15	03:38:20.051	0.83476	0.83477			6
2024.10.15	03:38:21.180	0.83477	0.83478			6
2024.10.15	03:38:21.957	0.83478	0.83479			6
2024.10.15	03:38:36.485	0.83476	0.83477			6
2024.10.15	03:38:37.106	0.83477	0.83478			6
2024.10.15	03:38:37.634	0.83476	0.83477			6
2024.10.15	03:38:47.217	0.83474	0.83475			6
2024.10.15	03:38:56.263	0.83475	0.83476			6
2024.10.15	03:39:01.406	0.83475				2
2024.10.15	03:39:03.819	0.83474	0.83475			6
2024.10.15	03:39:04.128	0.83475	0.83476			6
2024.10.15	03:39:05.816	0.83474	0.83475			6
2024.10.15	03:39:17.317	0.83475	0.83476			6
2024.10.15	03:39:18.660	0.83474	0.83475			6
2024.10.15	03:39:26.024	0.83475	0.83476			6
2024.10.15	03:39:27.971	0.83474	0.83475			6
2024.10.15	03:39:30.981	0.83476	0.83477			6
2024.10.15	03:39:31.282	0.83475	0.83476			6
2024.10.15	03:39:36.947	0.83476	0.83477			6
2024.10.15	03:39:39.510	0.83475	0.83476			6
2024.10.15	03:39:48.868	0.83476	0.83477			6
2024.10.15	03:39:51.217	0.83475	0.83476			6
2024.10.15	03:39:54.606	0.83474	0.83475			6
2024.10.15	03:39:54.916	0.83475	0.83476			6
2024.10.15	03:39:55.369	0.83474	0.83475			6
2024.10.15	03:39:58.658	0.83475	0.83476			6
2024.10.15	03:39:59.344	0.83474	0.83475			6
2024.10.15	03:39:59.692	0.83475	0.83476			6
2024.10.15	03:40:00.009	0.83475				2
2024.10.15	03:40:07.696	0.83474	0.83475			6
2024.10.15	03:40:08.166	0.83473	0.83474			6
2024.10.15	03:40:13.867	0.83474	0.83475			6
2024.10.15	03:40:16.827	0.83473	0.83474			6
2024.10.15	03:40:28.520	0.83474	0.83475			6
2024.10.15	03:40:28.877	0.83473	0.83474			6
2024.10.15	03:40:29.694	0.83474	0.83475			6
2024.10.15	03:40:30.388	0.83473	0.83474			6
2024.10.15	03:40:30.752	0.83474	0.83475			6
2024.10.15	03:40:32.469	0.83475	0.83476			6
2024.10.15	03:40:32.932	0.83474	0.83475			6
2024.10.15	03:40:37.223	0.83473	0.83474			6
2024.10.15	03:40:37.825	0.83474	0.83475			6
2024.10.15	03:40:38.511	0.83473	0.83474			6
2024.10.15	03:40:39.391	0.83474	0.83475			6
2024.10.15	03:40:46.049	0.83475	0.83476			6
2024.10.15	03:40:53.680	0.83474	0.83475			6
2024.10.15	03:40:57.143	0.83475	0.83476			6
2024.10.15	03:41:00.361	0.83474	0.83475			6
2024.10.15	03:41:01.992	0.83475	0.83476			6
2024.10.15	03:41:02.435	0.83474	0.83475			6
2024.10.15	03:41:04.659	0.83473	0.83474			6
2024.10.15	03:41:06.741	0.83474	0.83475			6
2024.10.15	03:41:07.278	0.83473	0.83474			6
2024.10.15	03:41:07.897	0.83474	0.83475			6
2024.10.15	03:41:11.788	0.83473	0.83474			6
2024.10.15	03:41:12.352	0.83474	0.83475			6
2024.10.15	03:41:13.435	0.83475	0.83476			6
2024.10.15	03:41:14.242	0.83474	0.83475			6
2024.10.15	03:41:15.556	0.83475	0.83476			6
2024.10.15	03:41:20.694	0.83474	0.83475			6
2024.10.15	03:41:23.197	0.83475	0.83476			6
2024.10.15	03:41:27.561	0.83473	0.83474			6
2024.10.15	03:41:28.681	0.83472	0.83473			6
2024.10.15	03:41:32.723	0.83473	0.83474			6
2024.10.15	03:41:33.115	0.83472	0.83473			6
2024.10.15	03:41:35.403	0.83473	0.83474			6
2024.10.15	03:41:35.718	0.83472	0.83473			6
2024.10.15	03:41:36.320	0.83473	0.83474			6
2024.10.15	03:41:38.651	0.83472	0.83473			6
2024.10.15	03:41:39.419	0.83473	0.83474			6
2024.10.15	03:41:39.837	0.83472	0.83473			6
2024.10.15	03:41:40.765	0.83473	0.83474			6
2024.10.15	03:41:41.137	0.83472	0.83473			6
2024.10.15	03:41:46.016	0.83473	0.83474			6
2024.10.15	03:41:59.369	0.83472	0.83473			6
2024.10.15	03:42:00.440	0.83472				2
2024.10.15	03:42:07.839	0.83473	0.83474			6
2024.10.15	03:42:08.839	0.83472	0.83473			6
2024.10.15	03:42:09.168	0.83473	0.83474			6
2024.10.15	03:42:12.986	0.83472	0.83473			6
2024.10.15	03:42:14.230	0.83473	0.83474			6
2024.10.15	03:42:16.377	0.83472	0.83473			6
2024.10.15	03:42:16.683	0.83469	0.83470			6
2024.10.15	03:42:17.157	0.83472	0.83473			6
2024.10.15	03:42:19.432	0.83473	0.83474			6
2024.10.15	03:42:19.744	0.83474	0.83475			6
2024.10.15	03:42:27.949	0.83473	0.83474			6
2024.10.15	03:42:28.717	0.83474	0.83475			6
2024.10.15	03:42:30.865	0.83473	0.83474			6
2024.10.15	03:42:36.850	0.83474	0.83475			6
2024.10.15	03:42:43.957	0.83475	0.83476			6
2024.10.15	03:42:45.477	0.83476	0.83477			6
2024.10.15	03:43:00.368	0.83476				2
2024.10.15	03:43:04.158	0.83477	0.83478			6
2024.10.15	03:43:08.816	0.83478	0.83479			6
2024.10.15	03:43:13.412	0.83477	0.83478			6
2024.10.15	03:43:13.725	0.83478	0.83479			6
2024.10.15	03:43:17.050	0.83477	0.83478			6
2024.10.15	03:43:19.184	0.83478	0.83479			6
2024.10.15	03:43:21.329	0.83477	0.83478			6
2024.10.15	03:43:22.833	0.83478	0.83479			6
2024.10.15	03:43:28.102	0.83477	0.83478			6
2024.10.15	03:43:29.806	0.83476	0.83477			6
2024.10.15	03:43:33.535	0.83477	0.83478			6
2024.10.15	03:43:34.824	0.83476	0.83477			6
2024.10.15	03:43:35.384	0.83477	0.83478			6
2024.10.15	03:43:37.719	0.83476	0.83477			6
2024.10.15	03:43:40.554	0.83477	0.83478			6
2024.10.15	03:43:41.325	0.83476	0.83477			6
2024.10.15	03:43:43.791	0.83477	0.83478			6
2024.10.15	03:43:44.916	0.83476	0.83477			6
2024.10.15	03:43:45.920	0.83477	0.83478			6
2024.10.15	03:43:49.051	0.83476	0.83477			6
2024.10.15	03:43:49.912	0.83477	0.83478			6
2024.10.15	03:43:52.827	0.83476	0.83477			6
2024.10.15	03:43:58.346	0.83478	0.83479			6
2024.10.15	03:44:00.040	0.83477	0.83478			6
2024.10.15	03:44:00.891	0.83478	0.83479			6
2024.10.15	03:44:01.558	0.83477	0.83478			6
2024.10.15	03:44:04.893	0.83476	0.83477			6
2024.10.15	03:44:08.450	0.83475	0.83476			6
2024.10.15	03:44:08.762	0.83476	0.83477			6
2024.10.15	03:44:10.372	0.83475	0.83476			6
2024.10.15	03:44:13.002	0.83476	0.83477			6
2024.10.15	03:44:18.737	0.83475	0.83476			6
2024.10.15	03:44:22.705	0.83474	0.83475			6
2024.10.15	03:44:23.771	0.83475	0.83476			6
2024.10.15	03:44:24.083	0.83474	0.83475			6
2024.10.15	03:44:47.845	0.83472	0.83473			6
2024.10.15	03:44:48.270	0.83473	0.83474			6
2024.10.15	03:44:48.586	0.83472	0.83473			6
2024.10.15	03:44:50.142	0.83473	0.83474			6
2024.10.15	03:44:58.838	0.83472	0.83473			6
2024.10.15	03:44:59.492	0.83473	0.83474			6
2024.10.15	03:45:00.418	0.83473				2
2024.10.15	03:45:17.331	0.83474	0.83475			6
2024.10.15	03:45:17.961	0.83475	0.83476			6
2024.10.15	03:45:21.343	0.83474	0.83475			6
2024.10.15	03:45:21.645	0.83473	0.83474			6
2024.10.15	03:45:23.533	0.83474	0.83475			6
2024.10.15	03:45:27.087	0.83473	0.83474			6
2024.10.15	03:45:28.452	0.83474	0.83475			6
2024.10.15	03:45:29.721	0.83473	0.83474			6
2024.10.15	03:45:32.404	0.83474	0.83475			6
2024.10.15	03:45:33.261	0.83473	0.83474			6
2024.10.15	03:45:34.635	0.83475	0.83476			6
2024.10.15	03:45:35.572	0.83474	0.83475			6
2024.10.15	03:45:37.158	0.83475	0.83476			6
2024.10.15	03:45:38.399	0.83474	0.83475			6
2024.10.15	03:45:39.176	0.83475	0.83476			6
2024.10.15	03:45:42.027	0.83474	0.83475			6
2024.10.15	03:45:43.089	0.83475	0.83476			6
2024.10.15	03:45:52.118	0.83479	0.83480			6
2024.10.15	03:45:55.489	0.83480	0.83481			6
2024.10.15	03:45:55.945	0.83481	0.83482			6
2024.10.15	03:46:00.005	0.83481				2
2024.10.15	03:46:04.231	0.83482	0.83483			6
2024.10.15	03:46:06.443	0.83481	0.83482			6
2024.10.15	03:46:06.756	0.83480	0.83481			6
2024.10.15	03:46:14.274	0.83482	0.83483			6
2024.10.15	03:46:26.125	0.83481	0.83482			6
2024.10.15	03:46:30.956	0.83480	0.83481			6
2024.10.15	03:46:33.582	0.83479	0.83480			6
2024.10.15	03:46:34.350	0.83480	0.83481			6
2024.10.15	03:46:35.507	0.83481	0.83482			6
2024.10.15	03:46:36.526	0.83485	0.83486			6
2024.10.15	03:46:44.826	0.83484	0.83485			6
2024.10.15	03:46:46.128	0.83485	0.83486			6
2024.10.15	03:46:47.331	0.83486	0.83487			6
2024.10.15	03:46:48.076	0.83485	0.83486			6
2024.10.15	03:46:48.396	0.83484	0.83485			6
2024.10.15	03:46:50.656	0.83485	0.83486			6
2024.10.15	03:46:53.094	0.83484	0.83485			6
2024.10.15	03:47:00.213	0.83484				2
2024.10.15	03:47:01.271	0.83483	0.83484			6
2024.10.15	03:47:01.584	0.83485	0.83486			6
2024.10.15	03:47:05.457	0.83484	0.83485			6
2024.10.15	03:47:05.771	0.83485	0.83486			6
2024.10.15	03:47:08.663	0.83484	0.83485			6
2024.10.15	03:47:08.964	0.83486	0.83487			6
2024.10.15	03:47:10.962	0.83485	0.83486			6
2024.10.15	03:47:12.054	0.83486	0.83487			6
2024.10.15	03:47:18.928	0.83487	0.83488			6
2024.10.15	03:47:22.058	0.83488	0.83489			6
2024.10.15	03:47:32.026	0.83487	0.83488			6
2024.10.15	03:47:41.093	0.83489	0.83490			6
2024.10.15	03:47:41.512	0.83488	0.83489			6
2024.10.15	03:47:44.357	0.83485	0.83486			6
2024.10.15	03:47:50.901	0.83484	0.83485			6
2024.10.15	03:47:52.355	0.83483	0.83484			6
2024.10.15	03:47:53.886	0.83484	0.83485			6
2024.10.15	03:47:56.164	0.83485	0.83486			6
2024.10.15	03:47:56.545	0.83484	0.83485			6
2024.10.15	03:48:00.330	0.83484				2
2024.10.15	03:48:03.591	0.83483	0.83484			6
2024.10.15	03:48:03.904	0.83484	0.83485			6
2024.10.15	03:48:04.230	0.83483	0.83484			6
2024.10.15	03:48:05.333	0.83484	0.83485			6
2024.10.15	03:48:06.313	0.83483	0.83484			6
2024.10.15	03:48:06.642	0.83484	0.83485			6
2024.10.15	03:48:09.071	0.83485	0.83486			6
2024.10.15	03:48:10.071	0.83483	0.83484			6
2024.10.15	03:48:10.420	0.83484	0.83485			6
2024.10.15	03:48:10.835	0.83485	0.83486			6
2024.10.15	03:48:12.674	0.83484	0.83485			6
2024.10.15	03:48:15.090	0.83485	0.83486			6
2024.10.15	03:48:19.830	0.83484	0.83485			6
2024.10.15	03:48:30.981	0.83485	0.83486			6
2024.10.15	03:48:33.155	0.83484	0.83485			6
2024.10.15	03:48:33.770	0.83485	0.83486			6
2024.10.15	03:48:42.740	0.83484	0.83485			6
2024.10.15	03:48:48.228	0.83485	0.83486			6
2024.10.15	03:48:48.854	0.83484	0.83485			6
2024.10.15	03:48:55.147	0.83485	0.83486			6
2024.10.15	03:48:56.504	0.83484	0.83485			6
2024.10.15	03:49:00.353	0.83484				2
2024.10.15	03:49:08.327	0.83485	0.83486			6
2024.10.15	03:49:09.001	0.83484	0.83485			6
2024.10.15	03:49:09.412	0.83485	0.83486			6
2024.10.15	03:49:09.952	0.83484	0.83485			6
2024.10.15	03:49:15.255	0.83485	0.83486			6
2024.10.15	03:49:19.628	0.83484	0.83485			6
2024.10.15	03:49:21.950	0.83485	0.83486			6
2024.10.15	03:49:22.366	0.83484	0.83485			6
2024.10.15	03:49:26.845	0.83485	0.83486			6
2024.10.15	03:49:34.244	0.83484	0.83485			6
2024.10.15	03:49:43.940	0.83483	0.83484			6
2024.10.15	03:49:44.342	0.83484	0.83485			6
2024.10.15	03:49:48.460	0.83483	0.83484			6
2024.10.15	03:49:53.451	0.83484	0.83485			6
2024.10.15	03:49:53.773	0.83483	0.83484			6
2024.10.15	03:49:54.540	0.83484	0.83485			6
2024.10.15	03:49:57.494	0.83483	0.83484			6
2024.10.15	03:50:00.305	0.83484	0.83485			6
2024.10.15	03:50:10.808	0.83485	0.83486			6
2024.10.15	03:50:12.348	0.83484	0.83485			6
2024.10.15	03:50:13.379	0.83485	0.83486			6
2024.10.15	03:50:14.548	0.83484	0.83485			6
2024.10.15	03:50:16.022	0.83485	0.83486			6
2024.10.15	03:50:21.774	0.83484	0.83485			6
2024.10.15	03:50:23.531	0.83485	0.83486			6
2024.10.15	03:50:36.407	0.83484	0.83485			6
2024.10.15	03:50:36.952	0.83485	0.83486			6
2024.10.15	03:50:42.241	0.83484	0.83485			6
2024.10.15	03:50:50.665	0.83485	0.83486			6
2024.10.15	03:50:51.336	0.83487	0.83488			6
2024.10.15	03:50:54.202	0.83486	0.83487			6
2024.10.15	03:51:00.360	0.83486				2
2024.10.15	03:51:01.805	0.83485	0.83486			6
2024.10.15	03:51:09.703	0.83484	0.83485			6
2024.10.15	03:51:10.266	0.83485	0.83486			6
2024.10.15	03:51:10.844	0.83484	0.83485			6
2024.10.15	03:51:13.379	0.83485	0.83486			6
2024.10.15	03:51:14.167	0.83484	0.83485			6
2024.10.15	03:51:20.224	0.83485	0.83486			6
2024.10.15	03:51:21.038	0.83484	0.83485			6
2024.10.15	03:51:23.781	0.83483	0.83484			6
2024.10.15	03:51:24.468	0.83484	0.83485			6
2024.10.15	03:51:29.866	0.83485	0.83486			6
2024.10.15	03:51:40.929	0.83486	0.83487			6
2024.10.15	03:51:53.815	0.83484	0.83485			6
2024.10.15	03:51:54.965	0.83483	0.83484			6
2024.10.15	03:51:57.396	0.83484	0.83485			6
2024.10.15	03:51:58.379	0.83485	0.83486			6
2024.10.15	03:52:00.112	0.83485				2
2024.10.15	03:52:01.778	0.83484	0.83485			6
2024.10.15	03:52:03.889	0.83482	0.83483			6
2024.10.15	03:52:04.344	0.83481	0.83482			6
2024.10.15	03:52:05.500	0.83482	0.83483			6
2024.10.15	03:52:05.809	0.83481	0.83482			6
2024.10.15	03:52:06.151	0.83482	0.83483			6
2024.10.15	03:52:10.079	0.83483	0.83484			6
2024.10.15	03:52:20.635	0.83484	0.83485			6
2024.10.15	03:52:28.787	0.83483	0.83484			6
2024.10.15	03:52:29.092	0.83484	0.83485			6
2024.10.15	03:52:29.438	0.83485	0.83486			6
2024.10.15	03:52:29.751	0.83484	0.83485			6
2024.10.15	03:52:43.599	0.83483	0.83484			6
2024.10.15	03:52:44.343	0.83484	0.83485			6
2024.10.15	03:52:51.486	0.83483	0.83484			6
2024.10.15	03:52:52.939	0.83484	0.83485			6
2024.10.15	03:52:55.618	0.83483	0.83484			6
2024.10.15	03:52:56.249	0.83484	0.83485			6
2024.10.15	03:52:57.552	0.83483	0.83484			6
2024.10.15	03:52:59.698	0.83484	0.83485			6
2024.10.15	03:53:00.002	0.83483	0.83484			6
2024.10.15	03:53:00.382	0.83484	0.83485			6
2024.10.15	03:53:00.751	0.83483	0.83484			6
2024.10.15	03:53:01.959	0.83482	0.83483			6
2024.10.15	03:53:06.266	0.83483	0.83484			6
2024.10.15	03:53:06.674	0.83482	0.83483			6
2024.10.15	03:53:12.346	0.83483	0.83484			6
2024.10.15	03:53:12.686	0.83482	0.83483			6
2024.10.15	03:53:20.873	0.83484	0.83485			6
2024.10.15	03:53:22.177	0.83483	0.83484			6
2024.10.15	03:53:23.292	0.83484	0.83485			6
2024.10.15	03:53:25.764	0.83483	0.83484			6
2024.10.15	03:53:26.126	0.83484	0.83485			6
2024.10.15	03:53:32.207	0.83483	0.83484			6
2024.10.15	03:53:32.571	0.83484	0.83485			6
2024.10.15	03:53:42.371	0.83485	0.83486			6
2024.10.15	03:53:44.923	0.83484	0.83485			6
2024.10.15	03:53:46.585	0.83485	0.83486			6
2024.10.15	03:54:00.085	0.83485				2
2024.10.15	03:54:08.182	0.83484	0.83485			6
2024.10.15	03:54:13.474	0.83483	0.83484			6
2024.10.15	03:54:13.785	0.83482	0.83483			6
2024.10.15	03:54:20.343	0.83481	0.83482			6
2024.10.15	03:54:32.187	0.83482	0.83483			6
2024.10.15	03:54:32.502	0.83484	0.83485			6
2024.10.15	03:54:48.385	0.83483	0.83484			6
2024.10.15	03:54:48.694	0.83484	0.83485			6
2024.10.15	03:54:49.077	0.83483	0.83484			6
2024.10.15	03:54:49.405	0.83484	0.83485			6
2024.10.15	03:54:51.721	0.83483	0.83484			6
2024.10.15	03:54:52.090	0.83484	0.83485			6
2024.10.15	03:54:53.041	0.83483	0.83484			6
2024.10.15	03:54:53.466	0.83482	0.83483			6
2024.10.15	03:54:54.289	0.83483	0.83484			6
2024.10.15	03:54:54.962	0.83482	0.83483			6
2024.10.15	03:54:58.354	0.83483	0.83484			6
2024.10.15	03:54:58.664	0.83484	0.83485			6
2024.10.15	03:54:59.686	0.83483	0.83484			6
2024.10.15	03:55:00.086	0.83483				2
2024.10.15	03:55:00.451	0.83485	0.83486			6
2024.10.15	03:55:01.109	0.83486	0.83487			6
2024.10.15	03:55:01.798	0.83484	0.83485			6
2024.10.15	03:55:03.380	0.83483	0.83484			6
2024.10.15	03:55:05.348	0.83484	0.83485			6
2024.10.15	03:55:07.363	0.83483	0.83484			6
2024.10.15	03:55:09.456		0.83485			4
2024.10.15	03:55:10.173		0.83484			4
2024.10.15	03:55:10.491	0.83484	0.83485			6
2024.10.15	03:55:12.430	0.83483	0.83484			6
2024.10.15	03:55:14.921	0.83484	0.83485			6
2024.10.15	03:55:20.200	0.83481	0.83483			6
2024.10.15	03:55:20.507		0.83482			4
2024.10.15	03:55:21.503	0.83482	0.83483			6
2024.10.15	03:55:24.315	0.83483	0.83484			6
2024.10.15	03:55:25.071	0.83482	0.83483			6
2024.10.15	03:55:25.421		0.83484			4
2024.10.15	03:55:25.747	0.83484	0.83485			6
2024.10.15	03:55:29.324	0.83485	0.83486			6
2024.10.15	03:55:34.485	0.83484	0.83485			6
2024.10.15	03:55:35.234	0.83485	0.83486			6
2024.10.15	03:55:35.818	0.83484	0.83485			6
2024.10.15	03:55:38.549	0.83485	0.83486			6
2024.10.15	03:55:43.025	0.83486	0.83487			6
2024.10.15	03:55:52.047	0.83485	0.83486			6
2024.10.15	03:56:00.382	0.83484	0.83485			6
2024.10.15	03:56:30.883	0.83485	0.83486			6
2024.10.15	03:56:36.252	0.83484	0.83485			6
2024.10.15	03:56:38.931	0.83485	0.83486			6
2024.10.15	03:56:39.373	0.83484	0.83485			6
2024.10.15	03:56:46.311	0.83485	0.83486			6
2024.10.15	03:56:47.397	0.83484	0.83485			6
2024.10.15	03:57:00.315	0.83484				2
2024.10.15	03:57:03.391	0.83485	0.83486			6
2024.10.15	03:57:06.247	0.83484	0.83485			6
2024.10.15	03:57:07.096	0.83485	0.83486			6
2024.10.15	03:57:08.354	0.83482	0.83483			6
2024.10.15	03:57:13.576	0.83483	0.83484			6
2024.10.15	03:57:23.625	0.83484	0.83485			6
2024.10.15	03:57:30.400	0.83485	0.83486			6
2024.10.15	03:57:30.832	0.83484	0.83485			6
2024.10.15	03:57:34.016	0.83485	0.83486			6
2024.10.15	03:57:35.187	0.83484	0.83485			6
2024.10.15	03:57:38.892	0.83485	0.83486			6
2024.10.15	03:57:50.995	0.83484	0.83485			6
2024.10.15	03:57:55.901	0.83485	0.83486			6
2024.10.15	03:57:58.071	0.83484	0.83485			6
2024.10.15	03:58:01.841	0.83484				2
2024.10.15	03:58:02.376	0.83485	0.83486			6
2024.10.15	03:58:05.817	0.83484	0.83485			6
2024.10.15	03:58:09.483	0.83485	0.83486			6
2024.10.15	03:58:09.866	0.83484	0.83485			6
2024.10.15	03:58:12.050	0.83483	0.83484			6
2024.10.15	03:58:12.737	0.83482	0.83483			6
2024.10.15	03:58:16.300	0.83483	0.83484			6
2024.10.15	03:58:23.853	0.83482	0.83483			6
2024.10.15	03:58:27.523	0.83481	0.83482			6
2024.10.15	03:58:27.852	0.83482	0.83483			6
2024.10.15	03:58:43.287	0.83483	0.83484			6
2024.10.15	03:58:44.409	0.83482	0.83483			6
2024.10.15	03:58:44.874	0.83483	0.83484			6
2024.10.15	03:58:45.796	0.83482	0.83483			6
2024.10.15	03:58:46.609	0.83481	0.83482			6
2024.10.15	03:58:50.152	0.83482	0.83483			6
2024.10.15	03:58:51.622	0.83481	0.83482			6
2024.10.15	03:58:52.692	0.83482	0.83483			6
2024.10.15	03:58:54.374	0.83481	0.83482			6
2024.10.15	03:58:54.683	0.83479	0.83480			6
2024.10.15	03:59:00.312	0.83476	0.83477			6
2024.10.15	03:59:01.304	0.83477	0.83478			6
2024.10.15	03:59:04.248	0.83478	0.83479			6
2024.10.15	03:59:11.545	0.83477	0.83478			6
2024.10.15	03:59:11.901	0.83478	0.83479			6
2024.10.15	03:59:17.175	0.83477	0.83478			6
2024.10.15	03:59:17.519	0.83478	0.83479			6
2024.10.15	03:59:17.903	0.83477	0.83478			6
2024.10.15	03:59:18.247	0.83478	0.83479			6
2024.10.15	03:59:18.672	0.83477	0.83478			6
2024.10.15	03:59:19.528	0.83478	0.83479			6
2024.10.15	03:59:24.266	0.83479	0.83480			6
2024.10.15	03:59:25.655	0.83478	0.83479			6
2024.10.15	03:59:26.843	0.83479	0.83480			6
2024.10.15	03:59:27.440	0.83478	0.83479			6
2024.10.15	03:59:28.465	0.83479	0.83480			6
2024.10.15	03:59:30.254	0.83480	0.83481			6
2024.10.15	03:59:45.061	0.83479	0.83480			6
2024.10.15	03:59:53.174	0.83480	0.83481			6
2024.10.15	03:59:58.489	0.83479	0.83480			6
