<DATE>	<TIME>	<BID>	<ASK>	<LAST>	<VOLUME>	<FLAGS>
2024.10.30	00:00:00.388	0.82953	0.83157			6
2024.10.30	00:00:01.050	0.83050	0.83174			6
2024.10.30	00:00:01.817		0.83156			4
2024.10.30	00:00:31.320	0.83044	0.83147			6
2024.10.30	00:00:50.314	0.83051	0.83149			6
2024.10.30	00:01:00.418	0.83061				2
2024.10.30	00:01:17.782		0.83148			4
2024.10.30	00:02:01.594	0.83064				2
2024.10.30	00:02:08.011		0.83147			4
2024.10.30	00:03:00.819	0.83064				2
2024.10.30	00:03:03.002		0.83153			4
2024.10.30	00:03:04.694	0.83061				2
2024.10.30	00:03:58.019		0.83147			4
2024.10.30	00:04:10.819	0.83061				2
2024.10.30	00:04:21.614		0.83155			4
2024.10.30	00:05:00.490	0.83061	0.83151			6
2024.10.30	00:05:01.133	0.83069	0.83145			6
2024.10.30	00:05:06.003		0.83133			4
2024.10.30	00:05:11.137		0.83134			4
2024.10.30	00:05:12.430		0.83132			4
2024.10.30	00:05:15.704		0.83131			4
2024.10.30	00:05:16.255		0.83132			4
2024.10.30	00:05:20.755		0.83133			4
2024.10.30	00:05:24.385		0.83132			4
2024.10.30	00:06:00.881	0.83069	0.83133			6
2024.10.30	00:06:05.933		0.83132			4
2024.10.30	00:06:10.353		0.83134			4
2024.10.30	00:06:24.369		0.83133			4
2024.10.30	00:06:36.389		0.83132			4
2024.10.30	00:06:38.403		0.83133			4
2024.10.30	00:06:40.472		0.83132			4
2024.10.30	00:06:46.367		0.83134			4
2024.10.30	00:06:58.355		0.83133			4
2024.10.30	00:07:00.819	0.83069				2
2024.10.30	00:07:02.913		0.83134			4
2024.10.30	00:07:06.283	0.83061	0.83177			6
2024.10.30	00:08:01.305	0.83061				2
2024.10.30	00:08:08.386		0.83177			4
2024.10.30	00:09:00.393	0.83061				2
2024.10.30	00:09:15.691		0.83177			4
2024.10.30	00:10:00.367	0.83061				2
2024.10.30	00:10:16.583		0.83177			4
2024.10.30	00:11:39.667	0.83069	0.83154			6
2024.10.30	00:11:54.078	0.83073				2
2024.10.30	00:11:56.068	0.83076				2
2024.10.30	00:12:00.075	0.83075				2
2024.10.30	00:12:10.558	0.83077				2
2024.10.30	00:12:26.372	0.83083				2
2024.10.30	00:12:39.972	0.83082	0.83154			6
2024.10.30	00:13:01.362	0.83082				2
2024.10.30	00:13:07.281	0.83081				2
2024.10.30	00:13:39.999	0.83080	0.83154			6
2024.10.30	00:13:53.989	0.83078				2
2024.10.30	00:13:56.662	0.83077				2
2024.10.30	00:14:01.884	0.83077				2
2024.10.30	00:14:02.314	0.83073				2
2024.10.30	00:14:40.290		0.83154			4
2024.10.30	00:15:00.422	0.83073				2
2024.10.30	00:15:20.263	0.83075				2
2024.10.30	00:15:25.352	0.83074				2
2024.10.30	00:15:37.569	0.83075				2
2024.10.30	00:15:45.797		0.83154			4
2024.10.30	00:15:46.440	0.83076				2
2024.10.30	00:15:52.612	0.83073				2
2024.10.30	00:15:52.954	0.83074				2
2024.10.30	00:15:53.828	0.83073				2
2024.10.30	00:15:55.922	0.83074				2
2024.10.30	00:16:01.575	0.83075				2
2024.10.30	00:16:16.284	0.83076				2
2024.10.30	00:16:26.466	0.83073				2
2024.10.30	00:16:28.361	0.83074				2
2024.10.30	00:16:31.807	0.83073				2
2024.10.30	00:16:45.998		0.83154			4
2024.10.30	00:17:01.902	0.83074				2
2024.10.30	00:17:06.312	0.83075				2
2024.10.30	00:17:06.867	0.83074				2
2024.10.30	00:17:07.511	0.83073				2
2024.10.30	00:17:08.024	0.83074				2
2024.10.30	00:17:26.064	0.83071				2
2024.10.30	00:17:31.858	0.83072				2
2024.10.30	00:17:47.740		0.83154			4
2024.10.30	00:17:50.794	0.83076				2
2024.10.30	00:17:52.005	0.83075				2
2024.10.30	00:17:54.055	0.83077				2
2024.10.30	00:18:04.844	0.83077				2
2024.10.30	00:18:09.446	0.83078				2
2024.10.30	00:18:34.036	0.83079				2
2024.10.30	00:18:46.247	0.83080				2
2024.10.30	00:18:48.042		0.83154			4
2024.10.30	00:18:52.028	0.83078				2
2024.10.30	00:18:53.062	0.83076				2
2024.10.30	00:18:56.361	0.83077				2
2024.10.30	00:18:57.491	0.83078				2
2024.10.30	00:19:00.335	0.83078				2
2024.10.30	00:19:06.656	0.83073				2
2024.10.30	00:19:15.112	0.83074				2
2024.10.30	00:19:19.724	0.83082	0.83167			6
2024.10.30	00:19:20.819	0.83088	0.83171			6
2024.10.30	00:19:24.595	0.83090				2
2024.10.30	00:19:48.671	0.83091				2
2024.10.30	00:20:00.318	0.83091				2
2024.10.30	00:20:19.231		0.83172			4
2024.10.30	00:20:26.168	0.83092				2
2024.10.30	00:20:53.771		0.83171			4
2024.10.30	00:21:03.895	0.83092				2
2024.10.30	00:21:07.259	0.83091	0.83172			6
2024.10.30	00:22:00.382	0.83091				2
2024.10.30	00:22:10.362		0.83172			4
2024.10.30	00:22:40.865	0.83089	0.83167			6
2024.10.30	00:23:00.366	0.83089				2
2024.10.30	00:23:16.013	0.83096	0.83170			6
2024.10.30	00:23:28.375		0.83163			4
2024.10.30	00:23:40.365	0.83101	0.83159			6
2024.10.30	00:24:00.938	0.83101				2
2024.10.30	00:24:40.430		0.83159			4
2024.10.30	00:25:00.320	0.83101				2
2024.10.30	00:25:42.280		0.83159			4
2024.10.30	00:25:49.399		0.83153			4
2024.10.30	00:25:50.625		0.83173			4
2024.10.30	00:25:51.766		0.83159			4
2024.10.30	00:26:09.177	0.83101				2
2024.10.30	00:26:54.744		0.83159			4
2024.10.30	00:26:56.132	0.83096	0.83146			6
2024.10.30	00:27:00.083	0.83096				2
2024.10.30	00:27:01.245		0.83144			4
2024.10.30	00:27:23.474	0.83097				2
2024.10.30	00:27:25.506	0.83098				2
2024.10.30	00:27:36.670	0.83099				2
2024.10.30	00:27:49.889	0.83100				2
2024.10.30	00:27:54.046	0.83099				2
2024.10.30	00:27:57.673	0.83100				2
2024.10.30	00:28:00.479	0.83100				2
2024.10.30	00:28:04.363		0.83144			4
2024.10.30	00:28:07.572	0.83105				2
2024.10.30	00:28:14.729	0.83106				2
2024.10.30	00:28:31.542	0.83105				2
2024.10.30	00:29:00.819	0.83105				2
2024.10.30	00:29:04.502		0.83144			4
2024.10.30	00:29:45.420	0.83107	0.83155			6
2024.10.30	00:29:53.556	0.83108				2
2024.10.30	00:29:56.367	0.83107				2
2024.10.30	00:29:57.685	0.83108				2
2024.10.30	00:29:59.177	0.83107				2
2024.10.30	00:30:00.382	0.83104				2
2024.10.30	00:30:01.307	0.83103				2
2024.10.30	00:30:01.824	0.83104				2
2024.10.30	00:30:12.376	0.83106	0.83152			6
2024.10.30	00:30:12.699	0.83108				2
2024.10.30	00:30:13.694	0.83106				2
2024.10.30	00:30:14.771	0.83107				2
2024.10.30	00:30:18.556	0.83106				2
2024.10.30	00:30:22.335	0.83105				2
2024.10.30	00:30:39.682	0.83106				2
2024.10.30	00:30:40.850	0.83103	0.83150			6
2024.10.30	00:30:45.844	0.83101				2
2024.10.30	00:31:00.810	0.83101				2
2024.10.30	00:31:02.900	0.83102				2
2024.10.30	00:31:40.864		0.83150			4
2024.10.30	00:31:53.592		0.83149			4
2024.10.30	00:32:00.794	0.83102				2
2024.10.30	00:32:57.193		0.83149			4
2024.10.30	00:33:00.388	0.83102				2
2024.10.30	00:34:33.596	0.83103	0.83149			6
2024.10.30	00:34:36.529	0.83102	0.83139			6
2024.10.30	00:34:48.677	0.83096	0.83143			6
2024.10.30	00:35:00.406	0.83097				2
2024.10.30	00:35:16.902	0.83096				2
2024.10.30	00:35:24.982	0.83083	0.83142			6
2024.10.30	00:35:27.836	0.83084	0.83141			6
2024.10.30	00:35:28.416	0.83082	0.83140			6
2024.10.30	00:35:29.133	0.83084				2
2024.10.30	00:35:34.272	0.83085	0.83139			6
2024.10.30	00:35:36.649	0.83082	0.83142			6
2024.10.30	00:35:37.949	0.83084	0.83141			6
2024.10.30	00:35:42.131	0.83095	0.83143			6
2024.10.30	00:35:56.207	0.83091	0.83141			6
2024.10.30	00:35:57.073		0.83140			4
2024.10.30	00:35:59.260		0.83141			4
2024.10.30	00:36:00.553	0.83091	0.83140			6
2024.10.30	00:36:08.943	0.83095	0.83143			6
2024.10.30	00:36:11.793	0.83102				2
2024.10.30	00:36:19.875	0.83104	0.83147			6
2024.10.30	00:37:00.815	0.83104				2
2024.10.30	00:37:19.879		0.83147			4
2024.10.30	00:37:27.362	0.83102	0.83155			6
2024.10.30	00:37:30.329	0.83101				2
2024.10.30	00:37:52.980	0.83102				2
2024.10.30	00:38:04.684	0.83102				2
2024.10.30	00:38:25.531	0.83101				2
2024.10.30	00:38:27.511	0.83104	0.83156			6
2024.10.30	00:38:30.371		0.83155			4
2024.10.30	00:38:31.192	0.83103				2
2024.10.30	00:38:37.623	0.83102				2
2024.10.30	00:39:00.306	0.83102				2
2024.10.30	00:39:34.569	0.83101	0.83155			6
2024.10.30	00:40:00.199	0.83101				2
2024.10.30	00:40:35.103		0.83155			4
2024.10.30	00:40:41.812	0.83100				2
2024.10.30	00:41:00.326	0.83100				2
2024.10.30	00:41:36.615	0.83103	0.83155			6
2024.10.30	00:41:43.354		0.83156			4
2024.10.30	00:42:00.842	0.83103				2
2024.10.30	00:42:10.727	0.83105				2
2024.10.30	00:42:11.581	0.83104				2
2024.10.30	00:42:36.438	0.83105				2
2024.10.30	00:42:43.489	0.83104	0.83156			6
2024.10.30	00:42:48.696	0.83111	0.83163			6
2024.10.30	00:42:49.603	0.83109				2
2024.10.30	00:42:50.198	0.83108				2
2024.10.30	00:42:51.736	0.83109				2
2024.10.30	00:42:53.571	0.83108				2
2024.10.30	00:42:54.149	0.83109				2
2024.10.30	00:42:58.578	0.83104				2
2024.10.30	00:42:59.593		0.83160			4
2024.10.30	00:43:00.383	0.83104				2
2024.10.30	00:43:54.590		0.83159			4
2024.10.30	00:44:06.459	0.83104				2
2024.10.30	00:44:55.951		0.83159			4
2024.10.30	00:45:00.082	0.83104				2
2024.10.30	00:45:02.176	0.83105	0.83156			6
2024.10.30	00:45:04.161	0.83104	0.83159			6
2024.10.30	00:45:07.555	0.83116	0.83147			6
2024.10.30	00:45:44.609		0.83148			4
2024.10.30	00:46:00.007	0.83116				2
2024.10.30	00:46:15.678		0.83144			4
2024.10.30	00:47:00.572	0.83116				2
2024.10.30	00:47:02.172	0.83117	0.83143			6
2024.10.30	00:47:04.186	0.83110	0.83144			6
2024.10.30	00:47:10.927		0.83147			4
2024.10.30	00:48:00.922	0.83110				2
2024.10.30	00:48:11.843		0.83147			4
2024.10.30	00:48:20.357	0.83111				2
2024.10.30	00:48:49.927	0.83112				2
2024.10.30	00:48:55.306		0.83156			4
2024.10.30	00:49:00.807	0.83112				2
2024.10.30	00:49:02.304		0.83146			4
2024.10.30	00:49:57.314		0.83147			4
2024.10.30	00:50:00.311	0.83112				2
2024.10.30	00:50:52.775	0.83113				2
2024.10.30	00:51:00.342	0.83115	0.83150			6
2024.10.30	00:51:08.422		0.83146			4
2024.10.30	00:51:09.086		0.83147			4
2024.10.30	00:51:21.799	0.83114	0.83148			6
2024.10.30	00:51:24.291	0.83112	0.83150			6
2024.10.30	00:51:44.755		0.83151			4
2024.10.30	00:51:45.291	0.83111				2
2024.10.30	00:52:00.751	0.83112	0.83150			6
2024.10.30	00:52:06.636	0.83113	0.83149			6
2024.10.30	00:52:07.165	0.83114	0.83148			6
2024.10.30	00:52:10.400	0.83112	0.83151			6
2024.10.30	00:52:11.481		0.83150			4
2024.10.30	00:52:12.928		0.83151			4
2024.10.30	00:52:17.761	0.83111				2
2024.10.30	00:52:29.295	0.83112				2
2024.10.30	00:52:30.463	0.83111				2
2024.10.30	00:53:00.995	0.83111				2
2024.10.30	00:53:02.508	0.83112				2
2024.10.30	00:53:08.862	0.83111	0.83150			6
2024.10.30	00:53:32.198		0.83148			4
2024.10.30	00:53:45.999	0.83112				2
2024.10.30	00:53:55.598	0.83114	0.83146			6
2024.10.30	00:53:56.254		0.83145			4
2024.10.30	00:53:56.754	0.83112	0.83148			6
2024.10.30	00:54:00.368	0.83112				2
2024.10.30	00:54:06.506	0.83122				2
2024.10.30	00:54:09.021	0.83116				2
2024.10.30	00:54:22.365		0.83150			4
2024.10.30	00:54:22.894		0.83151			4
2024.10.30	00:54:24.133		0.83145			4
2024.10.30	00:54:32.775		0.83142			4
2024.10.30	00:54:44.817		0.83141			4
2024.10.30	00:54:52.055	0.83111	0.83140			6
2024.10.30	00:55:00.407	0.83111	0.83141			6
2024.10.30	00:55:03.380	0.83109	0.83143			6
2024.10.30	00:55:04.060	0.83110	0.83141			6
2024.10.30	00:55:06.504		0.83142			4
2024.10.30	00:55:08.325	0.83109				2
2024.10.30	00:55:08.788		0.83151			4
2024.10.30	00:55:17.295	0.83110				2
2024.10.30	00:55:29.645	0.83111				2
2024.10.30	00:55:30.372		0.83150			4
2024.10.30	00:55:31.642	0.83112	0.83149			6
2024.10.30	00:55:33.643		0.83151			4
2024.10.30	00:55:35.642		0.83146			4
2024.10.30	00:55:47.737	0.83113				2
2024.10.30	00:55:50.039	0.83112				2
2024.10.30	00:56:03.363	0.83112				2
2024.10.30	00:56:08.950	0.83111				2
2024.10.30	00:56:17.707	0.83115				2
2024.10.30	00:56:18.070	0.83116				2
2024.10.30	00:56:18.721	0.83115				2
2024.10.30	00:56:21.870	0.83113				2
2024.10.30	00:56:22.390	0.83112				2
2024.10.30	00:56:35.712		0.83146			4
2024.10.30	00:56:36.861	0.83113				2
2024.10.30	00:56:37.163	0.83112				2
2024.10.30	00:56:47.965	0.83114				2
2024.10.30	00:56:48.272	0.83113				2
2024.10.30	00:56:49.670	0.83112				2
2024.10.30	00:57:01.361	0.83112				2
2024.10.30	00:57:07.352	0.83111				2
2024.10.30	00:57:09.821	0.83113				2
2024.10.30	00:57:31.305	0.83112				2
2024.10.30	00:57:36.241		0.83156			4
2024.10.30	00:57:47.118	0.83116	0.83131			6
2024.10.30	00:58:00.903	0.83116				2
2024.10.30	00:58:31.061	0.83114				2
2024.10.30	00:58:39.864	0.83112				2
2024.10.30	00:58:48.642		0.83131			4
2024.10.30	00:58:49.046	0.83110				2
2024.10.30	00:58:53.184	0.83112				2
2024.10.30	00:58:54.170	0.83115	0.83141			6
2024.10.30	00:58:56.318	0.83113				2
2024.10.30	00:59:00.562	0.83112				2
2024.10.30	00:59:05.262	0.83114				2
2024.10.30	00:59:08.620	0.83112				2
2024.10.30	00:59:28.532	0.83113				2
2024.10.30	00:59:29.029	0.83110				2
2024.10.30	00:59:29.649	0.83109				2
2024.10.30	00:59:30.810	0.83110				2
2024.10.30	00:59:31.524	0.83111				2
2024.10.30	00:59:33.559	0.83106	0.83153			6
2024.10.30	00:59:33.863		0.83154			4
2024.10.30	00:59:34.188	0.83107				2
2024.10.30	00:59:34.593	0.83103				2
2024.10.30	00:59:39.269	0.83104				2
2024.10.30	00:59:39.845	0.83105				2
2024.10.30	00:59:45.363	0.83106				2
2024.10.30	00:59:52.042	0.83104				2
2024.10.30	00:59:58.390	0.83101	0.83136			6
2024.10.30	01:00:00.312	0.83096	0.83141			6
2024.10.30	01:00:00.615	0.83107	0.83140			6
2024.10.30	01:00:00.925	0.83120	0.83150			6
2024.10.30	01:00:01.286	0.83124	0.83154			6
2024.10.30	01:00:02.337	0.83125	0.83146			6
2024.10.30	01:00:02.670	0.83120	0.83144			6
2024.10.30	01:00:03.038	0.83119				2
2024.10.30	01:00:03.550	0.83122				2
2024.10.30	01:00:04.643	0.83126	0.83146			6
2024.10.30	01:00:04.943	0.83124	0.83147			6
2024.10.30	01:00:06.525	0.83125				2
2024.10.30	01:00:09.706	0.83122	0.83137			6
2024.10.30	01:00:10.101	0.83124	0.83134			6
2024.10.30	01:00:10.403	0.83120				2
2024.10.30	01:00:10.705	0.83123	0.83151			6
2024.10.30	01:00:11.039	0.83122	0.83149			6
2024.10.30	01:00:11.804	0.83119	0.83147			6
2024.10.30	01:00:12.120	0.83120				2
2024.10.30	01:00:18.671	0.83121				2
2024.10.30	01:00:18.986	0.83125				2
2024.10.30	01:00:19.325	0.83119				2
2024.10.30	01:00:20.001	0.83121	0.83143			6
2024.10.30	01:00:21.197	0.83115	0.83141			6
2024.10.30	01:00:22.043	0.83119	0.83143			6
2024.10.30	01:00:23.646	0.83118	0.83142			6
2024.10.30	01:00:24.006	0.83119				2
2024.10.30	01:00:24.480		0.83141			4
2024.10.30	01:00:25.120	0.83117	0.83143			6
2024.10.30	01:00:25.475	0.83119				2
2024.10.30	01:00:25.918	0.83117				2
2024.10.30	01:00:27.738	0.83119				2
2024.10.30	01:00:34.766	0.83122	0.83146			6
2024.10.30	01:00:35.083		0.83147			4
2024.10.30	01:00:37.150		0.83146			4
2024.10.30	01:00:38.551	0.83120	0.83144			6
2024.10.30	01:00:38.863	0.83119				2
2024.10.30	01:00:41.075	0.83127	0.83142			6
2024.10.30	01:00:41.382	0.83118	0.83140			6
2024.10.30	01:00:43.768		0.83142			4
2024.10.30	01:00:44.680	0.83119	0.83143			6
2024.10.30	01:00:46.882	0.83117	0.83141			6
2024.10.30	01:00:49.742	0.83120	0.83144			6
2024.10.30	01:00:51.399	0.83123	0.83143			6
2024.10.30	01:00:52.951	0.83122	0.83141			6
2024.10.30	01:00:53.771		0.83139			4
2024.10.30	01:00:57.803	0.83123				2
2024.10.30	01:00:59.236	0.83122				2
2024.10.30	01:01:00.313	0.83122				2
2024.10.30	01:01:01.274	0.83123				2
2024.10.30	01:01:01.731		0.83140			4
2024.10.30	01:01:05.399	0.83122				2
2024.10.30	01:01:06.112	0.83121	0.83142			6
2024.10.30	01:01:08.685	0.83120				2
2024.10.30	01:01:09.944	0.83121				2
2024.10.30	01:01:10.371		0.83141			4
2024.10.30	01:01:11.110		0.83142			4
2024.10.30	01:01:13.259	0.83122				2
2024.10.30	01:01:14.466	0.83121				2
2024.10.30	01:01:16.271	0.83120				2
2024.10.30	01:01:19.585	0.83121				2
2024.10.30	01:01:19.978		0.83138			4
2024.10.30	01:01:21.304		0.83137			4
2024.10.30	01:01:23.045	0.83119				2
2024.10.30	01:01:24.282	0.83118				2
2024.10.30	01:01:25.371	0.83119				2
2024.10.30	01:01:25.681	0.83120				2
2024.10.30	01:01:30.383	0.83121				2
2024.10.30	01:01:39.515	0.83120				2
2024.10.30	01:01:48.423		0.83141			4
2024.10.30	01:01:50.123		0.83140			4
2024.10.30	01:01:51.234		0.83141			4
2024.10.30	01:01:54.777		0.83135			4
2024.10.30	01:01:57.103		0.83139			4
2024.10.30	01:01:57.573		0.83142			4
2024.10.30	01:01:59.385		0.83141			4
2024.10.30	01:02:00.543	0.83122	0.83138			6
2024.10.30	01:02:00.936	0.83123				2
2024.10.30	01:02:01.261		0.83142			4
2024.10.30	01:02:01.842		0.83136			4
2024.10.30	01:02:02.422	0.83122	0.83142			6
2024.10.30	01:02:06.485		0.83137			4
2024.10.30	01:02:07.669		0.83138			4
2024.10.30	01:02:09.376	0.83121				2
2024.10.30	01:02:10.450		0.83136			4
2024.10.30	01:02:10.754	0.83122	0.83139			6
2024.10.30	01:02:11.055		0.83138			4
2024.10.30	01:02:11.580	0.83121	0.83136			6
2024.10.30	01:02:15.507	0.83122				2
2024.10.30	01:02:16.136		0.83134			4
2024.10.30	01:02:16.461		0.83138			4
2024.10.30	01:02:16.762		0.83135			4
2024.10.30	01:02:17.064	0.83119	0.83134			6
2024.10.30	01:02:17.520	0.83122	0.83137			6
2024.10.30	01:02:19.369	0.83123	0.83139			6
2024.10.30	01:02:25.298	0.83124				2
2024.10.30	01:02:27.948	0.83126	0.83141			6
2024.10.30	01:02:28.257	0.83125	0.83140			6
2024.10.30	01:02:28.562	0.83124	0.83139			6
2024.10.30	01:02:30.726		0.83140			4
2024.10.30	01:02:31.101	0.83123				2
2024.10.30	01:02:34.577	0.83124	0.83139			6
2024.10.30	01:02:34.906	0.83125				2
2024.10.30	01:02:35.210	0.83127	0.83141			6
2024.10.30	01:02:35.591	0.83125	0.83139			6
2024.10.30	01:02:35.902	0.83129	0.83143			6
2024.10.30	01:02:36.203	0.83127	0.83145			6
2024.10.30	01:02:36.852	0.83128	0.83142			6
2024.10.30	01:02:37.169	0.83127	0.83141			6
2024.10.30	01:02:37.573	0.83126	0.83139			6
2024.10.30	01:02:37.922	0.83130	0.83142			6
2024.10.30	01:02:38.242	0.83128	0.83141			6
2024.10.30	01:02:38.548		0.83142			4
2024.10.30	01:02:38.851	0.83125	0.83141			6
2024.10.30	01:02:39.162	0.83127	0.83135			6
2024.10.30	01:02:39.483		0.83139			4
2024.10.30	01:02:39.802	0.83126	0.83137			6
2024.10.30	01:02:40.133	0.83125	0.83135			6
2024.10.30	01:02:40.448	0.83126	0.83144			6
2024.10.30	01:02:40.749		0.83138			4
2024.10.30	01:02:41.055	0.83127				2
2024.10.30	01:02:41.362	0.83126	0.83136			6
2024.10.30	01:02:41.665	0.83125				2
2024.10.30	01:02:41.973	0.83127	0.83137			6
2024.10.30	01:02:42.281	0.83125	0.83135			6
2024.10.30	01:02:42.637	0.83126				2
2024.10.30	01:02:44.261	0.83125	0.83136			6
2024.10.30	01:02:44.585	0.83126				2
2024.10.30	01:02:44.901	0.83124				2
2024.10.30	01:02:46.662	0.83125				2
2024.10.30	01:02:48.918	0.83126				2
2024.10.30	01:02:49.582	0.83124	0.83134			6
2024.10.30	01:02:49.926	0.83123				2
2024.10.30	01:02:51.722	0.83126	0.83135			6
2024.10.30	01:02:55.708	0.83125				2
2024.10.30	01:02:56.721		0.83136			4
2024.10.30	01:02:57.024	0.83127	0.83141			6
2024.10.30	01:02:57.371	0.83128				2
2024.10.30	01:02:57.684	0.83126	0.83135			6
2024.10.30	01:02:57.996	0.83127	0.83141			6
2024.10.30	01:02:58.302		0.83135			4
2024.10.30	01:02:58.619	0.83128	0.83140			6
2024.10.30	01:02:58.958	0.83126	0.83135			6
2024.10.30	01:02:59.262	0.83127	0.83140			6
2024.10.30	01:02:59.575		0.83138			4
2024.10.30	01:02:59.883		0.83137			4
2024.10.30	01:03:00.184	0.83127	0.83138			6
2024.10.30	01:03:00.494	0.83129	0.83139			6
2024.10.30	01:03:00.798	0.83127				2
2024.10.30	01:03:01.102	0.83128				2
2024.10.30	01:03:01.416	0.83127	0.83141			6
2024.10.30	01:03:01.751		0.83138			4
2024.10.30	01:03:02.055	0.83128	0.83136			6
2024.10.30	01:03:02.371	0.83127				2
2024.10.30	01:03:04.080	0.83128				2
2024.10.30	01:03:04.781	0.83127	0.83137			6
2024.10.30	01:03:05.086	0.83128	0.83136			6
2024.10.30	01:03:08.173		0.83139			4
2024.10.30	01:03:09.600		0.83141			4
2024.10.30	01:03:09.903	0.83129	0.83140			6
2024.10.30	01:03:10.208	0.83127	0.83142			6
2024.10.30	01:03:10.941	0.83129	0.83140			6
2024.10.30	01:03:12.031	0.83127				2
2024.10.30	01:03:12.332	0.83128	0.83141			6
2024.10.30	01:03:13.140	0.83127	0.83143			6
2024.10.30	01:03:13.446	0.83128	0.83142			6
2024.10.30	01:03:14.430		0.83140			4
2024.10.30	01:03:14.774		0.83138			4
2024.10.30	01:03:15.277	0.83129	0.83137			6
2024.10.30	01:03:15.576	0.83128	0.83138			6
2024.10.30	01:03:15.893	0.83129				2
2024.10.30	01:03:17.975		0.83137			4
2024.10.30	01:03:18.281	0.83127	0.83139			6
2024.10.30	01:03:18.588	0.83129	0.83137			6
2024.10.30	01:03:18.890		0.83139			4
2024.10.30	01:03:19.232	0.83127	0.83140			6
2024.10.30	01:03:19.566	0.83129				2
2024.10.30	01:03:25.898	0.83128				2
2024.10.30	01:03:27.882		0.83138			4
2024.10.30	01:03:35.478	0.83129	0.83137			6
2024.10.30	01:03:39.412	0.83128	0.83138			6
2024.10.30	01:03:52.272	0.83129	0.83137			6
2024.10.30	01:04:00.370	0.83129				2
2024.10.30	01:04:01.483	0.83127	0.83141			6
2024.10.30	01:04:01.789	0.83126				2
2024.10.30	01:04:03.084	0.83128				2
2024.10.30	01:04:03.771		0.83139			4
2024.10.30	01:04:04.074	0.83127				2
2024.10.30	01:04:05.221	0.83130	0.83141			6
2024.10.30	01:04:05.833	0.83131	0.83139			6
2024.10.30	01:04:08.107	0.83132				2
2024.10.30	01:04:11.908	0.83131	0.83138			6
2024.10.30	01:04:12.506		0.83140			4
2024.10.30	01:04:24.375	0.83129	0.83137			6
2024.10.30	01:04:33.070	0.83130				2
2024.10.30	01:04:53.460	0.83129	0.83136			6
2024.10.30	01:05:00.383	0.83129				2
2024.10.30	01:05:54.145		0.83136			4
2024.10.30	01:06:00.409	0.83129				2
2024.10.30	01:06:00.902	0.83130	0.83138			6
2024.10.30	01:06:02.403	0.83129	0.83137			6
2024.10.30	01:06:03.985	0.83131	0.83140			6
2024.10.30	01:06:06.373	0.83132	0.83139			6
2024.10.30	01:06:08.986	0.83131	0.83138			6
2024.10.30	01:06:12.529	0.83132				2
2024.10.30	01:06:22.157		0.83139			4
2024.10.30	01:06:23.172	0.83131	0.83140			6
2024.10.30	01:06:27.843	0.83132	0.83138			6
2024.10.30	01:06:50.810	0.83129	0.83139			6
2024.10.30	01:06:52.351		0.83138			4
2024.10.30	01:06:53.513		0.83141			4
2024.10.30	01:06:56.625		0.83138			4
2024.10.30	01:07:00.134	0.83131	0.83140			6
2024.10.30	01:07:04.572		0.83139			4
2024.10.30	01:07:06.973		0.83138			4
2024.10.30	01:07:12.181		0.83140			4
2024.10.30	01:07:12.525		0.83138			4
2024.10.30	01:07:26.318		0.83136			4
2024.10.30	01:07:27.112	0.83132	0.83139			6
2024.10.30	01:07:27.447		0.83136			4
2024.10.30	01:07:29.494		0.83137			4
2024.10.30	01:07:30.506		0.83139			4
2024.10.30	01:07:37.480		0.83137			4
2024.10.30	01:07:43.163		0.83141			4
2024.10.30	01:07:52.165		0.83139			4
2024.10.30	01:07:57.972		0.83140			4
2024.10.30	01:08:00.135	0.83132				2
2024.10.30	01:08:01.539	0.83134	0.83141			6
2024.10.30	01:08:03.215	0.83133				2
2024.10.30	01:08:11.800	0.83132	0.83140			6
2024.10.30	01:08:24.981	0.83133				2
2024.10.30	01:08:29.593	0.83132				2
2024.10.30	01:09:00.080	0.83133				2
2024.10.30	01:09:01.779	0.83132				2
2024.10.30	01:09:05.463	0.83133				2
2024.10.30	01:09:12.405		0.83140			4
2024.10.30	01:09:26.432	0.83132	0.83139			6
2024.10.30	01:09:34.899	0.83133	0.83140			6
2024.10.30	01:09:35.966	0.83134	0.83141			6
2024.10.30	01:09:40.581	0.83133	0.83142			6
2024.10.30	01:09:45.804		0.83141			4
2024.10.30	01:09:48.649	0.83132	0.83139			6
2024.10.30	01:09:58.578	0.83131	0.83140			6
2024.10.30	01:10:00.411	0.83131	0.83138			6
2024.10.30	01:10:01.282	0.83132	0.83140			6
2024.10.30	01:10:03.072	0.83133	0.83141			6
2024.10.30	01:10:17.412	0.83129	0.83137			6
2024.10.30	01:10:20.473		0.83136			4
2024.10.30	01:10:21.849	0.83128				2
2024.10.30	01:10:45.495		0.83137			4
2024.10.30	01:10:45.842	0.83129				2
2024.10.30	01:10:46.606	0.83128	0.83136			6
2024.10.30	01:10:52.335	0.83129				2
2024.10.30	01:10:53.188	0.83128				2
2024.10.30	01:11:00.788	0.83128				2
2024.10.30	01:11:17.197	0.83129	0.83137			6
2024.10.30	01:11:18.807	0.83130				2
2024.10.30	01:11:19.152	0.83129				2
2024.10.30	01:11:35.816		0.83138			4
2024.10.30	01:11:36.405	0.83130				2
2024.10.30	01:11:37.581	0.83131	0.83139			6
2024.10.30	01:11:43.307		0.83140			4
2024.10.30	01:11:45.399	0.83132				2
2024.10.30	01:11:55.579	0.83131				2
2024.10.30	01:12:01.077	0.83129	0.83137			6
2024.10.30	01:12:01.390	0.83128	0.83136			6
2024.10.30	01:12:09.678	0.83127				2
2024.10.30	01:12:14.472		0.83137			4
2024.10.30	01:12:18.076	0.83128				2
2024.10.30	01:12:20.793		0.83136			4
2024.10.30	01:12:22.000		0.83137			4
2024.10.30	01:12:34.610	0.83129	0.83138			6
2024.10.30	01:12:35.271	0.83130	0.83139			6
2024.10.30	01:12:46.582	0.83131	0.83140			6
2024.10.30	01:13:01.080	0.83131				2
2024.10.30	01:13:24.970	0.83132				2
2024.10.30	01:13:26.348	0.83131				2
2024.10.30	01:13:33.083	0.83130	0.83139			6
2024.10.30	01:14:00.315	0.83130				2
2024.10.30	01:14:04.961	0.83127	0.83135			6
2024.10.30	01:14:05.271	0.83125	0.83134			6
2024.10.30	01:14:05.642	0.83126				2
2024.10.30	01:14:10.453	0.83127	0.83136			6
2024.10.30	01:14:10.997	0.83128	0.83137			6
2024.10.30	01:14:13.276	0.83129				2
2024.10.30	01:14:38.674	0.83126	0.83134			6
2024.10.30	01:14:43.575		0.83135			4
2024.10.30	01:14:46.274	0.83127				2
2024.10.30	01:14:53.315	0.83130	0.83138			6
2024.10.30	01:14:53.654	0.83128	0.83137			6
2024.10.30	01:14:54.217	0.83127	0.83138			6
2024.10.30	01:14:59.172	0.83128				2
2024.10.30	01:15:00.452	0.83128	0.83136			6
2024.10.30	01:15:00.772	0.83127	0.83137			6
2024.10.30	01:15:04.571		0.83136			4
2024.10.30	01:15:09.970	0.83128				2
2024.10.30	01:15:19.221	0.83130	0.83138			6
2024.10.30	01:15:44.290		0.83137			4
2024.10.30	01:15:45.262		0.83138			4
2024.10.30	01:16:00.010	0.83130				2
2024.10.30	01:16:00.369		0.83137			4
2024.10.30	01:16:24.231	0.83129	0.83138			6
2024.10.30	01:16:24.544	0.83128	0.83136			6
2024.10.30	01:16:30.606		0.83135			4
2024.10.30	01:16:31.276	0.83127	0.83134			6
2024.10.30	01:16:52.405		0.83135			4
2024.10.30	01:17:00.985	0.83127				2
2024.10.30	01:17:05.336	0.83128				2
2024.10.30	01:17:05.975	0.83129	0.83136			6
2024.10.30	01:17:08.747	0.83130	0.83137			6
2024.10.30	01:17:25.544	0.83131	0.83138			6
2024.10.30	01:17:31.301	0.83130	0.83137			6
2024.10.30	01:17:32.061	0.83131				2
2024.10.30	01:17:39.722		0.83138			4
2024.10.30	01:17:43.736		0.83137			4
2024.10.30	01:17:45.724		0.83138			4
2024.10.30	01:17:48.048		0.83137			4
2024.10.30	01:17:49.071		0.83138			4
2024.10.30	01:17:50.406	0.83130	0.83137			6
2024.10.30	01:17:56.105		0.83139			4
2024.10.30	01:17:56.450	0.83133	0.83140			6
2024.10.30	01:18:00.447	0.83133	0.83141			6
2024.10.30	01:18:00.982		0.83140			4
2024.10.30	01:18:12.708	0.83134				2
2024.10.30	01:18:20.777	0.83133				2
2024.10.30	01:18:22.103	0.83134	0.83141			6
2024.10.30	01:18:24.199	0.83133	0.83140			6
2024.10.30	01:18:25.892	0.83134				2
2024.10.30	01:18:27.311	0.83135	0.83141			6
2024.10.30	01:18:28.617	0.83134	0.83140			6
2024.10.30	01:18:29.670	0.83135	0.83141			6
2024.10.30	01:18:36.262	0.83134				2
2024.10.30	01:18:39.542		0.83140			4
2024.10.30	01:18:39.874		0.83141			4
2024.10.30	01:18:40.313		0.83140			4
2024.10.30	01:18:41.358	0.83135	0.83141			6
2024.10.30	01:18:43.036	0.83134	0.83140			6
2024.10.30	01:18:45.669	0.83135	0.83141			6
2024.10.30	01:18:59.264		0.83142			4
2024.10.30	01:19:00.329	0.83135				2
2024.10.30	01:19:03.536	0.83134	0.83140			6
2024.10.30	01:19:04.271	0.83135	0.83141			6
2024.10.30	01:19:04.643		0.83140			4
2024.10.30	01:19:06.005	0.83134				2
2024.10.30	01:19:06.392	0.83135				2
2024.10.30	01:19:09.735	0.83134				2
2024.10.30	01:19:11.842	0.83135				2
2024.10.30	01:19:12.887	0.83134				2
2024.10.30	01:19:17.100	0.83135				2
2024.10.30	01:19:19.155	0.83134				2
2024.10.30	01:19:20.194	0.83131				2
2024.10.30	01:19:20.504	0.83132	0.83138			6
2024.10.30	01:19:21.225	0.83131				2
2024.10.30	01:19:22.543		0.83137			4
2024.10.30	01:19:33.073	0.83130				2
2024.10.30	01:19:38.172	0.83132	0.83138			6
2024.10.30	01:19:38.490	0.83131	0.83137			6
2024.10.30	01:19:39.002	0.83130				2
2024.10.30	01:19:39.680	0.83131				2
2024.10.30	01:19:47.314	0.83133	0.83139			6
2024.10.30	01:19:54.345	0.83132				2
2024.10.30	01:19:54.794	0.83131				2
2024.10.30	01:19:55.269		0.83138			4
2024.10.30	01:20:00.699	0.83131				2
2024.10.30	01:20:03.980		0.83139			4
2024.10.30	01:20:09.860		0.83138			4
2024.10.30	01:20:10.270	0.83132	0.83140			6
2024.10.30	01:20:10.583		0.83139			4
2024.10.30	01:20:11.776	0.83133	0.83140			6
2024.10.30	01:20:16.609	0.83132	0.83139			6
2024.10.30	01:20:27.370	0.83133	0.83140			6
2024.10.30	01:20:36.879	0.83132	0.83139			6
2024.10.30	01:20:47.361	0.83131				2
2024.10.30	01:21:04.573	0.83131				2
2024.10.30	01:21:06.373		0.83138			4
2024.10.30	01:21:45.398	0.83130	0.83137			6
2024.10.30	01:21:46.430	0.83131	0.83138			6
2024.10.30	01:21:53.068	0.83130				2
2024.10.30	01:21:55.587		0.83137			4
2024.10.30	01:22:00.025	0.83130				2
2024.10.30	01:22:02.078	0.83133	0.83140			6
2024.10.30	01:22:03.327	0.83130	0.83138			6
2024.10.30	01:22:04.942	0.83131				2
2024.10.30	01:22:05.567	0.83132				2
2024.10.30	01:22:05.961	0.83131				2
2024.10.30	01:22:06.355	0.83132	0.83139			6
2024.10.30	01:22:06.972	0.83131	0.83138			6
2024.10.30	01:22:07.283	0.83132	0.83139			6
2024.10.30	01:22:07.610	0.83131	0.83138			6
2024.10.30	01:22:09.125		0.83137			4
2024.10.30	01:22:09.974	0.83132	0.83139			6
2024.10.30	01:22:10.299	0.83131	0.83138			6
2024.10.30	01:22:10.817		0.83137			4
2024.10.30	01:22:16.270		0.83138			4
2024.10.30	01:22:21.822	0.83132				2
2024.10.30	01:22:22.143		0.83139			4
2024.10.30	01:22:22.468		0.83138			4
2024.10.30	01:22:23.992	0.83133	0.83139			6
2024.10.30	01:22:24.531	0.83131	0.83138			6
2024.10.30	01:22:28.629	0.83132	0.83139			6
2024.10.30	01:22:34.003	0.83133	0.83140			6
2024.10.30	01:22:36.971	0.83134				2
2024.10.30	01:22:46.210		0.83141			4
2024.10.30	01:22:58.530		0.83140			4
2024.10.30	01:23:01.637	0.83134				2
2024.10.30	01:23:18.925	0.83135	0.83142			6
2024.10.30	01:23:20.555	0.83134	0.83141			6
2024.10.30	01:23:25.355		0.83140			4
2024.10.30	01:23:27.814	0.83133				2
2024.10.30	01:23:35.485	0.83134				2
2024.10.30	01:23:37.413		0.83141			4
2024.10.30	01:24:00.796	0.83134				2
2024.10.30	01:24:12.753	0.83135	0.83142			6
2024.10.30	01:24:21.707	0.83136	0.83141			6
2024.10.30	01:24:34.436	0.83135				2
2024.10.30	01:24:37.567		0.83140			4
2024.10.30	01:24:38.456		0.83141			4
2024.10.30	01:25:01.414	0.83134				2
2024.10.30	01:25:01.724	0.83135				2
2024.10.30	01:25:22.570	0.83136				2
2024.10.30	01:25:35.418	0.83135				2
2024.10.30	01:25:38.557		0.83141			4
2024.10.30	01:26:00.523	0.83135				2
2024.10.30	01:26:12.497	0.83136	0.83142			6
2024.10.30	01:26:28.209	0.83137	0.83143			6
2024.10.30	01:26:43.074	0.83136				2
2024.10.30	01:26:48.652		0.83142			4
2024.10.30	01:27:00.974	0.83136				2
2024.10.30	01:27:07.237	0.83137				2
2024.10.30	01:27:11.410		0.83143			4
2024.10.30	01:27:16.576		0.83142			4
2024.10.30	01:27:35.969	0.83136	0.83143			6
2024.10.30	01:27:41.749	0.83137				2
2024.10.30	01:27:42.055		0.83144			4
2024.10.30	01:27:45.448	0.83138				2
2024.10.30	01:27:54.084	0.83137				2
2024.10.30	01:27:55.614	0.83138				2
2024.10.30	01:28:01.039	0.83138				2
2024.10.30	01:28:42.118		0.83144			4
2024.10.30	01:28:44.361		0.83142			4
2024.10.30	01:28:55.303	0.83139	0.83144			6
2024.10.30	01:28:58.509		0.83145			4
2024.10.30	01:29:00.953	0.83139				2
2024.10.30	01:29:03.095	0.83140				2
2024.10.30	01:29:05.555	0.83141	0.83147			6
2024.10.30	01:29:06.579	0.83140				2
2024.10.30	01:29:06.883	0.83138	0.83144			6
2024.10.30	01:29:07.540	0.83137				2
2024.10.30	01:29:08.170		0.83143			4
2024.10.30	01:29:09.446		0.83144			4
2024.10.30	01:29:09.937	0.83138				2
2024.10.30	01:29:13.005	0.83139	0.83145			6
2024.10.30	01:29:13.321	0.83140	0.83146			6
2024.10.30	01:29:13.994	0.83139	0.83145			6
2024.10.30	01:29:20.855	0.83140	0.83146			6
2024.10.30	01:29:21.299	0.83141				2
2024.10.30	01:29:21.731	0.83140				2
2024.10.30	01:29:23.111	0.83141				2
2024.10.30	01:29:25.296		0.83145			4
2024.10.30	01:29:26.214	0.83139				2
2024.10.30	01:29:28.485	0.83140	0.83146			6
2024.10.30	01:29:34.573	0.83142	0.83148			6
2024.10.30	01:29:40.178		0.83149			4
2024.10.30	01:29:40.816		0.83148			4
2024.10.30	01:29:51.373	0.83143				2
2024.10.30	01:29:51.686	0.83142				2
2024.10.30	01:29:54.728		0.83147			4
2024.10.30	01:30:00.312	0.83142				2
2024.10.30	01:30:00.808	0.83141	0.83146			6
2024.10.30	01:30:02.238		0.83147			4
2024.10.30	01:30:04.213		0.83146			4
2024.10.30	01:30:07.644		0.83145			4
2024.10.30	01:30:18.375		0.83144			4
2024.10.30	01:30:24.110		0.83145			4
2024.10.30	01:30:25.008	0.83144	0.83147			6
2024.10.30	01:30:25.313		0.83148			4
2024.10.30	01:30:26.998	0.83145				2
2024.10.30	01:30:28.129	0.83144	0.83149			6
2024.10.30	01:30:28.508	0.83143				2
2024.10.30	01:30:30.455	0.83144				2
2024.10.30	01:30:31.653		0.83148			4
2024.10.30	01:30:37.036		0.83149			4
2024.10.30	01:30:41.035	0.83147	0.83152			6
2024.10.30	01:30:42.019		0.83153			4
2024.10.30	01:30:47.063	0.83144	0.83148			6
2024.10.30	01:31:01.395	0.83144				2
2024.10.30	01:31:09.975	0.83143				2
2024.10.30	01:31:17.481	0.83142				2
2024.10.30	01:31:19.284	0.83143	0.83149			6
2024.10.30	01:31:27.069		0.83148			4
2024.10.30	01:31:27.845		0.83150			4
2024.10.30	01:31:28.197	0.83144	0.83147			6
2024.10.30	01:31:28.504		0.83148			4
2024.10.30	01:31:31.270	0.83143				2
2024.10.30	01:31:42.467	0.83145	0.83150			6
2024.10.30	01:31:46.809	0.83144	0.83149			6
2024.10.30	01:31:48.938	0.83143	0.83150			6
2024.10.30	01:31:49.273		0.83149			4
2024.10.30	01:31:56.155		0.83148			4
2024.10.30	01:32:01.402	0.83143	0.83147			6
2024.10.30	01:32:02.791		0.83149			4
2024.10.30	01:32:03.336	0.83144				2
2024.10.30	01:32:03.660	0.83145	0.83150			6
2024.10.30	01:32:04.922	0.83147	0.83151			6
2024.10.30	01:32:05.237	0.83146				2
2024.10.30	01:32:09.404	0.83145				2
2024.10.30	01:32:11.003		0.83150			4
2024.10.30	01:32:18.430	0.83146				2
2024.10.30	01:32:19.581	0.83148	0.83151			6
2024.10.30	01:32:35.778		0.83152			4
2024.10.30	01:33:00.302	0.83149	0.83153			6
2024.10.30	01:33:05.491		0.83154			4
2024.10.30	01:33:05.806	0.83147	0.83151			6
2024.10.30	01:33:06.105	0.83146				2
2024.10.30	01:33:07.566	0.83147	0.83150			6
2024.10.30	01:33:07.891	0.83145	0.83149			6
2024.10.30	01:33:11.388	0.83146				2
2024.10.30	01:33:15.116		0.83150			4
2024.10.30	01:33:17.057	0.83145				2
2024.10.30	01:33:19.005	0.83146				2
2024.10.30	01:33:22.121	0.83145				2
2024.10.30	01:33:25.050	0.83146	0.83151			6
2024.10.30	01:33:26.144	0.83145				2
2024.10.30	01:33:31.444	0.83146	0.83150			6
2024.10.30	01:33:32.370	0.83145				2
2024.10.30	01:33:32.688		0.83149			4
2024.10.30	01:33:33.072		0.83148			4
2024.10.30	01:33:33.984		0.83149			4
2024.10.30	01:34:00.333	0.83145				2
2024.10.30	01:34:05.566	0.83146	0.83150			6
2024.10.30	01:34:15.166	0.83147				2
2024.10.30	01:34:15.523	0.83145	0.83149			6
2024.10.30	01:34:26.072		0.83150			4
2024.10.30	01:34:48.648	0.83147				2
2024.10.30	01:34:49.921		0.83149			4
2024.10.30	01:34:50.682	0.83145				2
2024.10.30	01:35:00.475	0.83147				2
2024.10.30	01:35:06.656	0.83146				2
2024.10.30	01:35:11.365		0.83148			4
2024.10.30	01:35:13.037	0.83147				2
2024.10.30	01:35:16.443		0.83150			4
2024.10.30	01:35:17.315		0.83149			4
2024.10.30	01:35:19.050	0.83148				2
2024.10.30	01:36:03.202	0.83148				2
2024.10.30	01:36:20.804		0.83149			4
2024.10.30	01:37:00.070	0.83148				2
2024.10.30	01:37:21.423		0.83149			4
2024.10.30	01:37:35.929	0.83149	0.83153			6
2024.10.30	01:37:44.976	0.83150				2
2024.10.30	01:37:45.590		0.83154			4
2024.10.30	01:37:48.631	0.83153	0.83156			6
2024.10.30	01:37:51.684	0.83154				2
2024.10.30	01:38:00.643	0.83154				2
2024.10.30	01:38:11.019		0.83158			4
2024.10.30	01:38:24.140		0.83157			4
2024.10.30	01:38:26.278		0.83158			4
2024.10.30	01:38:31.277		0.83157			4
2024.10.30	01:38:37.055		0.83155			4
2024.10.30	01:38:49.322	0.83153				2
2024.10.30	01:38:50.915	0.83154				2
2024.10.30	01:39:00.311	0.83154				2
2024.10.30	01:39:03.188	0.83153				2
2024.10.30	01:39:05.289	0.83152	0.83153			6
2024.10.30	01:39:06.051	0.83151	0.83152			6
2024.10.30	01:39:09.387	0.83150				2
2024.10.30	01:39:31.522	0.83149	0.83151			6
2024.10.30	01:39:33.234	0.83146	0.83149			6
2024.10.30	01:39:50.290	0.83149	0.83150			6
2024.10.30	01:40:01.163	0.83149				2
2024.10.30	01:40:22.763	0.83148	0.83149			6
2024.10.30	01:41:01.368	0.83148				2
2024.10.30	01:41:11.244		0.83151			4
2024.10.30	01:41:15.435	0.83149				2
2024.10.30	01:41:16.476		0.83152			4
2024.10.30	01:41:24.574	0.83150				2
2024.10.30	01:41:35.185	0.83149	0.83150			6
2024.10.30	01:41:37.647	0.83148	0.83149			6
2024.10.30	01:42:00.560	0.83148				2
2024.10.30	01:42:20.759		0.83150			4
2024.10.30	01:42:34.670	0.83146				2
2024.10.30	01:42:34.985	0.83147	0.83148			6
2024.10.30	01:42:50.128	0.83145				2
2024.10.30	01:42:52.405	0.83144	0.83147			6
2024.10.30	01:42:54.917	0.83145				2
2024.10.30	01:43:00.439	0.83145				2
2024.10.30	01:43:12.976	0.83144	0.83148			6
2024.10.30	01:43:28.719	0.83146	0.83149			6
2024.10.30	01:43:29.036		0.83150			4
2024.10.30	01:43:31.891	0.83147				2
2024.10.30	01:43:40.771		0.83149			4
2024.10.30	01:43:45.694	0.83146	0.83148			6
2024.10.30	01:43:46.361		0.83149			4
2024.10.30	01:43:46.785	0.83145	0.83147			6
2024.10.30	01:43:47.131		0.83146			4
2024.10.30	01:43:52.110		0.83148			4
2024.10.30	01:43:58.770	0.83146	0.83149			6
2024.10.30	01:44:00.369	0.83146				2
2024.10.30	01:44:00.695		0.83148			4
2024.10.30	01:44:23.689		0.83149			4
2024.10.30	01:44:24.182	0.83147				2
2024.10.30	01:44:24.697	0.83146				2
2024.10.30	01:44:32.290	0.83147				2
2024.10.30	01:44:35.414	0.83148				2
2024.10.30	01:44:45.413		0.83150			4
2024.10.30	01:44:56.348	0.83147				2
2024.10.30	01:44:56.672		0.83149			4
2024.10.30	01:44:57.025	0.83146	0.83147			6
2024.10.30	01:44:59.102	0.83145	0.83146			6
2024.10.30	01:45:00.107	0.83144				2
2024.10.30	01:45:00.427		0.83145			4
2024.10.30	01:45:20.460	0.83143				2
2024.10.30	01:45:20.765		0.83144			4
2024.10.30	01:45:22.114	0.83142				2
2024.10.30	01:45:42.976	0.83141				2
2024.10.30	01:46:00.079	0.83141				2
2024.10.30	01:46:01.973		0.83143			4
2024.10.30	01:46:09.417	0.83142	0.83144			6
2024.10.30	01:46:16.762	0.83143				2
2024.10.30	01:46:41.381	0.83144	0.83145			6
2024.10.30	01:46:43.778		0.83146			4
2024.10.30	01:47:00.143	0.83144				2
2024.10.30	01:47:44.579	0.83145	0.83146			6
2024.10.30	01:47:52.049	0.83143				2
2024.10.30	01:48:03.102	0.83143	0.83147			6
2024.10.30	01:48:15.036		0.83146			4
2024.10.30	01:49:00.448	0.83143				2
2024.10.30	01:49:15.387		0.83146			4
2024.10.30	01:49:23.078	0.83142	0.83145			6
2024.10.30	01:49:54.180	0.83143	0.83146			6
2024.10.30	01:50:00.058	0.83142				2
2024.10.30	01:50:06.291		0.83145			4
2024.10.30	01:50:18.032	0.83143				2
2024.10.30	01:50:25.835		0.83144			4
2024.10.30	01:50:33.675	0.83144	0.83145			6
2024.10.30	01:50:57.481	0.83143	0.83144			6
2024.10.30	01:50:58.390	0.83144	0.83147			6
2024.10.30	01:51:00.228	0.83144				2
2024.10.30	01:51:37.531		0.83146			4
2024.10.30	01:52:04.017	0.83144	0.83145			6
2024.10.30	01:52:33.142	0.83143	0.83144			6
2024.10.30	01:52:34.079		0.83145			4
2024.10.30	01:52:36.421		0.83144			4
2024.10.30	01:52:36.724		0.83145			4
2024.10.30	01:52:46.038	0.83144				2
2024.10.30	01:53:02.264	0.83144	0.83147			6
2024.10.30	01:53:34.748		0.83146			4
2024.10.30	01:54:00.396	0.83144				2
2024.10.30	01:54:20.115		0.83147			4
2024.10.30	01:55:01.804	0.83144				2
2024.10.30	01:55:20.807		0.83147			4
2024.10.30	01:56:01.430	0.83144				2
2024.10.30	01:56:21.495		0.83147			4
2024.10.30	01:56:26.905	0.83145				2
2024.10.30	01:56:51.262	0.83143	0.83146			6
2024.10.30	01:57:01.153	0.83143				2
2024.10.30	01:57:44.427	0.83144	0.83147			6
2024.10.30	01:57:45.415	0.83145	0.83146			6
2024.10.30	01:57:54.017		0.83147			4
2024.10.30	01:58:00.446	0.83144	0.83145			6
2024.10.30	01:58:15.674		0.83146			4
2024.10.30	01:58:19.205		0.83145			4
2024.10.30	01:58:30.418		0.83146			4
2024.10.30	01:58:34.085		0.83145			4
2024.10.30	01:58:49.666	0.83143				2
2024.10.30	01:59:00.342	0.83142				2
2024.10.30	01:59:03.922		0.83144			4
2024.10.30	01:59:06.695		0.83143			4
2024.10.30	01:59:07.002	0.83143	0.83144			6
2024.10.30	01:59:09.611	0.83141	0.83142			6
2024.10.30	01:59:14.223	0.83140				2
2024.10.30	01:59:21.188		0.83143			4
2024.10.30	01:59:21.542		0.83142			4
2024.10.30	01:59:33.950		0.83143			4
2024.10.30	01:59:34.462		0.83142			4
2024.10.30	01:59:39.580	0.83139				2
2024.10.30	01:59:42.079	0.83140				2
2024.10.30	01:59:47.950	0.83139	0.83141			6
2024.10.30	02:00:00.349	0.83140	0.83144			6
2024.10.30	02:00:04.274		0.83143			4
2024.10.30	02:00:06.449	0.83139				2
2024.10.30	02:00:08.386		0.83142			4
2024.10.30	02:00:10.401	0.83140				2
2024.10.30	02:00:11.470	0.83139				2
2024.10.30	02:00:16.579	0.83140				2
2024.10.30	02:00:19.619		0.83143			4
2024.10.30	02:00:21.048		0.83144			4
2024.10.30	02:00:25.619		0.83143			4
2024.10.30	02:00:25.927	0.83139				2
2024.10.30	02:00:28.888		0.83142			4
2024.10.30	02:00:37.300		0.83143			4
2024.10.30	02:00:42.027		0.83142			4
2024.10.30	02:00:45.286	0.83138				2
2024.10.30	02:00:56.603	0.83139				2
2024.10.30	02:01:00.273	0.83139				2
2024.10.30	02:01:00.615	0.83140	0.83143			6
2024.10.30	02:01:05.056		0.83145			4
2024.10.30	02:01:06.573		0.83143			4
2024.10.30	02:01:35.186	0.83139				2
2024.10.30	02:01:42.347	0.83140				2
2024.10.30	02:01:42.665	0.83141	0.83144			6
2024.10.30	02:01:42.981	0.83140				2
2024.10.30	02:01:43.352	0.83141	0.83145			6
2024.10.30	02:01:43.761	0.83142				2
2024.10.30	02:01:58.921		0.83144			4
2024.10.30	02:01:59.313		0.83145			4
2024.10.30	02:02:00.187	0.83142				2
2024.10.30	02:02:12.772	0.83141				2
2024.10.30	02:02:33.245	0.83142				2
2024.10.30	02:02:48.489	0.83141	0.83143			6
2024.10.30	02:02:48.806		0.83144			4
2024.10.30	02:02:49.849	0.83142				2
2024.10.30	02:02:53.902	0.83141				2
2024.10.30	02:02:54.210		0.83143			4
2024.10.30	02:03:00.465	0.83141				2
2024.10.30	02:03:15.915		0.83142			4
2024.10.30	02:03:19.548		0.83143			4
2024.10.30	02:03:32.654	0.83142				2
2024.10.30	02:03:33.045	0.83140	0.83141			6
2024.10.30	02:03:33.374	0.83139				2
2024.10.30	02:03:36.619	0.83140				2
2024.10.30	02:03:49.946	0.83139	0.83140			6
2024.10.30	02:04:00.423	0.83139				2
2024.10.30	02:04:06.624		0.83142			4
2024.10.30	02:04:06.926		0.83140			4
2024.10.30	02:04:29.669	0.83137	0.83138			6
2024.10.30	02:04:55.559		0.83139			4
2024.10.30	02:05:00.146	0.83137				2
2024.10.30	02:05:01.117	0.83139	0.83141			6
2024.10.30	02:05:08.469	0.83138				2
2024.10.30	02:05:10.286	0.83139				2
2024.10.30	02:05:11.899	0.83136				2
2024.10.30	02:05:13.926	0.83139				2
2024.10.30	02:05:34.291	0.83138	0.83139			6
2024.10.30	02:05:39.660		0.83141			4
2024.10.30	02:05:42.175	0.83139	0.83142			6
2024.10.30	02:05:42.880	0.83140	0.83143			6
2024.10.30	02:05:45.202	0.83139				2
2024.10.30	02:05:47.572	0.83140	0.83142			6
2024.10.30	02:05:49.103		0.83143			4
2024.10.30	02:05:49.405		0.83142			4
2024.10.30	02:06:00.027	0.83140				2
2024.10.30	02:06:02.415		0.83143			4
2024.10.30	02:06:03.211	0.83139	0.83144			6
2024.10.30	02:06:03.547	0.83142				2
2024.10.30	02:06:04.437		0.83145			4
2024.10.30	02:06:09.572		0.83146			4
2024.10.30	02:06:10.289		0.83145			4
2024.10.30	02:06:15.495	0.83144	0.83146			6
2024.10.30	02:06:17.030		0.83147			4
2024.10.30	02:06:17.766		0.83146			4
2024.10.30	02:06:24.381		0.83147			4
2024.10.30	02:06:28.726		0.83146			4
2024.10.30	02:06:29.750		0.83147			4
2024.10.30	02:06:33.514		0.83148			4
2024.10.30	02:06:39.472		0.83147			4
2024.10.30	02:06:39.787	0.83148	0.83149			6
2024.10.30	02:06:41.044		0.83150			4
2024.10.30	02:06:44.356		0.83151			4
2024.10.30	02:07:01.540	0.83148				2
2024.10.30	02:07:10.544	0.83147				2
2024.10.30	02:07:14.378		0.83150			4
2024.10.30	02:07:15.285	0.83145				2
2024.10.30	02:07:17.340	0.83147				2
2024.10.30	02:07:30.884	0.83148	0.83151			6
2024.10.30	02:07:31.206	0.83149				2
2024.10.30	02:07:37.319	0.83148				2
2024.10.30	02:07:37.625	0.83150	0.83152			6
2024.10.30	02:07:47.693	0.83146				2
2024.10.30	02:07:49.770	0.83150				2
2024.10.30	02:08:00.811	0.83150				2
2024.10.30	02:08:02.328	0.83149	0.83151			6
2024.10.30	02:08:09.903	0.83150	0.83153			6
2024.10.30	02:08:14.704	0.83149				2
2024.10.30	02:08:31.970		0.83152			4
2024.10.30	02:08:32.281	0.83150	0.83153			6
2024.10.30	02:08:34.279	0.83149	0.83152			6
2024.10.30	02:08:34.597		0.83153			4
2024.10.30	02:08:35.440	0.83148				2
2024.10.30	02:08:35.780	0.83149				2
2024.10.30	02:08:39.734		0.83151			4
2024.10.30	02:08:42.703		0.83150			4
2024.10.30	02:08:43.160		0.83151			4
2024.10.30	02:08:45.893		0.83150			4
2024.10.30	02:08:47.042		0.83151			4
2024.10.30	02:08:50.608		0.83150			4
2024.10.30	02:08:50.912		0.83151			4
2024.10.30	02:08:54.322	0.83150	0.83152			6
2024.10.30	02:09:00.386	0.83150				2
2024.10.30	02:09:06.426	0.83147	0.83151			6
2024.10.30	02:09:18.921	0.83148	0.83152			6
2024.10.30	02:09:23.228	0.83147	0.83150			6
2024.10.30	02:09:24.229	0.83146				2
2024.10.30	02:09:29.695	0.83145				2
2024.10.30	02:09:31.571	0.83146				2
2024.10.30	02:09:32.841	0.83145				2
2024.10.30	02:09:33.149	0.83146				2
2024.10.30	02:09:37.654	0.83145				2
2024.10.30	02:09:39.854	0.83146				2
2024.10.30	02:09:45.588	0.83145				2
2024.10.30	02:09:45.914	0.83146				2
2024.10.30	02:09:46.379	0.83145				2
2024.10.30	02:09:50.493	0.83146				2
2024.10.30	02:09:51.598	0.83145				2
2024.10.30	02:09:52.379	0.83146				2
2024.10.30	02:10:01.575	0.83146				2
2024.10.30	02:10:05.919	0.83145				2
2024.10.30	02:10:07.225	0.83144	0.83149			6
2024.10.30	02:10:08.464	0.83145	0.83150			6
2024.10.30	02:10:09.880	0.83144	0.83149			6
2024.10.30	02:10:11.347	0.83145	0.83150			6
2024.10.30	02:10:12.734	0.83144	0.83149			6
2024.10.30	02:10:15.164	0.83146	0.83148			6
2024.10.30	02:10:16.789		0.83149			4
2024.10.30	02:10:23.781	0.83145				2
2024.10.30	02:10:24.764	0.83147				2
2024.10.30	02:10:28.820	0.83148				2
2024.10.30	02:10:40.393	0.83149	0.83150			6
2024.10.30	02:11:00.807	0.83149				2
2024.10.30	02:11:04.420	0.83148	0.83151			6
2024.10.30	02:11:04.722	0.83146	0.83150			6
2024.10.30	02:11:12.876	0.83148				2
2024.10.30	02:11:14.353	0.83147				2
2024.10.30	02:11:20.804		0.83151			4
2024.10.30	02:11:24.272	0.83148				2
2024.10.30	02:11:24.960	0.83147				2
2024.10.30	02:11:28.019		0.83150			4
2024.10.30	02:11:28.789		0.83151			4
2024.10.30	02:11:29.355		0.83150			4
2024.10.30	02:11:33.185		0.83151			4
2024.10.30	02:11:34.617	0.83146				2
2024.10.30	02:11:36.731		0.83150			4
2024.10.30	02:11:39.747		0.83151			4
2024.10.30	02:11:41.777		0.83150			4
2024.10.30	02:11:42.474		0.83151			4
2024.10.30	02:11:43.390		0.83150			4
2024.10.30	02:11:47.138	0.83147	0.83151			6
2024.10.30	02:11:49.879	0.83148				2
2024.10.30	02:11:50.477	0.83147				2
2024.10.30	02:11:55.943	0.83148				2
2024.10.30	02:11:57.963	0.83147				2
2024.10.30	02:12:00.389	0.83147				2
2024.10.30	02:12:00.959		0.83150			4
2024.10.30	02:12:05.252	0.83148	0.83151			6
2024.10.30	02:12:20.589		0.83150			4
2024.10.30	02:12:20.945		0.83151			4
2024.10.30	02:12:24.919	0.83146				2
2024.10.30	02:12:26.985	0.83147				2
2024.10.30	02:12:28.810	0.83148				2
2024.10.30	02:12:30.051	0.83147	0.83150			6
2024.10.30	02:12:32.488	0.83146				2
2024.10.30	02:12:35.405	0.83145				2
2024.10.30	02:12:45.804		0.83149			4
2024.10.30	02:12:46.676		0.83148			4
2024.10.30	02:12:46.977	0.83144				2
2024.10.30	02:13:00.213	0.83144				2
2024.10.30	02:13:07.410	0.83145				2
2024.10.30	02:13:08.927	0.83147				2
2024.10.30	02:13:16.987	0.83145				2
2024.10.30	02:13:25.168	0.83144				2
2024.10.30	02:13:25.531	0.83146				2
2024.10.30	02:13:26.385	0.83145				2
2024.10.30	02:13:27.543	0.83146				2
2024.10.30	02:13:48.254		0.83148			4
2024.10.30	02:13:50.016	0.83147				2
2024.10.30	02:14:04.267	0.83147	0.83150			6
2024.10.30	02:14:12.516	0.83146				2
2024.10.30	02:14:51.393		0.83149			4
2024.10.30	02:14:51.721		0.83148			4
2024.10.30	02:14:56.716	0.83147				2
2024.10.30	02:14:57.376		0.83149			4
2024.10.30	02:15:00.370	0.83148				2
2024.10.30	02:15:01.274	0.83149	0.83150			6
2024.10.30	02:15:02.725	0.83151	0.83152			6
2024.10.30	02:15:03.495	0.83150	0.83151			6
2024.10.30	02:15:10.881	0.83149				2
2024.10.30	02:15:35.436		0.83152			4
2024.10.30	02:15:41.122		0.83151			4
2024.10.30	02:15:55.496		0.83152			4
2024.10.30	02:15:59.291		0.83151			4
2024.10.30	02:16:01.363	0.83149				2
2024.10.30	02:16:06.873	0.83147				2
2024.10.30	02:16:07.184	0.83148	0.83150			6
2024.10.30	02:16:08.006	0.83150	0.83151			6
2024.10.30	02:16:15.231	0.83149	0.83150			6
2024.10.30	02:16:16.304	0.83147				2
2024.10.30	02:16:22.659	0.83149				2
2024.10.30	02:16:30.300		0.83151			4
2024.10.30	02:16:30.776		0.83150			4
2024.10.30	02:16:31.576		0.83151			4
2024.10.30	02:16:37.381		0.83152			4
2024.10.30	02:16:38.122		0.83150			4
2024.10.30	02:16:44.498		0.83151			4
2024.10.30	02:16:45.050		0.83150			4
2024.10.30	02:16:59.824	0.83150	0.83151			6
2024.10.30	02:17:00.168	0.83147	0.83150			6
2024.10.30	02:17:06.442	0.83146				2
2024.10.30	02:17:07.075	0.83147				2
2024.10.30	02:17:09.494	0.83146				2
2024.10.30	02:17:10.777	0.83148				2
2024.10.30	02:17:15.452	0.83149				2
2024.10.30	02:17:19.086	0.83148	0.83149			6
2024.10.30	02:17:26.235	0.83147	0.83148			6
2024.10.30	02:17:41.289	0.83145				2
2024.10.30	02:18:00.945	0.83145				2
2024.10.30	02:18:04.006	0.83146				2
2024.10.30	02:18:06.436		0.83147			4
2024.10.30	02:18:11.104	0.83147	0.83148			6
2024.10.30	02:18:27.373	0.83142	0.83146			6
2024.10.30	02:18:31.295	0.83143	0.83149			6
2024.10.30	02:18:31.879	0.83144				2
2024.10.30	02:18:42.302		0.83150			4
2024.10.30	02:19:01.003	0.83144				2
2024.10.30	02:19:01.382	0.83143	0.83148			6
2024.10.30	02:19:01.762	0.83144				2
2024.10.30	02:19:03.961		0.83149			4
2024.10.30	02:19:09.604	0.83145				2
2024.10.30	02:19:18.525	0.83144				2
2024.10.30	02:19:19.829	0.83145				2
2024.10.30	02:19:42.086		0.83148			4
2024.10.30	02:19:55.743	0.83146	0.83150			6
2024.10.30	02:19:56.080	0.83145				2
2024.10.30	02:19:56.386	0.83144	0.83148			6
2024.10.30	02:19:59.249	0.83145				2
2024.10.30	02:20:00.268	0.83145				2
2024.10.30	02:20:00.636	0.83147	0.83149			6
2024.10.30	02:20:01.279	0.83146				2
2024.10.30	02:20:12.916		0.83148			4
2024.10.30	02:20:35.582	0.83148	0.83149			6
2024.10.30	02:20:46.916	0.83147	0.83148			6
2024.10.30	02:20:48.371	0.83146	0.83147			6
2024.10.30	02:20:48.687	0.83147	0.83148			6
2024.10.30	02:20:53.627	0.83144	0.83146			6
2024.10.30	02:20:54.042	0.83143				2
2024.10.30	02:20:57.461	0.83144				2
2024.10.30	02:20:57.960	0.83141	0.83145			6
2024.10.30	02:21:00.358	0.83141				2
2024.10.30	02:21:07.486	0.83143				2
2024.10.30	02:21:10.291	0.83142	0.83146			6
2024.10.30	02:21:30.930	0.83145				2
2024.10.30	02:21:43.527	0.83146	0.83147			6
2024.10.30	02:21:47.535		0.83148			4
2024.10.30	02:21:47.870	0.83147				2
2024.10.30	02:21:49.244	0.83145	0.83146			6
2024.10.30	02:21:52.857	0.83146	0.83147			6
2024.10.30	02:21:53.737	0.83145	0.83146			6
2024.10.30	02:21:54.046	0.83143	0.83144			6
2024.10.30	02:21:54.368	0.83145	0.83146			6
2024.10.30	02:21:56.895	0.83142	0.83143			6
2024.10.30	02:22:00.279	0.83142				2
2024.10.30	02:22:02.256	0.83140	0.83142			6
2024.10.30	02:22:22.861	0.83141				2
2024.10.30	02:22:23.257	0.83140				2
2024.10.30	02:22:31.848	0.83142	0.83143			6
2024.10.30	02:22:32.617	0.83144	0.83145			6
2024.10.30	02:22:33.090	0.83142	0.83143			6
2024.10.30	02:22:53.313	0.83140	0.83142			6
2024.10.30	02:23:02.030	0.83140				2
2024.10.30	02:23:02.605		0.83141			4
2024.10.30	02:23:05.623		0.83142			4
2024.10.30	02:23:12.832		0.83141			4
2024.10.30	02:23:14.380		0.83142			4
2024.10.30	02:23:35.593		0.83141			4
2024.10.30	02:23:36.750		0.83142			4
2024.10.30	02:23:37.334	0.83141				2
2024.10.30	02:23:47.947	0.83142	0.83143			6
2024.10.30	02:24:02.313	0.83142				2
2024.10.30	02:24:21.038	0.83143	0.83144			6
2024.10.30	02:24:21.336	0.83141	0.83142			6
2024.10.30	02:24:30.903	0.83143	0.83144			6
2024.10.30	02:24:34.838	0.83142	0.83143			6
2024.10.30	02:24:41.331	0.83139	0.83141			6
2024.10.30	02:24:54.931	0.83138				2
2024.10.30	02:24:55.411	0.83137	0.83138			6
2024.10.30	02:24:55.722	0.83135	0.83137			6
2024.10.30	02:24:56.032		0.83138			4
2024.10.30	02:25:00.323	0.83135				2
2024.10.30	02:25:31.901	0.83139	0.83140			6
2024.10.30	02:25:42.345	0.83140	0.83141			6
2024.10.30	02:25:45.210	0.83139	0.83140			6
2024.10.30	02:25:55.693	0.83141	0.83142			6
2024.10.30	02:25:56.009	0.83139	0.83140			6
2024.10.30	02:25:56.347	0.83141	0.83142			6
2024.10.30	02:25:56.677	0.83136	0.83138			6
2024.10.30	02:25:57.353	0.83135				2
2024.10.30	02:25:57.927	0.83136				2
2024.10.30	02:25:59.400	0.83139	0.83140			6
2024.10.30	02:26:00.360	0.83139				2
2024.10.30	02:26:00.821	0.83140	0.83141			6
2024.10.30	02:26:04.350	0.83141	0.83142			6
2024.10.30	02:26:07.524	0.83143	0.83144			6
2024.10.30	02:26:08.193	0.83144	0.83145			6
2024.10.30	02:26:09.003	0.83145	0.83146			6
2024.10.30	02:26:18.177	0.83146	0.83147			6
2024.10.30	02:26:38.069	0.83145	0.83146			6
2024.10.30	02:26:41.330	0.83146	0.83147			6
2024.10.30	02:26:58.706	0.83145	0.83146			6
2024.10.30	02:27:00.356	0.83145				2
2024.10.30	02:27:00.986	0.83144	0.83145			6
2024.10.30	02:27:01.364	0.83143	0.83144			6
2024.10.30	02:27:03.546	0.83142	0.83143			6
2024.10.30	02:27:04.165	0.83141	0.83142			6
2024.10.30	02:27:24.909	0.83137	0.83139			6
2024.10.30	02:27:25.261	0.83138				2
2024.10.30	02:27:25.585	0.83137				2
2024.10.30	02:27:33.265	0.83140	0.83141			6
2024.10.30	02:27:35.800	0.83137	0.83140			6
2024.10.30	02:27:36.103		0.83138			4
2024.10.30	02:27:39.557		0.83139			4
2024.10.30	02:27:40.422	0.83140	0.83141			6
2024.10.30	02:27:44.582		0.83142			4
2024.10.30	02:27:50.347	0.83141	0.83143			6
2024.10.30	02:27:51.048	0.83140	0.83144			6
2024.10.30	02:28:01.476	0.83140				2
2024.10.30	02:28:02.627	0.83139				2
2024.10.30	02:28:05.722	0.83141	0.83143			6
2024.10.30	02:28:09.906	0.83142	0.83144			6
2024.10.30	02:28:10.992	0.83144	0.83146			6
2024.10.30	02:28:11.649		0.83147			4
2024.10.30	02:28:12.140	0.83145				2
2024.10.30	02:28:14.609		0.83148			4
2024.10.30	02:28:14.964	0.83147				2
2024.10.30	02:28:16.051	0.83146				2
2024.10.30	02:28:27.803		0.83147			4
2024.10.30	02:28:35.300		0.83148			4
2024.10.30	02:28:51.876	0.83145				2
2024.10.30	02:29:00.262	0.83145				2
2024.10.30	02:29:00.669	0.83146				2
2024.10.30	02:29:04.310	0.83145				2
2024.10.30	02:29:07.321	0.83146				2
2024.10.30	02:29:08.438	0.83145	0.83147			6
2024.10.30	02:29:22.058	0.83146				2
2024.10.30	02:29:32.316	0.83145				2
2024.10.30	02:29:33.230	0.83143	0.83148			6
2024.10.30	02:29:33.546	0.83145	0.83147			6
2024.10.30	02:29:37.318	0.83143				2
2024.10.30	02:29:37.618		0.83146			4
2024.10.30	02:29:38.103	0.83145				2
2024.10.30	02:29:41.881		0.83147			4
2024.10.30	02:29:46.705	0.83146				2
2024.10.30	02:29:52.687		0.83148			4
2024.10.30	02:29:57.534	0.83149	0.83151			6
2024.10.30	02:29:58.184	0.83150	0.83152			6
2024.10.30	02:30:00.039	0.83150				2
2024.10.30	02:30:03.606	0.83151	0.83153			6
2024.10.30	02:30:03.936		0.83154			4
2024.10.30	02:30:04.351		0.83153			4
2024.10.30	02:30:04.911		0.83154			4
2024.10.30	02:30:06.398	0.83152				2
2024.10.30	02:30:06.879	0.83151				2
2024.10.30	02:30:13.537		0.83153			4
2024.10.30	02:30:14.630	0.83152	0.83154			6
2024.10.30	02:30:15.369	0.83153				2
2024.10.30	02:30:22.734	0.83152	0.83153			6
2024.10.30	02:30:26.160	0.83153	0.83154			6
2024.10.30	02:30:53.565		0.83155			4
2024.10.30	02:30:53.897	0.83152				2
2024.10.30	02:30:54.456	0.83153				2
2024.10.30	02:30:59.804	0.83151				2
2024.10.30	02:31:00.141	0.83152				2
2024.10.30	02:31:09.792		0.83156			4
2024.10.30	02:31:11.469		0.83155			4
2024.10.30	02:31:16.241	0.83148	0.83150			6
2024.10.30	02:31:21.456	0.83147				2
2024.10.30	02:31:30.334	0.83146	0.83148			6
2024.10.30	02:31:31.488		0.83147			4
2024.10.30	02:31:37.092		0.83148			4
2024.10.30	02:31:41.106	0.83145	0.83147			6
2024.10.30	02:31:52.842	0.83144	0.83148			6
2024.10.30	02:31:56.266	0.83143	0.83147			6
2024.10.30	02:31:57.204	0.83144	0.83146			6
2024.10.30	02:31:59.272	0.83143	0.83147			6
2024.10.30	02:32:00.292	0.83143				2
2024.10.30	02:32:07.537		0.83146			4
2024.10.30	02:32:07.895	0.83142				2
2024.10.30	02:32:09.668	0.83144	0.83147			6
2024.10.30	02:32:15.115	0.83145				2
2024.10.30	02:32:23.132		0.83148			4
2024.10.30	02:32:24.245	0.83144				2
2024.10.30	02:32:25.880		0.83147			4
2024.10.30	02:32:28.403	0.83146	0.83148			6
2024.10.30	02:32:33.718	0.83147				2
2024.10.30	02:32:35.345	0.83146	0.83150			6
2024.10.30	02:32:35.692		0.83149			4
2024.10.30	02:32:37.536		0.83150			4
2024.10.30	02:32:39.598		0.83149			4
2024.10.30	02:32:39.902	0.83147				2
2024.10.30	02:32:40.347		0.83148			4
2024.10.30	02:33:01.361	0.83147				2
2024.10.30	02:33:10.592	0.83146				2
2024.10.30	02:33:12.545	0.83147	0.83149			6
2024.10.30	02:33:12.937	0.83148				2
2024.10.30	02:33:18.590	0.83147				2
2024.10.30	02:33:27.378		0.83150			4
2024.10.30	02:33:28.693		0.83149			4
2024.10.30	02:33:36.533	0.83148	0.83150			6
2024.10.30	02:33:45.754	0.83147	0.83149			6
2024.10.30	02:34:00.515	0.83147				2
2024.10.30	02:34:10.138	0.83146	0.83148			6
2024.10.30	02:34:42.214	0.83145	0.83147			6
2024.10.30	02:34:59.412	0.83146				2
2024.10.30	02:35:01.691	0.83146	0.83148			6
2024.10.30	02:35:02.473		0.83147			4
2024.10.30	02:35:13.390	0.83144	0.83146			6
2024.10.30	02:35:27.575	0.83146	0.83147			6
2024.10.30	02:35:28.133		0.83148			4
2024.10.30	02:35:41.470		0.83147			4
2024.10.30	02:35:57.669	0.83145				2
2024.10.30	02:35:58.194	0.83141	0.83143			6
2024.10.30	02:35:58.508	0.83140	0.83142			6
2024.10.30	02:36:00.195	0.83140				2
2024.10.30	02:36:10.895		0.83141			4
2024.10.30	02:36:14.508		0.83142			4
2024.10.30	02:36:18.130		0.83141			4
2024.10.30	02:36:22.458	0.83141	0.83142			6
2024.10.30	02:36:23.461	0.83140	0.83141			6
2024.10.30	02:36:38.001	0.83139				2
2024.10.30	02:37:00.319	0.83139				2
2024.10.30	02:37:01.384	0.83140	0.83142			6
2024.10.30	02:37:18.691	0.83141	0.83143			6
2024.10.30	02:37:22.360	0.83142				2
2024.10.30	02:37:23.689	0.83143	0.83145			6
2024.10.30	02:37:25.674	0.83144	0.83146			6
2024.10.30	02:37:27.051	0.83145	0.83147			6
2024.10.30	02:37:27.381	0.83147	0.83148			6
2024.10.30	02:37:29.699	0.83148	0.83149			6
2024.10.30	02:37:31.783	0.83146	0.83147			6
2024.10.30	02:37:38.853	0.83145				2
2024.10.30	02:37:48.783		0.83146			4
2024.10.30	02:38:00.587	0.83145				2
2024.10.30	02:38:01.128	0.83144				2
2024.10.30	02:38:09.208	0.83145				2
2024.10.30	02:38:12.191	0.83146	0.83147			6
2024.10.30	02:38:14.882	0.83148	0.83150			6
2024.10.30	02:38:30.811	0.83149				2
2024.10.30	02:38:37.692	0.83148				2
2024.10.30	02:38:45.424	0.83145	0.83147			6
2024.10.30	02:39:00.076	0.83146				2
2024.10.30	02:39:04.915		0.83148			4
2024.10.30	02:39:24.665	0.83148	0.83149			6
2024.10.30	02:39:25.088	0.83149	0.83150			6
2024.10.30	02:39:29.246	0.83148				2
2024.10.30	02:39:33.097	0.83146	0.83148			6
2024.10.30	02:39:33.413	0.83150	0.83151			6
2024.10.30	02:39:34.153	0.83154	0.83155			6
2024.10.30	02:39:34.804	0.83155	0.83156			6
2024.10.30	02:39:38.388	0.83154	0.83155			6
2024.10.30	02:39:39.517	0.83155	0.83156			6
2024.10.30	02:39:41.131	0.83159	0.83160			6
2024.10.30	02:39:41.445	0.83158	0.83159			6
2024.10.30	02:39:42.363	0.83160	0.83161			6
2024.10.30	02:39:42.672		0.83162			4
2024.10.30	02:39:43.021		0.83161			4
2024.10.30	02:39:43.527	0.83161	0.83162			6
2024.10.30	02:39:43.841	0.83160				2
2024.10.30	02:39:44.680	0.83161				2
2024.10.30	02:39:45.677		0.83163			4
2024.10.30	02:39:46.825	0.83164	0.83165			6
2024.10.30	02:39:48.919		0.83166			4
2024.10.30	02:39:49.245	0.83165				2
2024.10.30	02:39:49.570		0.83167			4
2024.10.30	02:39:50.856		0.83166			4
2024.10.30	02:39:51.185	0.83164				2
2024.10.30	02:39:51.565	0.83165				2
2024.10.30	02:39:53.034	0.83164	0.83165			6
2024.10.30	02:39:57.669	0.83165	0.83166			6
2024.10.30	02:40:00.440	0.83161	0.83162			6
2024.10.30	02:40:01.175	0.83160				2
2024.10.30	02:40:06.568	0.83161	0.83163			6
2024.10.30	02:40:07.668		0.83162			4
2024.10.30	02:40:11.162	0.83160				2
2024.10.30	02:40:12.067	0.83161				2
2024.10.30	02:40:15.924	0.83162	0.83163			6
2024.10.30	02:40:27.932	0.83161	0.83162			6
2024.10.30	02:40:39.202	0.83160				2
2024.10.30	02:41:00.434	0.83160				2
2024.10.30	02:41:01.356	0.83158	0.83161			6
2024.10.30	02:41:01.868		0.83160			4
2024.10.30	02:41:02.189	0.83157				2
2024.10.30	02:41:02.519		0.83159			4
2024.10.30	02:41:03.375	0.83155	0.83158			6
2024.10.30	02:41:05.358	0.83154	0.83155			6
2024.10.30	02:41:05.667	0.83153	0.83156			6
2024.10.30	02:41:06.121	0.83154				2
2024.10.30	02:41:06.431	0.83153				2
2024.10.30	02:41:09.172	0.83154				2
2024.10.30	02:41:10.829		0.83158			4
2024.10.30	02:41:12.465		0.83157			4
2024.10.30	02:41:16.683	0.83156	0.83158			6
2024.10.30	02:41:21.182		0.83157			4
2024.10.30	02:41:52.960		0.83158			4
2024.10.30	02:41:59.286	0.83157				2
2024.10.30	02:42:00.305	0.83157				2
2024.10.30	02:42:06.089	0.83158	0.83160			6
2024.10.30	02:42:14.087	0.83157	0.83158			6
2024.10.30	02:42:20.721	0.83151	0.83153			6
2024.10.30	02:42:21.033	0.83152				2
2024.10.30	02:42:21.481	0.83151				2
2024.10.30	02:42:25.827		0.83152			4
2024.10.30	02:42:30.355		0.83153			4
2024.10.30	02:42:30.663		0.83152			4
2024.10.30	02:42:31.389	0.83147	0.83150			6
2024.10.30	02:42:32.025		0.83149			4
2024.10.30	02:42:32.696		0.83150			4
2024.10.30	02:42:33.498	0.83146	0.83149			6
2024.10.30	02:42:39.361	0.83147				2
2024.10.30	02:42:40.237	0.83146				2
2024.10.30	02:42:40.818	0.83144	0.83147			6
2024.10.30	02:42:43.001	0.83145				2
2024.10.30	02:42:45.530		0.83148			4
2024.10.30	02:42:46.006	0.83146	0.83149			6
2024.10.30	02:42:49.598		0.83148			4
2024.10.30	02:42:51.724		0.83147			4
2024.10.30	02:42:52.852		0.83149			4
2024.10.30	02:43:00.085	0.83146				2
2024.10.30	02:43:06.283		0.83147			4
2024.10.30	02:43:06.694		0.83149			4
2024.10.30	02:43:07.881		0.83147			4
2024.10.30	02:43:10.937		0.83149			4
2024.10.30	02:43:12.636	0.83147				2
2024.10.30	02:43:14.220	0.83146				2
2024.10.30	02:43:16.765	0.83148	0.83150			6
2024.10.30	02:43:21.459		0.83149			4
2024.10.30	02:43:24.371		0.83150			4
2024.10.30	02:43:35.487	0.83147	0.83149			6
2024.10.30	02:43:45.275	0.83148	0.83150			6
2024.10.30	02:43:59.821		0.83149			4
2024.10.30	02:44:00.147	0.83148				2
2024.10.30	02:44:27.165		0.83150			4
2024.10.30	02:44:40.033		0.83149			4
2024.10.30	02:44:53.194	0.83146				2
2024.10.30	02:44:53.617	0.83147				2
2024.10.30	02:45:00.114	0.83147				2
2024.10.30	02:45:01.056	0.83146	0.83148			6
2024.10.30	02:45:07.943		0.83147			4
2024.10.30	02:45:12.558		0.83148			4
2024.10.30	02:45:14.114		0.83147			4
2024.10.30	02:45:15.392		0.83148			4
2024.10.30	02:45:18.397	0.83148	0.83149			6
2024.10.30	02:45:19.727		0.83150			4
2024.10.30	02:45:24.584		0.83149			4
2024.10.30	02:45:24.902	0.83147				2
2024.10.30	02:45:34.101	0.83148				2
2024.10.30	02:45:39.501		0.83150			4
2024.10.30	02:45:40.266		0.83149			4
2024.10.30	02:45:50.676	0.83149	0.83150			6
2024.10.30	02:45:54.000	0.83150	0.83151			6
2024.10.30	02:45:54.933		0.83152			4
2024.10.30	02:45:58.911	0.83151				2
2024.10.30	02:45:59.225	0.83150				2
2024.10.30	02:46:00.343	0.83150				2
2024.10.30	02:46:02.534	0.83151	0.83153			6
2024.10.30	02:46:02.843	0.83154	0.83155			6
2024.10.30	02:46:03.147	0.83151	0.83152			6
2024.10.30	02:46:06.657	0.83150				2
2024.10.30	02:46:08.943		0.83151			4
2024.10.30	02:46:10.243		0.83152			4
2024.10.30	02:46:20.346	0.83149	0.83151			6
2024.10.30	02:46:21.947	0.83152	0.83153			6
2024.10.30	02:46:34.455	0.83151				2
2024.10.30	02:46:36.431		0.83152			4
2024.10.30	02:46:38.760		0.83153			4
2024.10.30	02:46:41.932		0.83152			4
2024.10.30	02:46:43.007		0.83153			4
2024.10.30	02:46:50.141	0.83152				2
2024.10.30	02:46:56.510	0.83151				2
2024.10.30	02:47:00.657	0.83151				2
2024.10.30	02:47:17.682	0.83153	0.83155			6
2024.10.30	02:47:24.839		0.83154			4
2024.10.30	02:47:26.348	0.83152				2
2024.10.30	02:47:31.572	0.83151	0.83153			6
2024.10.30	02:47:33.719	0.83152				2
2024.10.30	02:47:42.425	0.83151				2
2024.10.30	02:47:56.828	0.83152				2
2024.10.30	02:47:59.512		0.83154			4
2024.10.30	02:48:02.142	0.83152				2
2024.10.30	02:48:03.506	0.83153				2
2024.10.30	02:48:17.840	0.83152	0.83153			6
2024.10.30	02:48:22.706	0.83153	0.83154			6
2024.10.30	02:48:24.947	0.83152	0.83153			6
2024.10.30	02:48:31.371		0.83154			4
2024.10.30	02:48:55.071	0.83155	0.83156			6
2024.10.30	02:49:00.431	0.83155				2
2024.10.30	02:49:09.566	0.83157	0.83159			6
2024.10.30	02:49:10.139	0.83158				2
2024.10.30	02:49:13.615		0.83160			4
2024.10.30	02:49:14.299		0.83161			4
2024.10.30	02:49:14.853		0.83160			4
2024.10.30	02:49:24.021		0.83159			4
2024.10.30	02:49:30.303	0.83157				2
2024.10.30	02:49:30.608		0.83158			4
2024.10.30	02:49:31.406	0.83159	0.83161			6
2024.10.30	02:49:36.762	0.83160	0.83162			6
2024.10.30	02:49:51.954	0.83161				2
2024.10.30	02:50:00.678	0.83161				2
2024.10.30	02:50:03.140	0.83160				2
2024.10.30	02:50:11.517		0.83161			4
2024.10.30	02:50:19.728		0.83162			4
2024.10.30	02:50:23.386		0.83161			4
2024.10.30	02:50:29.196	0.83159				2
2024.10.30	02:50:50.282		0.83162			4
2024.10.30	02:50:50.596	0.83162	0.83163			6
2024.10.30	02:50:57.511		0.83164			4
2024.10.30	02:51:00.356	0.83162				2
2024.10.30	02:51:09.395	0.83164	0.83165			6
2024.10.30	02:51:09.975	0.83163				2
2024.10.30	02:51:10.612	0.83164				2
2024.10.30	02:51:25.314	0.83161	0.83162			6
2024.10.30	02:51:30.495		0.83163			4
2024.10.30	02:51:58.561	0.83160	0.83162			6
2024.10.30	02:52:00.788	0.83160				2
2024.10.30	02:52:01.581	0.83161				2
2024.10.30	02:52:05.034		0.83163			4
2024.10.30	02:52:33.319		0.83162			4
2024.10.30	02:52:59.381	0.83160				2
2024.10.30	02:53:00.965	0.83160				2
2024.10.30	02:53:02.547	0.83161				2
2024.10.30	02:53:03.579	0.83160				2
2024.10.30	02:53:12.894	0.83161				2
2024.10.30	02:53:43.869		0.83162			4
2024.10.30	02:53:45.821		0.83163			4
2024.10.30	02:54:01.636	0.83161				2
2024.10.30	02:54:07.602	0.83162				2
2024.10.30	02:54:12.475		0.83164			4
2024.10.30	02:54:20.817	0.83163				2
2024.10.30	02:55:00.331	0.83163				2
2024.10.30	02:55:04.671		0.83165			4
2024.10.30	02:55:12.347		0.83164			4
2024.10.30	02:55:12.657	0.83161	0.83163			6
2024.10.30	02:55:13.212	0.83159	0.83162			6
2024.10.30	02:55:13.541	0.83157	0.83160			6
2024.10.30	02:55:16.591	0.83156	0.83159			6
2024.10.30	02:55:20.505	0.83157				2
2024.10.30	02:55:23.941	0.83156				2
2024.10.30	02:55:24.917		0.83158			4
2024.10.30	02:55:25.702	0.83155				2
2024.10.30	02:56:00.334	0.83155				2
2024.10.30	02:56:13.020	0.83152	0.83155			6
2024.10.30	02:56:13.765		0.83154			4
2024.10.30	02:56:20.494	0.83153	0.83156			6
2024.10.30	02:56:21.599	0.83152	0.83155			6
2024.10.30	02:56:36.146		0.83154			4
2024.10.30	02:56:36.514		0.83153			4
2024.10.30	02:56:37.376	0.83151	0.83152			6
2024.10.30	02:56:38.501	0.83152	0.83153			6
2024.10.30	02:56:40.618	0.83151	0.83152			6
2024.10.30	02:56:41.017	0.83150	0.83151			6
2024.10.30	02:56:42.472	0.83151	0.83152			6
2024.10.30	02:56:44.605	0.83150	0.83151			6
2024.10.30	02:56:45.080	0.83149	0.83150			6
2024.10.30	02:56:51.276	0.83148	0.83149			6
2024.10.30	02:57:00.503	0.83148				2
2024.10.30	02:57:13.732	0.83147	0.83148			6
2024.10.30	02:57:20.278	0.83149	0.83150			6
2024.10.30	02:57:21.581	0.83150	0.83151			6
2024.10.30	02:57:33.451	0.83149				2
2024.10.30	02:57:55.257	0.83150				2
2024.10.30	02:58:00.312	0.83150				2
2024.10.30	02:58:18.071		0.83152			4
2024.10.30	02:58:24.407	0.83149	0.83151			6
2024.10.30	02:58:26.274	0.83150				2
2024.10.30	02:58:32.920		0.83152			4
2024.10.30	02:58:41.282	0.83152	0.83155			6
2024.10.30	02:58:41.583	0.83153	0.83156			6
2024.10.30	02:58:45.381	0.83156	0.83158			6
2024.10.30	02:58:48.471	0.83157	0.83159			6
2024.10.30	02:59:00.357	0.83157				2
2024.10.30	02:59:22.731	0.83156	0.83158			6
2024.10.30	02:59:34.701	0.83157				2
2024.10.30	02:59:44.604		0.83159			4
2024.10.30	03:00:00.337	0.83157	0.83158			6
2024.10.30	03:00:01.685	0.83156				2
2024.10.30	03:00:04.606		0.83157			4
2024.10.30	03:00:04.918	0.83157	0.83158			6
2024.10.30	03:00:05.550		0.83159			4
2024.10.30	03:00:06.041	0.83158				2
2024.10.30	03:00:08.781	0.83157				2
2024.10.30	03:00:10.650	0.83158				2
2024.10.30	03:00:21.630	0.83157				2
2024.10.30	03:00:22.267	0.83158				2
2024.10.30	03:00:23.176	0.83157	0.83158			6
2024.10.30	03:00:23.505	0.83156				2
2024.10.30	03:00:27.054	0.83157				2
2024.10.30	03:00:27.524	0.83156				2
2024.10.30	03:00:40.671	0.83154	0.83156			6
2024.10.30	03:00:41.224	0.83153	0.83155			6
2024.10.30	03:00:41.562	0.83155	0.83156			6
2024.10.30	03:00:42.274	0.83153	0.83155			6
2024.10.30	03:00:42.727	0.83154				2
2024.10.30	03:00:47.480	0.83155	0.83156			6
2024.10.30	03:00:48.482	0.83154	0.83155			6
2024.10.30	03:00:50.073	0.83155	0.83156			6
2024.10.30	03:00:53.140	0.83156	0.83157			6
2024.10.30	03:00:53.616	0.83154	0.83155			6
2024.10.30	03:00:54.267	0.83155	0.83156			6
2024.10.30	03:00:55.852	0.83154	0.83155			6
2024.10.30	03:00:56.351	0.83155	0.83156			6
2024.10.30	03:00:58.777	0.83154	0.83155			6
2024.10.30	03:01:00.493	0.83154				2
2024.10.30	03:01:00.801	0.83155	0.83156			6
2024.10.30	03:01:04.292	0.83156	0.83157			6
2024.10.30	03:01:05.371	0.83155	0.83156			6
2024.10.30	03:01:06.146	0.83156	0.83157			6
2024.10.30	03:01:07.500	0.83155	0.83156			6
2024.10.30	03:01:07.900	0.83156	0.83158			6
2024.10.30	03:01:08.204	0.83155				2
2024.10.30	03:01:10.800	0.83156				2
2024.10.30	03:01:15.191	0.83155				2
2024.10.30	03:01:15.512	0.83156				2
2024.10.30	03:01:16.907	0.83155				2
2024.10.30	03:01:17.797	0.83156				2
2024.10.30	03:01:18.116	0.83155				2
2024.10.30	03:01:22.336	0.83156				2
2024.10.30	03:01:23.292		0.83159			4
2024.10.30	03:01:23.609	0.83157				2
2024.10.30	03:01:24.040	0.83156				2
2024.10.30	03:01:24.842	0.83152	0.83155			6
2024.10.30	03:01:25.175	0.83151	0.83154			6
2024.10.30	03:01:26.826		0.83153			4
2024.10.30	03:01:27.135	0.83150				2
2024.10.30	03:01:29.770	0.83151				2
2024.10.30	03:01:30.319	0.83150	0.83152			6
2024.10.30	03:01:33.272	0.83151	0.83153			6
2024.10.30	03:01:34.355	0.83152				2
2024.10.30	03:01:35.277	0.83151				2
2024.10.30	03:01:35.643	0.83152				2
2024.10.30	03:01:36.575	0.83151				2
2024.10.30	03:01:36.899	0.83152				2
2024.10.30	03:01:39.846	0.83151				2
2024.10.30	03:01:41.280	0.83150				2
2024.10.30	03:01:42.393	0.83151				2
2024.10.30	03:01:44.058	0.83150				2
2024.10.30	03:01:45.314	0.83151				2
2024.10.30	03:01:47.294	0.83150				2
2024.10.30	03:01:48.385	0.83151				2
2024.10.30	03:01:48.715	0.83152				2
2024.10.30	03:01:52.412	0.83151				2
2024.10.30	03:01:52.837	0.83150				2
2024.10.30	03:01:53.206	0.83152				2
2024.10.30	03:01:53.547	0.83150	0.83152			6
2024.10.30	03:01:53.864	0.83151				2
2024.10.30	03:01:54.247	0.83150				2
2024.10.30	03:01:54.768	0.83151	0.83153			6
2024.10.30	03:01:55.565	0.83152				2
2024.10.30	03:01:55.870	0.83151	0.83152			6
2024.10.30	03:01:58.132		0.83153			4
2024.10.30	03:01:58.563	0.83152				2
2024.10.30	03:01:58.883	0.83151	0.83154			6
2024.10.30	03:01:59.185	0.83154	0.83155			6
2024.10.30	03:01:59.493	0.83155	0.83156			6
2024.10.30	03:01:59.869	0.83154	0.83155			6
2024.10.30	03:02:00.193	0.83154				2
2024.10.30	03:02:02.078	0.83151	0.83152			6
2024.10.30	03:02:04.052	0.83153	0.83154			6
2024.10.30	03:02:04.363	0.83152	0.83153			6
2024.10.30	03:02:12.530	0.83151	0.83152			6
2024.10.30	03:02:14.347	0.83152	0.83153			6
2024.10.30	03:02:15.250	0.83151	0.83152			6
2024.10.30	03:02:16.232		0.83153			4
2024.10.30	03:02:17.869		0.83154			4
2024.10.30	03:02:18.178		0.83153			4
2024.10.30	03:02:19.740	0.83152				2
2024.10.30	03:02:20.571	0.83153	0.83154			6
2024.10.30	03:02:23.938	0.83154	0.83155			6
2024.10.30	03:02:24.601	0.83152	0.83153			6
2024.10.30	03:02:26.669	0.83153	0.83154			6
2024.10.30	03:02:42.348	0.83152	0.83153			6
2024.10.30	03:02:48.701	0.83153	0.83154			6
2024.10.30	03:02:49.041	0.83152	0.83153			6
2024.10.30	03:02:50.218	0.83153	0.83154			6
2024.10.30	03:02:50.719	0.83152	0.83153			6
2024.10.30	03:02:51.292	0.83153	0.83154			6
2024.10.30	03:02:55.616	0.83152	0.83153			6
2024.10.30	03:02:55.974	0.83153	0.83154			6
2024.10.30	03:03:00.436	0.83153				2
2024.10.30	03:03:01.365	0.83152	0.83153			6
2024.10.30	03:03:02.180	0.83153	0.83154			6
2024.10.30	03:03:09.605	0.83154	0.83155			6
2024.10.30	03:03:09.927	0.83153	0.83154			6
2024.10.30	03:03:11.215	0.83152	0.83153			6
2024.10.30	03:03:13.735	0.83151	0.83154			6
2024.10.30	03:03:14.684		0.83152			4
2024.10.30	03:03:15.735	0.83152	0.83153			6
2024.10.30	03:03:16.236	0.83151	0.83152			6
2024.10.30	03:03:21.068	0.83150	0.83151			6
2024.10.30	03:03:21.940	0.83151	0.83152			6
2024.10.30	03:03:23.026	0.83153	0.83154			6
2024.10.30	03:03:24.215	0.83152	0.83153			6
2024.10.30	03:03:26.221	0.83153	0.83154			6
2024.10.30	03:03:26.575	0.83154	0.83155			6
2024.10.30	03:03:28.635	0.83153	0.83154			6
2024.10.30	03:03:31.322	0.83154	0.83155			6
2024.10.30	03:03:33.483	0.83153	0.83154			6
2024.10.30	03:03:37.888	0.83152	0.83153			6
2024.10.30	03:03:39.477	0.83154	0.83155			6
2024.10.30	03:03:39.782	0.83153	0.83154			6
2024.10.30	03:03:41.120	0.83154	0.83155			6
2024.10.30	03:03:41.423	0.83152	0.83153			6
2024.10.30	03:03:42.347	0.83153	0.83154			6
2024.10.30	03:03:46.458	0.83154	0.83155			6
2024.10.30	03:03:46.768	0.83153	0.83154			6
2024.10.30	03:03:48.229	0.83154	0.83155			6
2024.10.30	03:03:49.336	0.83153	0.83154			6
2024.10.30	03:03:51.735		0.83155			4
2024.10.30	03:03:54.781	0.83154				2
2024.10.30	03:04:00.747	0.83154				2
2024.10.30	03:04:02.288	0.83155	0.83156			6
2024.10.30	03:04:03.335	0.83153	0.83154			6
2024.10.30	03:04:04.348	0.83152				2
2024.10.30	03:04:05.081		0.83153			4
2024.10.30	03:04:09.776	0.83153	0.83154			6
2024.10.30	03:04:17.570		0.83155			4
2024.10.30	03:04:21.681	0.83154				2
2024.10.30	03:04:22.219	0.83153				2
2024.10.30	03:04:29.541	0.83152	0.83154			6
2024.10.30	03:04:30.385	0.83153				2
2024.10.30	03:04:31.161	0.83152				2
2024.10.30	03:04:31.679	0.83153				2
2024.10.30	03:04:32.870	0.83154	0.83155			6
2024.10.30	03:04:33.689	0.83153	0.83154			6
2024.10.30	03:04:34.119	0.83154	0.83155			6
2024.10.30	03:04:35.099	0.83153	0.83154			6
2024.10.30	03:04:35.598	0.83154	0.83155			6
2024.10.30	03:04:36.001	0.83153	0.83154			6
2024.10.30	03:04:37.659	0.83154	0.83155			6
2024.10.30	03:04:38.293	0.83153	0.83154			6
2024.10.30	03:04:38.769	0.83152				2
2024.10.30	03:04:39.081	0.83153				2
2024.10.30	03:04:40.267	0.83154	0.83155			6
2024.10.30	03:04:42.056	0.83155	0.83156			6
2024.10.30	03:04:45.816	0.83154	0.83155			6
2024.10.30	03:04:46.653	0.83155	0.83156			6
2024.10.30	03:04:46.981	0.83154	0.83155			6
2024.10.30	03:04:49.364	0.83152	0.83153			6
2024.10.30	03:04:49.881	0.83153	0.83154			6
2024.10.30	03:04:50.242	0.83154	0.83155			6
2024.10.30	03:04:53.240	0.83153	0.83154			6
2024.10.30	03:04:54.947	0.83152	0.83153			6
2024.10.30	03:04:55.315		0.83154			4
2024.10.30	03:04:55.692	0.83153				2
2024.10.30	03:04:58.277	0.83154	0.83155			6
2024.10.30	03:05:00.006	0.83153	0.83154			6
2024.10.30	03:05:00.641	0.83154	0.83155			6
2024.10.30	03:05:01.423	0.83153	0.83154			6
2024.10.30	03:05:03.628	0.83152				2
2024.10.30	03:05:04.482	0.83151	0.83152			6
2024.10.30	03:05:05.535	0.83152	0.83153			6
2024.10.30	03:05:09.708	0.83151	0.83152			6
2024.10.30	03:05:11.399	0.83152	0.83153			6
2024.10.30	03:05:11.761	0.83151	0.83152			6
2024.10.30	03:05:13.270	0.83150				2
2024.10.30	03:05:18.041	0.83151				2
2024.10.30	03:05:18.946	0.83150	0.83151			6
2024.10.30	03:05:19.604	0.83149				2
2024.10.30	03:05:20.252	0.83150	0.83152			6
2024.10.30	03:05:24.866	0.83151				2
2024.10.30	03:05:29.935	0.83150				2
2024.10.30	03:05:33.057	0.83151				2
2024.10.30	03:05:33.670	0.83150				2
2024.10.30	03:05:37.567	0.83151				2
2024.10.30	03:05:46.769	0.83150				2
2024.10.30	03:05:47.399		0.83151			4
2024.10.30	03:06:00.315	0.83150				2
2024.10.30	03:06:09.001	0.83148	0.83149			6
2024.10.30	03:06:31.353	0.83149	0.83150			6
2024.10.30	03:06:31.933	0.83150	0.83151			6
2024.10.30	03:06:54.453	0.83151	0.83152			6
2024.10.30	03:07:00.437	0.83151				2
2024.10.30	03:07:02.460	0.83153	0.83154			6
2024.10.30	03:07:02.797	0.83152	0.83153			6
2024.10.30	03:07:03.435	0.83153	0.83154			6
2024.10.30	03:07:06.569	0.83152	0.83153			6
2024.10.30	03:07:08.102	0.83153	0.83154			6
2024.10.30	03:07:09.221	0.83152	0.83153			6
2024.10.30	03:07:10.119	0.83153	0.83154			6
2024.10.30	03:07:16.377	0.83152	0.83153			6
2024.10.30	03:07:20.692	0.83153	0.83154			6
2024.10.30	03:07:21.382	0.83152	0.83153			6
2024.10.30	03:07:23.115	0.83153	0.83154			6
2024.10.30	03:07:25.180	0.83152	0.83153			6
2024.10.30	03:07:26.731	0.83153	0.83154			6
2024.10.30	03:07:28.790	0.83152	0.83153			6
2024.10.30	03:07:29.440	0.83153	0.83154			6
2024.10.30	03:07:30.315	0.83152	0.83153			6
2024.10.30	03:07:30.664	0.83153	0.83154			6
2024.10.30	03:07:31.106	0.83152	0.83153			6
2024.10.30	03:07:32.444	0.83153	0.83154			6
2024.10.30	03:07:36.155	0.83152	0.83153			6
2024.10.30	03:07:38.082	0.83153	0.83154			6
2024.10.30	03:07:43.537	0.83154	0.83155			6
2024.10.30	03:07:47.134	0.83153	0.83154			6
2024.10.30	03:07:51.395	0.83152				2
2024.10.30	03:08:01.556	0.83152				2
2024.10.30	03:08:23.469	0.83153	0.83156			6
2024.10.30	03:08:24.332		0.83155			4
2024.10.30	03:08:32.023	0.83152	0.83156			6
2024.10.30	03:08:32.686	0.83154				2
2024.10.30	03:08:33.002	0.83155	0.83157			6
2024.10.30	03:08:33.962	0.83156	0.83158			6
2024.10.30	03:08:36.021	0.83157				2
2024.10.30	03:08:46.015	0.83158	0.83159			6
2024.10.30	03:08:47.102	0.83157	0.83158			6
2024.10.30	03:08:47.542	0.83158	0.83159			6
2024.10.30	03:08:49.632	0.83159	0.83160			6
2024.10.30	03:08:54.399	0.83158	0.83159			6
2024.10.30	03:08:56.236	0.83159	0.83160			6
2024.10.30	03:08:57.423	0.83158				2
2024.10.30	03:09:01.045	0.83158				2
2024.10.30	03:09:01.690	0.83159				2
2024.10.30	03:09:04.903	0.83158				2
2024.10.30	03:09:05.355	0.83159				2
2024.10.30	03:09:11.874	0.83158				2
2024.10.30	03:09:12.201	0.83159				2
2024.10.30	03:09:14.469	0.83158				2
2024.10.30	03:09:15.654	0.83159				2
2024.10.30	03:09:16.741	0.83158				2
2024.10.30	03:09:17.375	0.83159				2
2024.10.30	03:09:20.807	0.83158	0.83159			6
2024.10.30	03:09:22.642	0.83159	0.83160			6
2024.10.30	03:09:23.168	0.83158	0.83159			6
2024.10.30	03:09:25.742	0.83159	0.83160			6
2024.10.30	03:09:26.506	0.83158	0.83159			6
2024.10.30	03:09:29.367	0.83157				2
2024.10.30	03:09:33.111	0.83156	0.83158			6
2024.10.30	03:09:34.466	0.83155				2
2024.10.30	03:09:34.982	0.83156				2
2024.10.30	03:09:36.429	0.83157				2
2024.10.30	03:09:36.791	0.83156				2
2024.10.30	03:09:38.666	0.83155	0.83157			6
2024.10.30	03:09:38.967	0.83154				2
2024.10.30	03:09:41.790		0.83156			4
2024.10.30	03:09:43.022	0.83155				2
2024.10.30	03:09:45.631	0.83154				2
2024.10.30	03:09:48.272	0.83156	0.83157			6
2024.10.30	03:09:50.441	0.83155	0.83156			6
2024.10.30	03:09:50.803	0.83156	0.83157			6
2024.10.30	03:09:51.181	0.83157	0.83158			6
2024.10.30	03:09:52.635	0.83156	0.83157			6
2024.10.30	03:09:56.823	0.83157	0.83158			6
2024.10.30	03:09:57.336	0.83156	0.83157			6
2024.10.30	03:09:57.996	0.83157	0.83158			6
2024.10.30	03:09:58.328	0.83154	0.83156			6
2024.10.30	03:09:58.736	0.83157	0.83158			6
2024.10.30	03:09:59.140	0.83155				2
2024.10.30	03:10:00.212	0.83157				2
2024.10.30	03:10:00.973	0.83158	0.83159			6
2024.10.30	03:10:01.292	0.83157				2
2024.10.30	03:10:01.922	0.83158				2
2024.10.30	03:10:02.531	0.83159	0.83160			6
2024.10.30	03:10:02.832	0.83158	0.83159			6
2024.10.30	03:10:03.703	0.83159	0.83160			6
2024.10.30	03:10:05.471	0.83157	0.83159			6
2024.10.30	03:10:07.605	0.83158				2
2024.10.30	03:10:08.898	0.83157				2
2024.10.30	03:10:09.225	0.83158	0.83160			6
2024.10.30	03:10:13.496	0.83159				2
2024.10.30	03:10:13.814	0.83158				2
2024.10.30	03:10:15.207	0.83159				2
2024.10.30	03:10:16.810	0.83158				2
2024.10.30	03:10:17.660	0.83159				2
2024.10.30	03:10:17.973	0.83158				2
2024.10.30	03:10:20.428		0.83159			4
2024.10.30	03:10:23.183	0.83159	0.83160			6
2024.10.30	03:10:26.588	0.83158	0.83159			6
2024.10.30	03:10:30.186	0.83159	0.83160			6
2024.10.30	03:10:47.730	0.83160	0.83161			6
2024.10.30	03:10:48.375	0.83159	0.83160			6
2024.10.30	03:10:51.466	0.83158				2
2024.10.30	03:10:52.055	0.83159				2
2024.10.30	03:10:52.443	0.83158				2
2024.10.30	03:10:54.372	0.83159				2
2024.10.30	03:10:56.142	0.83158				2
2024.10.30	03:11:00.001	0.83159				2
2024.10.30	03:11:01.362	0.83160	0.83162			6
2024.10.30	03:11:01.665		0.83161			4
2024.10.30	03:11:03.300	0.83159	0.83162			6
2024.10.30	03:11:03.601	0.83160				2
2024.10.30	03:11:04.777	0.83161				2
2024.10.30	03:11:06.446	0.83160				2
2024.10.30	03:11:06.936	0.83161				2
2024.10.30	03:11:07.264	0.83160				2
2024.10.30	03:11:07.994	0.83161				2
2024.10.30	03:11:08.506	0.83160				2
2024.10.30	03:11:09.009	0.83161				2
2024.10.30	03:11:09.557	0.83160				2
2024.10.30	03:11:09.932	0.83161				2
2024.10.30	03:11:11.291	0.83162	0.83163			6
2024.10.30	03:11:13.737	0.83163	0.83164			6
2024.10.30	03:11:14.267	0.83162	0.83163			6
2024.10.30	03:11:19.142	0.83163	0.83164			6
2024.10.30	03:11:19.471	0.83162	0.83163			6
2024.10.30	03:11:20.843	0.83161				2
2024.10.30	03:11:21.780	0.83162				2
2024.10.30	03:11:30.540	0.83163	0.83164			6
2024.10.30	03:11:32.921	0.83162	0.83163			6
2024.10.30	03:11:40.182	0.83161	0.83162			6
2024.10.30	03:11:41.407		0.83163			4
2024.10.30	03:11:42.452	0.83160				2
2024.10.30	03:11:42.934	0.83161				2
2024.10.30	03:11:45.835	0.83160				2
2024.10.30	03:11:46.272	0.83161				2
2024.10.30	03:11:47.534		0.83162			4
2024.10.30	03:11:54.435	0.83160				2
2024.10.30	03:11:54.832	0.83161				2
2024.10.30	03:11:55.197	0.83160				2
2024.10.30	03:11:58.982	0.83161				2
2024.10.30	03:11:59.304	0.83160				2
2024.10.30	03:11:59.994	0.83161				2
2024.10.30	03:12:00.362	0.83161				2
2024.10.30	03:12:01.117	0.83162	0.83163			6
2024.10.30	03:12:02.776	0.83161	0.83162			6
2024.10.30	03:12:06.638	0.83162	0.83163			6
2024.10.30	03:12:06.987	0.83161				2
2024.10.30	03:12:08.161	0.83162				2
2024.10.30	03:12:14.055	0.83161	0.83162			6
2024.10.30	03:12:14.743	0.83160	0.83163			6
2024.10.30	03:12:15.066	0.83162				2
2024.10.30	03:12:19.775	0.83161				2
2024.10.30	03:12:20.137	0.83162				2
2024.10.30	03:12:20.608	0.83161				2
2024.10.30	03:12:21.154	0.83162				2
2024.10.30	03:12:22.090	0.83161				2
2024.10.30	03:12:22.511	0.83162				2
2024.10.30	03:12:23.254	0.83161				2
2024.10.30	03:12:24.466	0.83162				2
2024.10.30	03:12:24.915	0.83161				2
2024.10.30	03:12:27.836	0.83162				2
2024.10.30	03:12:28.348	0.83161				2
2024.10.30	03:12:30.407		0.83162			4
2024.10.30	03:12:30.805	0.83160				2
2024.10.30	03:12:35.179	0.83161				2
2024.10.30	03:12:39.070	0.83160	0.83161			6
2024.10.30	03:12:40.679	0.83161	0.83162			6
2024.10.30	03:12:45.864	0.83160	0.83161			6
2024.10.30	03:12:47.321		0.83162			4
2024.10.30	03:12:51.392	0.83159	0.83160			6
2024.10.30	03:12:52.106	0.83160	0.83162			6
2024.10.30	03:12:54.227	0.83162	0.83163			6
2024.10.30	03:12:58.418	0.83163	0.83164			6
2024.10.30	03:12:58.815	0.83162	0.83163			6
2024.10.30	03:13:02.420	0.83162				2
2024.10.30	03:13:04.423	0.83163	0.83164			6
2024.10.30	03:13:06.103	0.83162	0.83163			6
2024.10.30	03:13:06.966	0.83161	0.83162			6
2024.10.30	03:13:08.753	0.83162	0.83163			6
2024.10.30	03:13:13.441	0.83161				2
2024.10.30	03:13:13.772	0.83162				2
2024.10.30	03:13:14.636	0.83161	0.83162			6
2024.10.30	03:13:20.247	0.83162	0.83163			6
2024.10.30	03:13:24.043	0.83161	0.83162			6
2024.10.30	03:13:24.949	0.83162	0.83163			6
2024.10.30	03:13:27.219	0.83161	0.83162			6
2024.10.30	03:13:31.378	0.83162	0.83163			6
2024.10.30	03:13:32.951	0.83163	0.83164			6
2024.10.30	03:13:46.489		0.83165			4
2024.10.30	03:13:49.154	0.83164				2
2024.10.30	03:13:49.529	0.83163				2
2024.10.30	03:13:50.525	0.83164				2
2024.10.30	03:13:58.343	0.83163				2
2024.10.30	03:13:59.556	0.83164				2
2024.10.30	03:14:00.307	0.83164				2
2024.10.30	03:14:00.652	0.83163				2
2024.10.30	03:14:03.916	0.83162				2
2024.10.30	03:14:12.727	0.83163				2
2024.10.30	03:14:13.826	0.83162				2
2024.10.30	03:14:14.405		0.83164			4
2024.10.30	03:14:14.726	0.83164	0.83165			6
2024.10.30	03:14:15.416	0.83163				2
2024.10.30	03:14:15.723	0.83164	0.83166			6
2024.10.30	03:14:21.083	0.83165				2
2024.10.30	03:14:24.348	0.83166	0.83167			6
2024.10.30	03:14:32.444	0.83165				2
2024.10.30	03:14:33.975	0.83166				2
2024.10.30	03:14:34.477	0.83165				2
2024.10.30	03:14:34.977	0.83166				2
2024.10.30	03:14:35.366	0.83165				2
2024.10.30	03:14:35.982	0.83166				2
2024.10.30	03:14:36.496	0.83165				2
2024.10.30	03:14:37.019	0.83166				2
2024.10.30	03:14:37.518	0.83165				2
2024.10.30	03:14:38.018	0.83166				2
2024.10.30	03:14:38.519	0.83165				2
2024.10.30	03:14:39.002	0.83166				2
2024.10.30	03:14:39.836	0.83165				2
2024.10.30	03:14:45.653	0.83166				2
2024.10.30	03:14:50.964	0.83167	0.83168			6
2024.10.30	03:14:51.303	0.83166	0.83167			6
2024.10.30	03:14:51.753	0.83167	0.83168			6
2024.10.30	03:14:53.695	0.83166	0.83167			6
2024.10.30	03:14:57.682	0.83167	0.83168			6
2024.10.30	03:14:58.334	0.83166	0.83167			6
2024.10.30	03:15:00.202	0.83167	0.83168			6
2024.10.30	03:15:00.503	0.83166	0.83167			6
2024.10.30	03:15:01.379	0.83168	0.83169			6
2024.10.30	03:15:01.702	0.83167	0.83168			6
2024.10.30	03:15:06.004	0.83166	0.83167			6
2024.10.30	03:15:06.855	0.83167	0.83168			6
2024.10.30	03:15:07.214	0.83166				2
2024.10.30	03:15:07.637		0.83167			4
2024.10.30	03:15:08.881		0.83168			4
2024.10.30	03:15:09.542	0.83167				2
2024.10.30	03:15:11.165	0.83165	0.83167			6
2024.10.30	03:15:12.487	0.83166				2
2024.10.30	03:15:16.957	0.83165				2
2024.10.30	03:15:21.789	0.83167	0.83168			6
2024.10.30	03:15:22.107	0.83166	0.83167			6
2024.10.30	03:15:30.007		0.83169			4
2024.10.30	03:15:32.566		0.83170			4
2024.10.30	03:15:33.319		0.83169			4
2024.10.30	03:15:33.629		0.83170			4
2024.10.30	03:15:36.114		0.83169			4
2024.10.30	03:15:38.398		0.83168			4
2024.10.30	03:15:38.767		0.83169			4
2024.10.30	03:15:46.015		0.83170			4
2024.10.30	03:15:46.571		0.83169			4
2024.10.30	03:15:51.148	0.83165				2
2024.10.30	03:15:52.798	0.83166				2
2024.10.30	03:15:53.873	0.83167				2
2024.10.30	03:15:54.376	0.83166	0.83170			6
2024.10.30	03:15:55.664	0.83167				2
2024.10.30	03:15:59.628	0.83166				2
2024.10.30	03:16:00.723	0.83167				2
2024.10.30	03:16:03.044		0.83171			4
2024.10.30	03:16:06.118	0.83166				2
2024.10.30	03:16:08.227	0.83167				2
2024.10.30	03:16:11.602	0.83168				2
2024.10.30	03:16:14.809	0.83166				2
2024.10.30	03:16:15.397	0.83167				2
2024.10.30	03:16:16.481	0.83166	0.83170			6
2024.10.30	03:16:19.827		0.83171			4
2024.10.30	03:16:21.315	0.83167				2
2024.10.30	03:16:29.783	0.83168				2
2024.10.30	03:16:30.110	0.83167				2
2024.10.30	03:16:36.385	0.83166				2
2024.10.30	03:16:36.699	0.83167				2
2024.10.30	03:16:37.058	0.83168				2
2024.10.30	03:16:39.030	0.83167				2
2024.10.30	03:16:39.346	0.83168				2
2024.10.30	03:16:41.261	0.83167	0.83170			6
2024.10.30	03:16:41.566	0.83168				2
2024.10.30	03:16:41.885		0.83171			4
2024.10.30	03:16:42.331	0.83167				2
2024.10.30	03:16:45.998	0.83168				2
2024.10.30	03:16:46.559	0.83167				2
2024.10.30	03:16:47.373	0.83168				2
2024.10.30	03:16:48.682	0.83167				2
2024.10.30	03:16:48.983	0.83168				2
2024.10.30	03:16:49.681	0.83167				2
2024.10.30	03:16:50.669	0.83168				2
2024.10.30	03:16:55.001		0.83169			4
2024.10.30	03:16:55.782		0.83171			4
2024.10.30	03:16:56.116		0.83169			4
2024.10.30	03:16:57.504		0.83171			4
2024.10.30	03:17:00.975	0.83168				2
2024.10.30	03:17:01.583	0.83167				2
2024.10.30	03:17:04.280	0.83168				2
2024.10.30	03:17:04.941	0.83167				2
2024.10.30	03:17:09.492	0.83166				2
2024.10.30	03:17:10.021	0.83167				2
2024.10.30	03:17:21.162	0.83166				2
2024.10.30	03:17:21.522	0.83167				2
2024.10.30	03:17:22.557	0.83166	0.83169			6
2024.10.30	03:17:22.862	0.83164	0.83168			6
2024.10.30	03:17:23.175		0.83167			4
2024.10.30	03:17:26.675		0.83166			4
2024.10.30	03:17:28.075		0.83167			4
2024.10.30	03:17:32.736		0.83166			4
2024.10.30	03:17:36.587	0.83165	0.83167			6
2024.10.30	03:17:37.662		0.83166			4
2024.10.30	03:17:39.193		0.83167			4
2024.10.30	03:17:39.501		0.83166			4
2024.10.30	03:17:42.966		0.83167			4
2024.10.30	03:17:44.900	0.83166				2
2024.10.30	03:17:47.024	0.83167	0.83168			6
2024.10.30	03:17:47.370	0.83166	0.83167			6
2024.10.30	03:17:52.006	0.83165				2
2024.10.30	03:17:52.310	0.83166				2
2024.10.30	03:17:54.509		0.83168			4
2024.10.30	03:17:54.956	0.83167	0.83170			6
2024.10.30	03:17:55.755	0.83168				2
2024.10.30	03:18:00.490	0.83167				2
2024.10.30	03:18:01.090	0.83168				2
2024.10.30	03:18:02.118	0.83167				2
2024.10.30	03:18:14.029	0.83166				2
2024.10.30	03:18:14.589	0.83167				2
2024.10.30	03:18:14.924	0.83164	0.83168			6
2024.10.30	03:18:15.233	0.83165				2
2024.10.30	03:18:15.625	0.83164	0.83167			6
2024.10.30	03:18:16.308	0.83163				2
2024.10.30	03:18:18.227	0.83162	0.83166			6
2024.10.30	03:18:24.342	0.83163				2
2024.10.30	03:18:32.485		0.83164			4
2024.10.30	03:18:36.471	0.83162	0.83163			6
2024.10.30	03:18:38.591	0.83163	0.83164			6
2024.10.30	03:18:55.413	0.83164	0.83165			6
2024.10.30	03:18:55.722	0.83165	0.83166			6
2024.10.30	03:19:01.265	0.83165				2
2024.10.30	03:19:01.569	0.83164	0.83165			6
2024.10.30	03:19:06.019	0.83165	0.83166			6
2024.10.30	03:19:07.571	0.83164	0.83165			6
2024.10.30	03:19:10.715	0.83163	0.83164			6
2024.10.30	03:19:13.393	0.83164	0.83165			6
2024.10.30	03:19:15.211	0.83165	0.83166			6
2024.10.30	03:19:18.417	0.83164	0.83165			6
2024.10.30	03:19:23.606	0.83163	0.83164			6
2024.10.30	03:19:25.251	0.83165	0.83166			6
2024.10.30	03:19:37.574	0.83164	0.83165			6
2024.10.30	03:19:38.665	0.83165	0.83166			6
2024.10.30	03:19:48.546	0.83164	0.83165			6
2024.10.30	03:19:50.613	0.83163	0.83164			6
2024.10.30	03:19:52.348	0.83164	0.83165			6
2024.10.30	03:19:52.888	0.83163	0.83164			6
2024.10.30	03:19:54.698	0.83162	0.83163			6
2024.10.30	03:19:55.002	0.83163	0.83164			6
2024.10.30	03:19:55.359	0.83164	0.83165			6
2024.10.30	03:20:00.377	0.83164				2
2024.10.30	03:20:02.487	0.83165	0.83166			6
2024.10.30	03:20:10.786	0.83166	0.83167			6
2024.10.30	03:20:14.889	0.83167	0.83168			6
2024.10.30	03:20:16.038	0.83166	0.83167			6
2024.10.30	03:20:20.061	0.83167	0.83168			6
2024.10.30	03:20:22.462	0.83166	0.83167			6
2024.10.30	03:20:34.237	0.83167	0.83168			6
2024.10.30	03:20:37.065	0.83166	0.83167			6
2024.10.30	03:20:38.049	0.83167	0.83168			6
2024.10.30	03:20:38.673	0.83166	0.83167			6
2024.10.30	03:20:41.145	0.83167	0.83168			6
2024.10.30	03:20:41.569	0.83166	0.83167			6
2024.10.30	03:20:42.064	0.83167	0.83168			6
2024.10.30	03:20:42.487	0.83166	0.83167			6
2024.10.30	03:20:42.882	0.83167	0.83168			6
2024.10.30	03:20:47.207	0.83166	0.83167			6
2024.10.30	03:20:48.977	0.83167	0.83168			6
2024.10.30	03:20:50.784	0.83168	0.83169			6
2024.10.30	03:20:51.582	0.83170	0.83171			6
2024.10.30	03:20:52.341	0.83169	0.83170			6
2024.10.30	03:20:56.211	0.83168	0.83169			6
2024.10.30	03:20:56.734	0.83169	0.83170			6
2024.10.30	03:21:00.522	0.83169				2
2024.10.30	03:21:03.079	0.83168	0.83169			6
2024.10.30	03:21:04.354	0.83169	0.83170			6
2024.10.30	03:21:05.786	0.83168	0.83169			6
2024.10.30	03:21:06.378	0.83169	0.83170			6
2024.10.30	03:21:08.119	0.83168	0.83169			6
2024.10.30	03:21:10.317	0.83169	0.83170			6
2024.10.30	03:21:13.618	0.83168	0.83169			6
2024.10.30	03:21:29.486	0.83169	0.83170			6
2024.10.30	03:21:31.282	0.83167	0.83168			6
2024.10.30	03:21:40.666	0.83168	0.83169			6
2024.10.30	03:21:44.100	0.83167	0.83168			6
2024.10.30	03:21:49.079	0.83169	0.83170			6
2024.10.30	03:21:51.262	0.83168	0.83169			6
2024.10.30	03:21:54.124	0.83167	0.83168			6
2024.10.30	03:21:54.462	0.83168	0.83169			6
2024.10.30	03:21:54.791	0.83167	0.83168			6
2024.10.30	03:21:55.409	0.83168	0.83169			6
2024.10.30	03:21:55.723	0.83167	0.83168			6
2024.10.30	03:21:56.032	0.83168	0.83169			6
2024.10.30	03:22:00.102	0.83168				2
2024.10.30	03:22:07.020	0.83167	0.83168			6
2024.10.30	03:22:35.265	0.83169	0.83170			6
2024.10.30	03:22:53.587	0.83170	0.83171			6
2024.10.30	03:22:54.154	0.83171	0.83172			6
2024.10.30	03:23:00.633	0.83171				2
2024.10.30	03:23:06.979	0.83170	0.83171			6
2024.10.30	03:23:08.468	0.83169	0.83170			6
2024.10.30	03:23:08.831	0.83170	0.83171			6
2024.10.30	03:23:10.690	0.83171	0.83172			6
2024.10.30	03:23:11.181	0.83169	0.83170			6
2024.10.30	03:23:11.765	0.83170	0.83171			6
2024.10.30	03:23:17.522	0.83171	0.83172			6
2024.10.30	03:23:19.184	0.83170	0.83171			6
2024.10.30	03:23:22.267	0.83169	0.83170			6
2024.10.30	03:23:22.608	0.83168	0.83169			6
2024.10.30	03:23:28.564	0.83169	0.83170			6
2024.10.30	03:23:28.866	0.83168	0.83169			6
2024.10.30	03:23:30.472	0.83169	0.83170			6
2024.10.30	03:23:31.813	0.83168	0.83169			6
2024.10.30	03:23:37.731	0.83169	0.83170			6
2024.10.30	03:23:38.042	0.83168	0.83169			6
2024.10.30	03:23:42.989	0.83167	0.83168			6
2024.10.30	03:23:52.356	0.83168	0.83169			6
2024.10.30	03:24:01.429	0.83168				2
2024.10.30	03:24:01.947	0.83167	0.83168			6
2024.10.30	03:24:02.255	0.83168	0.83169			6
2024.10.30	03:24:14.006	0.83169	0.83170			6
2024.10.30	03:24:15.475	0.83168	0.83169			6
2024.10.30	03:24:15.931	0.83169	0.83170			6
2024.10.30	03:24:19.098	0.83170	0.83171			6
2024.10.30	03:24:19.426	0.83169	0.83170			6
2024.10.30	03:24:24.750	0.83168	0.83169			6
2024.10.30	03:24:26.381	0.83169	0.83170			6
2024.10.30	03:24:27.262	0.83168	0.83169			6
2024.10.30	03:24:28.606	0.83169	0.83170			6
2024.10.30	03:24:42.032	0.83171	0.83172			6
2024.10.30	03:24:44.310	0.83170	0.83171			6
2024.10.30	03:24:45.266	0.83171	0.83172			6
2024.10.30	03:24:50.977	0.83170	0.83171			6
2024.10.30	03:24:52.411	0.83171	0.83172			6
2024.10.30	03:24:54.477	0.83172	0.83173			6
2024.10.30	03:25:00.284	0.83172				2
2024.10.30	03:25:11.930	0.83171	0.83172			6
2024.10.30	03:25:14.445	0.83172	0.83173			6
2024.10.30	03:25:22.326	0.83171	0.83172			6
2024.10.30	03:25:30.301	0.83170	0.83171			6
2024.10.30	03:25:30.623	0.83171	0.83172			6
2024.10.30	03:25:38.066	0.83170	0.83171			6
2024.10.30	03:25:41.182	0.83171	0.83172			6
2024.10.30	03:25:59.841	0.83170	0.83171			6
2024.10.30	03:26:00.390	0.83169	0.83170			6
2024.10.30	03:26:00.696	0.83170	0.83171			6
2024.10.30	03:26:14.435	0.83171	0.83172			6
2024.10.30	03:26:14.758	0.83170	0.83171			6
2024.10.30	03:26:25.764	0.83169	0.83170			6
2024.10.30	03:26:52.897	0.83168	0.83169			6
2024.10.30	03:26:54.410	0.83167	0.83168			6
2024.10.30	03:27:00.333	0.83167				2
2024.10.30	03:27:01.829	0.83168	0.83169			6
2024.10.30	03:27:02.170	0.83167	0.83168			6
2024.10.30	03:27:02.525	0.83168	0.83169			6
2024.10.30	03:27:04.347	0.83169	0.83170			6
2024.10.30	03:27:16.152	0.83168	0.83169			6
2024.10.30	03:27:16.521	0.83169	0.83170			6
2024.10.30	03:27:21.195	0.83168	0.83169			6
2024.10.30	03:27:24.245	0.83169	0.83170			6
2024.10.30	03:27:49.752	0.83168	0.83169			6
2024.10.30	03:27:56.401	0.83169	0.83170			6
2024.10.30	03:28:00.378	0.83167	0.83168			6
2024.10.30	03:28:07.918	0.83173	0.83174			6
2024.10.30	03:28:08.224	0.83170	0.83172			6
2024.10.30	03:28:16.355	0.83171				2
2024.10.30	03:28:25.308	0.83172	0.83173			6
2024.10.30	03:28:25.982	0.83171	0.83172			6
2024.10.30	03:28:37.930	0.83170	0.83171			6
2024.10.30	03:28:49.379	0.83171	0.83172			6
2024.10.30	03:28:50.066	0.83170	0.83171			6
2024.10.30	03:28:51.074	0.83171	0.83172			6
2024.10.30	03:28:52.597	0.83170	0.83171			6
2024.10.30	03:28:55.709	0.83171	0.83172			6
2024.10.30	03:28:56.812	0.83170	0.83171			6
2024.10.30	03:28:57.369	0.83169	0.83170			6
2024.10.30	03:28:57.671	0.83170	0.83171			6
2024.10.30	03:28:58.663	0.83169	0.83170			6
2024.10.30	03:29:00.379	0.83169				2
2024.10.30	03:29:06.669	0.83170	0.83171			6
2024.10.30	03:29:07.230	0.83169	0.83170			6
2024.10.30	03:29:08.441	0.83171	0.83172			6
2024.10.30	03:29:09.761		0.83173			4
2024.10.30	03:29:10.354	0.83170				2
2024.10.30	03:29:11.461		0.83172			4
2024.10.30	03:29:12.432	0.83171				2
2024.10.30	03:29:12.792	0.83170	0.83171			6
2024.10.30	03:29:30.372	0.83169	0.83170			6
2024.10.30	03:29:31.332	0.83170	0.83171			6
2024.10.30	03:29:35.738	0.83171	0.83172			6
2024.10.30	03:29:41.280	0.83170	0.83171			6
2024.10.30	03:29:41.682	0.83171	0.83172			6
2024.10.30	03:29:45.121	0.83170	0.83171			6
2024.10.30	03:29:46.254	0.83166	0.83167			6
2024.10.30	03:29:46.563	0.83168	0.83169			6
2024.10.30	03:29:46.939	0.83167	0.83168			6
2024.10.30	03:29:47.984	0.83169	0.83170			6
2024.10.30	03:29:48.365	0.83168	0.83169			6
2024.10.30	03:29:51.491	0.83165	0.83167			6
2024.10.30	03:29:52.061		0.83166			4
2024.10.30	03:29:55.407		0.83167			4
2024.10.30	03:29:58.486	0.83167	0.83168			6
2024.10.30	03:30:00.025	0.83167				2
2024.10.30	03:30:00.379	0.83166	0.83167			6
2024.10.30	03:30:00.990		0.83169			4
2024.10.30	03:30:01.303		0.83167			4
2024.10.30	03:30:01.638	0.83165	0.83166			6
2024.10.30	03:30:01.945	0.83166	0.83167			6
2024.10.30	03:30:02.250	0.83162	0.83164			6
2024.10.30	03:30:02.618		0.83163			4
2024.10.30	03:30:03.242	0.83163	0.83164			6
2024.10.30	03:30:04.929	0.83162	0.83163			6
2024.10.30	03:30:05.264	0.83163	0.83164			6
2024.10.30	03:30:05.694	0.83165	0.83166			6
2024.10.30	03:30:06.035	0.83164	0.83165			6
2024.10.30	03:30:08.204	0.83163				2
2024.10.30	03:30:09.017	0.83164				2
2024.10.30	03:30:09.506		0.83169			4
2024.10.30	03:30:09.807		0.83166			4
2024.10.30	03:30:10.147	0.83165	0.83169			6
2024.10.30	03:30:10.468	0.83164	0.83166			6
2024.10.30	03:30:10.785	0.83163	0.83165			6
2024.10.30	03:30:11.105	0.83165	0.83167			6
2024.10.30	03:30:11.440		0.83166			4
2024.10.30	03:30:12.048	0.83166	0.83167			6
2024.10.30	03:30:12.368	0.83165	0.83166			6
2024.10.30	03:30:12.679	0.83166	0.83167			6
2024.10.30	03:30:12.986	0.83168	0.83171			6
2024.10.30	03:30:13.290		0.83169			4
2024.10.30	03:30:13.932	0.83167				2
2024.10.30	03:30:14.662	0.83170	0.83171			6
2024.10.30	03:30:14.966	0.83169	0.83170			6
2024.10.30	03:30:15.322		0.83171			4
2024.10.30	03:30:15.624		0.83170			4
2024.10.30	03:30:20.332	0.83168	0.83169			6
2024.10.30	03:30:20.673	0.83170	0.83174			6
2024.10.30	03:30:21.009		0.83171			4
2024.10.30	03:30:23.766	0.83169				2
2024.10.30	03:30:24.074	0.83170				2
2024.10.30	03:30:24.735		0.83173			4
2024.10.30	03:30:25.043	0.83171	0.83172			6
2024.10.30	03:30:25.469	0.83172	0.83173			6
2024.10.30	03:30:25.771		0.83176			4
2024.10.30	03:30:26.282		0.83175			4
2024.10.30	03:30:26.726	0.83173	0.83174			6
2024.10.30	03:30:27.724	0.83172	0.83173			6
2024.10.30	03:30:31.687	0.83171	0.83172			6
2024.10.30	03:30:32.657	0.83168	0.83171			6
2024.10.30	03:30:33.381	0.83169	0.83170			6
2024.10.30	03:30:35.021		0.83171			4
2024.10.30	03:30:36.083	0.83168	0.83169			6
2024.10.30	03:30:36.716	0.83167	0.83168			6
2024.10.30	03:30:39.741	0.83168	0.83169			6
2024.10.30	03:30:43.815	0.83167	0.83168			6
2024.10.30	03:30:44.464	0.83169	0.83170			6
