<DATE>	<TIME>	<BID>	<ASK>	<LAST>	<VOLUME>	<FLAGS>
2024.09.02	00:00:31.288	0.84082	0.84293			6
2024.09.02	00:01:21.323	0.84082				2
2024.09.02	00:01:41.603		0.84293			4
2024.09.02	00:02:01.569	0.84082				2
2024.09.02	00:02:06.894		0.84284			4
2024.09.02	00:03:20.903	0.84082	0.84284			6
2024.09.02	00:03:23.196		0.84257			4
2024.09.02	00:03:31.347		0.84219			4
2024.09.02	00:04:03.714	0.84082				2
2024.09.02	00:04:28.170		0.84227			4
2024.09.02	00:04:56.357		0.84219			4
2024.09.02	00:05:02.861	0.84082	0.84223			6
2024.09.02	00:05:03.690		0.84222			4
2024.09.02	00:05:04.010		0.84219			4
2024.09.02	00:05:17.502		0.84206			4
2024.09.02	00:06:00.698	0.84082	0.84212			6
2024.09.02	00:06:01.550	0.84037	0.84210			6
2024.09.02	00:06:02.805		0.84200			4
2024.09.02	00:06:35.017		0.84202			4
2024.09.02	00:07:01.767	0.84037				2
2024.09.02	00:07:40.890		0.84202			4
2024.09.02	00:08:01.302	0.84037				2
2024.09.02	00:08:40.893		0.84202			4
2024.09.02	00:08:44.073	0.84041				2
2024.09.02	00:09:09.772	0.84041				2
2024.09.02	00:09:30.343	0.84067	0.84190			6
2024.09.02	00:09:34.666	0.84041	0.84202			6
2024.09.02	00:10:00.422	0.84090	0.84198			6
2024.09.02	00:10:01.001	0.84094				2
2024.09.02	00:10:01.473	0.84102				2
2024.09.02	00:10:07.593		0.84197			4
2024.09.02	00:10:16.533	0.84103				2
2024.09.02	00:10:24.025		0.84196			4
2024.09.02	00:10:34.810	0.84104				2
2024.09.02	00:10:40.899		0.84195			4
2024.09.02	00:10:54.997	0.84105				2
2024.09.02	00:11:00.018	0.84105				2
2024.09.02	00:11:01.527		0.84194			4
2024.09.02	00:11:17.196		0.84195			4
2024.09.02	00:11:22.203	0.84104				2
2024.09.02	00:11:28.216	0.84096	0.84197			6
2024.09.02	00:11:35.362	0.84095				2
2024.09.02	00:11:42.570	0.84099	0.84199			6
2024.09.02	00:12:00.904	0.84099	0.84198			6
2024.09.02	00:12:18.836	0.84083				2
2024.09.02	00:12:28.253		0.84190			4
2024.09.02	00:12:41.217		0.84192			4
2024.09.02	00:12:53.931	0.84089				2
2024.09.02	00:12:56.915		0.84191			4
2024.09.02	00:12:57.697		0.84192			4
2024.09.02	00:13:00.890	0.84089				2
2024.09.02	00:13:22.978	0.84106	0.84217			6
2024.09.02	00:13:30.320		0.84210			4
2024.09.02	00:13:40.510		0.84217			4
2024.09.02	00:14:00.308	0.84106				2
2024.09.02	00:14:00.698		0.84224			4
2024.09.02	00:14:01.683	0.84082	0.84206			6
2024.09.02	00:14:07.565	0.84110	0.84214			6
2024.09.02	00:14:09.604	0.84111				2
2024.09.02	00:14:13.205		0.84213			4
2024.09.02	00:14:19.504	0.84112				2
2024.09.02	00:14:22.507		0.84212			4
2024.09.02	00:14:29.406	0.84113				2
2024.09.02	00:14:32.721		0.84211			4
2024.09.02	00:14:40.204	0.84114				2
2024.09.02	00:14:44.114		0.84210			4
2024.09.02	00:14:51.907	0.84115				2
2024.09.02	00:14:54.605		0.84209			4
2024.09.02	00:15:00.491	0.84115				2
2024.09.02	00:15:04.506	0.84116				2
2024.09.02	00:15:07.513		0.84208			4
2024.09.02	00:15:18.004	0.84117				2
2024.09.02	00:15:24.072		0.84207			4
2024.09.02	00:15:36.605	0.84118				2
2024.09.02	00:15:43.503		0.84206			4
2024.09.02	00:15:54.906	0.84119				2
2024.09.02	00:16:00.004	0.84119				2
2024.09.02	00:16:01.505		0.84205			4
2024.09.02	00:16:16.295	0.84122	0.84207			6
2024.09.02	00:16:36.293	0.84123				2
2024.09.02	00:16:49.510		0.84206			4
2024.09.02	00:17:00.895	0.84123				2
2024.09.02	00:17:09.005	0.84122	0.84207			6
2024.09.02	00:17:21.607	0.84123				2
2024.09.02	00:17:26.717		0.84206			4
2024.09.02	00:18:00.606	0.84123				2
2024.09.02	00:18:27.310		0.84206			4
2024.09.02	00:18:44.713	0.84124				2
2024.09.02	00:19:01.725	0.84124	0.84205			6
2024.09.02	00:19:20.708	0.84125				2
2024.09.02	00:19:33.772		0.84204			4
2024.09.02	00:19:42.939	0.84124	0.84203			6
2024.09.02	00:20:01.203	0.84124				2
2024.09.02	00:20:32.112	0.84125				2
2024.09.02	00:20:44.705		0.84202			4
2024.09.02	00:21:02.704	0.84125				2
2024.09.02	00:21:44.712		0.84202			4
2024.09.02	00:22:02.403	0.84125				2
2024.09.02	00:22:19.813	0.84126				2
2024.09.02	00:22:34.803		0.84201			4
2024.09.02	00:23:01.292	0.84126				2
2024.09.02	00:23:37.807		0.84201			4
2024.09.02	00:24:00.009	0.84126				2
2024.09.02	00:24:19.898	0.84118	0.84192			6
2024.09.02	00:24:24.007	0.84112	0.84191			6
2024.09.02	00:24:26.107	0.84113				2
2024.09.02	00:24:30.200		0.84190			4
2024.09.02	00:24:38.405	0.84114				2
2024.09.02	00:25:01.204	0.84114				2
2024.09.02	00:25:08.371		0.84189			4
2024.09.02	00:25:13.488		0.84190			4
2024.09.02	00:25:15.308		0.84189			4
2024.09.02	00:25:29.668	0.84115	0.84188			6
2024.09.02	00:25:31.205		0.84189			4
2024.09.02	00:25:48.851	0.84116	0.84188			6
2024.09.02	00:25:49.907	0.84115	0.84189			6
2024.09.02	00:26:00.305	0.84115				2
2024.09.02	00:26:09.933		0.84188			4
2024.09.02	00:26:12.879	0.84119	0.84195			6
2024.09.02	00:26:14.111		0.84194			4
2024.09.02	00:26:16.816		0.84195			4
2024.09.02	00:26:21.908	0.84123				2
2024.09.02	00:26:44.408		0.84194			4
2024.09.02	00:27:01.066	0.84125	0.84193			6
2024.09.02	00:27:02.133	0.84123	0.84194			6
2024.09.02	00:27:06.309	0.84124				2
2024.09.02	00:27:33.067	0.84132	0.84197			6
2024.09.02	00:27:59.407	0.84133				2
2024.09.02	00:28:02.709	0.84133				2
2024.09.02	00:28:07.806		0.84196			4
2024.09.02	00:28:21.880	0.84132	0.84197			6
2024.09.02	00:28:24.604		0.84198			4
2024.09.02	00:28:26.409		0.84197			4
2024.09.02	00:28:28.538	0.84134	0.84195			6
2024.09.02	00:28:29.566	0.84132	0.84197			6
2024.09.02	00:28:50.640	0.84130	0.84190			6
2024.09.02	00:29:01.810	0.84130				2
2024.09.02	00:29:18.606	0.84129	0.84191			6
2024.09.02	00:30:00.376	0.84129				2
2024.09.02	00:30:19.512		0.84191			4
2024.09.02	00:30:25.279	0.84113	0.84185			6
2024.09.02	00:30:25.586		0.84184			4
2024.09.02	00:30:32.484	0.84108				2
2024.09.02	00:30:35.326	0.84113	0.84185			6
2024.09.02	00:30:40.388		0.84187			4
2024.09.02	00:30:47.404	0.84114				2
2024.09.02	00:30:50.708		0.84186			4
2024.09.02	00:30:51.541	0.84118	0.84187			6
2024.09.02	00:30:51.908		0.84186			4
2024.09.02	00:30:54.019		0.84187			4
2024.09.02	00:30:57.673		0.84186			4
2024.09.02	00:30:59.111		0.84187			4
2024.09.02	00:31:00.954	0.84118				2
2024.09.02	00:31:01.526		0.84188			4
2024.09.02	00:31:10.918		0.84187			4
2024.09.02	00:31:26.163	0.84111				2
2024.09.02	00:31:31.378		0.84186			4
2024.09.02	00:31:32.481	0.84106				2
2024.09.02	00:31:35.300	0.84119	0.84185			6
2024.09.02	00:31:59.231	0.84107				2
2024.09.02	00:32:00.127	0.84119				2
2024.09.02	00:32:05.405		0.84184			4
2024.09.02	00:32:09.605		0.84185			4
2024.09.02	00:32:15.309		0.84184			4
2024.09.02	00:32:21.909		0.84185			4
2024.09.02	00:32:24.609		0.84184			4
2024.09.02	00:33:05.409	0.84119				2
2024.09.02	00:33:15.691	0.84120	0.84185			6
2024.09.02	00:33:28.503		0.84184			4
2024.09.02	00:33:34.204		0.84183			4
2024.09.02	00:33:54.373	0.84109				2
2024.09.02	00:33:55.290	0.84119				2
2024.09.02	00:34:04.204	0.84119				2
2024.09.02	00:34:20.332	0.84118				2
2024.09.02	00:34:29.105		0.84182			4
2024.09.02	00:34:33.006		0.84183			4
2024.09.02	00:34:54.611		0.84182			4
2024.09.02	00:35:00.595	0.84118				2
2024.09.02	00:35:05.105	0.84119				2
2024.09.02	00:35:05.707		0.84183			4
2024.09.02	00:35:10.806		0.84182			4
2024.09.02	00:35:30.399	0.84118				2
2024.09.02	00:35:37.804	0.84109				2
2024.09.02	00:35:38.407	0.84105				2
2024.09.02	00:35:59.104		0.84181			4
2024.09.02	00:36:00.304	0.84105				2
2024.09.02	00:36:05.028	0.84118				2
2024.09.02	00:36:07.204		0.84182			4
2024.09.02	00:36:37.897	0.84107				2
2024.09.02	00:36:38.406		0.84181			4
2024.09.02	00:36:40.447	0.84109				2
2024.09.02	00:36:55.923	0.84120				2
2024.09.02	00:37:00.009	0.84120				2
2024.09.02	00:37:37.208		0.84180			4
2024.09.02	00:37:40.198	0.84123	0.84182			6
2024.09.02	00:38:00.303	0.84123				2
2024.09.02	00:38:24.627		0.84181			4
2024.09.02	00:38:31.629	0.84109				2
2024.09.02	00:38:40.241	0.84122				2
2024.09.02	00:38:42.233	0.84125				2
2024.09.02	00:38:45.304	0.84129	0.84182			6
2024.09.02	00:39:03.315	0.84129				2
2024.09.02	00:39:25.808		0.84181			4
2024.09.02	00:40:03.005	0.84129				2
2024.09.02	00:40:31.204		0.84181			4
2024.09.02	00:41:00.889	0.84129				2
2024.09.02	00:41:31.804		0.84181			4
2024.09.02	00:41:48.312	0.84130				2
2024.09.02	00:42:02.227	0.84129				2
2024.09.02	00:42:14.107	0.84130				2
2024.09.02	00:42:32.976	0.84128	0.84182			6
2024.09.02	00:42:34.803	0.84129				2
2024.09.02	00:42:43.434	0.84128				2
2024.09.02	00:42:48.922	0.84122				2
2024.09.02	00:42:49.536	0.84109				2
2024.09.02	00:42:49.885	0.84107				2
2024.09.02	00:43:00.890	0.84107				2
2024.09.02	00:43:25.925	0.84112	0.84181			6
2024.09.02	00:43:40.835	0.84122				2
2024.09.02	00:43:43.435	0.84109				2
2024.09.02	00:44:04.206	0.84109				2
2024.09.02	00:44:19.872	0.84120				2
2024.09.02	00:44:22.513		0.84180			4
2024.09.02	00:44:31.829	0.84111				2
2024.09.02	00:45:00.430	0.84109	0.84181			6
2024.09.02	00:45:01.333		0.84182			4
2024.09.02	00:45:01.776	0.84126	0.84194			6
2024.09.02	00:45:02.560	0.84127	0.84195			6
2024.09.02	00:45:03.225	0.84109	0.84182			6
2024.09.02	00:45:06.441	0.84121	0.84170			6
2024.09.02	00:45:20.400	0.84133				2
2024.09.02	00:45:31.630	0.84119				2
2024.09.02	00:46:05.404	0.84119				2
2024.09.02	00:46:07.504		0.84170			4
2024.09.02	00:47:00.186	0.84119				2
2024.09.02	00:47:01.786	0.84139	0.84183			6
2024.09.02	00:47:02.648	0.84149	0.84173			6
2024.09.02	00:47:03.211	0.84119	0.84170			6
2024.09.02	00:47:32.080	0.84107				2
2024.09.02	00:47:46.639	0.84121	0.84169			6
2024.09.02	00:47:49.290	0.84122	0.84167			6
2024.09.02	00:47:49.633		0.84166			4
2024.09.02	00:47:53.011	0.84120				2
2024.09.02	00:47:59.501	0.84131	0.84165			6
2024.09.02	00:48:00.608	0.84131				2
2024.09.02	00:48:21.926		0.84166			4
2024.09.02	00:48:32.620	0.84125	0.84168			6
2024.09.02	00:49:03.004	0.84125				2
2024.09.02	00:49:14.537		0.84167			4
2024.09.02	00:49:16.028		0.84168			4
2024.09.02	00:49:19.811		0.84169			4
2024.09.02	00:49:21.565	0.84132				2
2024.09.02	00:49:30.906	0.84120				2
2024.09.02	00:49:35.111		0.84168			4
2024.09.02	00:49:40.997	0.84116				2
2024.09.02	00:49:45.900	0.84122				2
2024.09.02	00:49:47.112		0.84169			4
2024.09.02	00:49:49.931	0.84132				2
2024.09.02	00:50:03.607	0.84123	0.84168			6
2024.09.02	00:50:16.929		0.84171			4
2024.09.02	00:51:00.305	0.84123				2
2024.09.02	00:51:17.839	0.84125	0.84171			6
2024.09.02	00:51:19.803		0.84172			4
2024.09.02	00:51:21.631	0.84123	0.84166			6
2024.09.02	00:51:21.953	0.84126	0.84164			6
2024.09.02	00:51:23.550	0.84125				2
2024.09.02	00:51:25.381	0.84122	0.84163			6
2024.09.02	00:51:25.683	0.84121				2
2024.09.02	00:51:27.475	0.84122				2
2024.09.02	00:51:28.810		0.84164			4
2024.09.02	00:51:37.373		0.84166			4
2024.09.02	00:51:40.070	0.84119				2
2024.09.02	00:52:00.896	0.84119				2
2024.09.02	00:52:11.953	0.84136	0.84179			6
2024.09.02	00:52:13.383	0.84119	0.84166			6
2024.09.02	00:52:32.081	0.84124	0.84165			6
2024.09.02	00:52:33.305		0.84166			4
2024.09.02	00:52:44.555	0.84125				2
2024.09.02	00:52:45.310		0.84165			4
2024.09.02	00:52:55.652	0.84118				2
2024.09.02	00:52:58.503		0.84164			4
2024.09.02	00:53:01.209	0.84118				2
2024.09.02	00:53:15.604		0.84165			4
2024.09.02	00:53:20.107		0.84164			4
2024.09.02	00:53:32.414		0.84165			4
2024.09.02	00:53:46.805		0.84164			4
2024.09.02	00:54:00.304	0.84118				2
2024.09.02	00:54:04.505		0.84163			4
2024.09.02	00:54:13.027	0.84110				2
2024.09.02	00:54:14.105	0.84115				2
2024.09.02	00:54:15.905		0.84164			4
2024.09.02	00:54:16.334	0.84120	0.84159			6
2024.09.02	00:54:16.880	0.84116	0.84171			6
2024.09.02	00:54:17.226	0.84119	0.84163			6
2024.09.02	00:54:18.431		0.84164			4
2024.09.02	00:54:19.850		0.84160			4
2024.09.02	00:54:20.861		0.84161			4
2024.09.02	00:54:21.434	0.84123	0.84188			6
2024.09.02	00:54:23.140	0.84119				2
2024.09.02	00:54:23.712		0.84187			4
2024.09.02	00:54:24.307		0.84185			4
2024.09.02	00:54:24.907		0.84184			4
2024.09.02	00:54:25.508		0.84182			4
2024.09.02	00:54:26.110		0.84181			4
2024.09.02	00:54:26.705		0.84180			4
2024.09.02	00:54:27.606		0.84179			4
2024.09.02	00:54:28.218		0.84178			4
2024.09.02	00:54:28.804		0.84177			4
2024.09.02	00:54:29.107		0.84176			4
2024.09.02	00:54:30.030		0.84175			4
2024.09.02	00:54:30.905		0.84174			4
2024.09.02	00:54:32.405		0.84173			4
2024.09.02	00:54:33.128		0.84165			4
2024.09.02	00:54:33.431	0.84120				2
2024.09.02	00:54:34.805		0.84164			4
2024.09.02	00:54:35.526	0.84119	0.84166			6
2024.09.02	00:54:35.947		0.84165			4
2024.09.02	00:54:36.309		0.84164			4
2024.09.02	00:54:36.908		0.84160			4
2024.09.02	00:54:39.914		0.84161			4
2024.09.02	00:54:43.608	0.84123	0.84165			6
2024.09.02	00:55:03.006	0.84123				2
2024.09.02	00:55:03.951	0.84122	0.84166			6
2024.09.02	00:55:08.018	0.84123				2
2024.09.02	00:55:10.457		0.84167			4
2024.09.02	00:55:15.809	0.84124				2
2024.09.02	00:55:19.509		0.84166			4
2024.09.02	00:55:36.962		0.84168			4
2024.09.02	00:55:37.809	0.84123				2
2024.09.02	00:55:44.555		0.84167			4
2024.09.02	00:55:44.901		0.84166			4
2024.09.02	00:55:45.665	0.84124				2
2024.09.02	00:55:46.736	0.84120				2
2024.09.02	00:55:52.931	0.84125				2
2024.09.02	00:55:53.406	0.84124				2
2024.09.02	00:55:53.985		0.84165			4
2024.09.02	00:56:00.300	0.84124				2
2024.09.02	00:56:04.124	0.84121				2
2024.09.02	00:56:06.715	0.84104				2
2024.09.02	00:56:10.213	0.84146	0.84170			6
2024.09.02	00:56:13.210		0.84169			4
2024.09.02	00:56:17.406	0.84145				2
2024.09.02	00:56:28.504	0.84146				2
2024.09.02	00:56:33.174	0.84145				2
2024.09.02	00:56:38.705		0.84168			4
2024.09.02	00:56:50.403	0.84144	0.84167			6
2024.09.02	00:57:00.607	0.84144				2
2024.09.02	00:57:15.303		0.84168			4
2024.09.02	00:57:23.034		0.84167			4
2024.09.02	00:57:36.149	0.84141	0.84169			6
2024.09.02	00:57:37.208	0.84139	0.84163			6
2024.09.02	00:57:38.140	0.84137	0.84165			6
2024.09.02	00:57:38.923	0.84136	0.84163			6
2024.09.02	00:57:41.464		0.84164			4
2024.09.02	00:57:41.915	0.84138	0.84161			6
2024.09.02	00:57:43.504	0.84137	0.84162			6
2024.09.02	00:57:45.620		0.84161			4
2024.09.02	00:57:46.627	0.84136	0.84159			6
2024.09.02	00:57:49.481	0.84135	0.84158			6
2024.09.02	00:57:51.605	0.84133	0.84159			6
2024.09.02	00:57:52.155		0.84161			4
2024.09.02	00:57:53.581		0.84162			4
2024.09.02	00:57:55.261	0.84136	0.84159			6
2024.09.02	00:57:57.005	0.84135				2
2024.09.02	00:58:00.003	0.84135				2
2024.09.02	00:58:07.397	0.84131	0.84155			6
2024.09.02	00:58:09.481	0.84130	0.84158			6
2024.09.02	00:58:10.803		0.84159			4
2024.09.02	00:58:11.194	0.84131	0.84155			6
2024.09.02	00:58:12.008	0.84130				2
2024.09.02	00:58:13.508	0.84129				2
2024.09.02	00:58:23.783	0.84126				2
2024.09.02	00:58:31.205	0.84125				2
2024.09.02	00:58:46.504	0.84124				2
2024.09.02	00:58:47.710	0.84123				2
2024.09.02	00:58:54.651	0.84115	0.84154			6
2024.09.02	00:58:56.712		0.84153			4
2024.09.02	00:58:57.274	0.84112				2
2024.09.02	00:58:59.666	0.84113	0.84152			6
2024.09.02	00:59:00.008	0.84111				2
2024.09.02	00:59:05.105	0.84110				2
2024.09.02	00:59:12.832		0.84153			4
2024.09.02	00:59:13.898	0.84111	0.84152			6
2024.09.02	00:59:14.307	0.84110				2
2024.09.02	00:59:14.970	0.84105				2
2024.09.02	00:59:18.689	0.84120	0.84153			6
2024.09.02	00:59:20.406	0.84118				2
2024.09.02	00:59:21.180	0.84121	0.84155			6
2024.09.02	00:59:22.246	0.84128				2
2024.09.02	00:59:23.275	0.84118				2
2024.09.02	00:59:43.764	0.84139	0.84172			6
2024.09.02	00:59:44.075	0.84138	0.84179			6
2024.09.02	00:59:44.409	0.84139	0.84177			6
2024.09.02	00:59:44.762		0.84170			4
2024.09.02	00:59:45.528	0.84141	0.84168			6
2024.09.02	00:59:46.385	0.84138	0.84177			6
2024.09.02	00:59:46.928	0.84137				2
2024.09.02	00:59:47.388	0.84135				2
2024.09.02	00:59:48.012	0.84134				2
2024.09.02	00:59:48.482	0.84129	0.84154			6
2024.09.02	00:59:53.038		0.84155			4
2024.09.02	00:59:54.150	0.84131	0.84157			6
2024.09.02	00:59:58.507	0.84132				2
2024.09.02	01:00:00.310	0.84119	0.84190			6
2024.09.02	01:00:00.624		0.84174			4
2024.09.02	01:00:00.974	0.84111	0.84181			6
2024.09.02	01:00:01.284	0.84103	0.84171			6
2024.09.02	01:00:01.589	0.84108	0.84167			6
2024.09.02	01:00:01.904		0.84136			4
2024.09.02	01:00:02.409	0.84113	0.84141			6
2024.09.02	01:00:03.082	0.84117	0.84146			6
2024.09.02	01:00:03.399	0.84119	0.84150			6
2024.09.02	01:00:03.721		0.84153			4
2024.09.02	01:00:04.439	0.84117	0.84143			6
2024.09.02	01:00:04.742	0.84112	0.84139			6
2024.09.02	01:00:05.065	0.84111				2
2024.09.02	01:00:13.504	0.84110	0.84140			6
2024.09.02	01:00:13.994	0.84109	0.84141			6
2024.09.02	01:00:15.120		0.84142			4
2024.09.02	01:00:17.796	0.84130	0.84156			6
2024.09.02	01:00:18.105		0.84149			4
2024.09.02	01:00:18.909	0.84125	0.84140			6
2024.09.02	01:00:19.231	0.84124				2
2024.09.02	01:00:20.706	0.84125	0.84142			6
2024.09.02	01:00:22.740	0.84124	0.84140			6
2024.09.02	01:00:23.042	0.84125				2
2024.09.02	01:00:26.710	0.84124				2
2024.09.02	01:00:28.874	0.84128	0.84142			6
2024.09.02	01:00:29.313	0.84130	0.84144			6
2024.09.02	01:00:30.253	0.84134	0.84145			6
2024.09.02	01:00:30.560	0.84130	0.84144			6
2024.09.02	01:00:30.863	0.84131				2
2024.09.02	01:00:32.057	0.84129	0.84142			6
2024.09.02	01:00:33.307	0.84130				2
2024.09.02	01:00:33.717	0.84134	0.84144			6
2024.09.02	01:00:35.901	0.84132	0.84145			6
2024.09.02	01:00:39.014	0.84129				2
2024.09.02	01:00:39.324	0.84128				2
2024.09.02	01:00:39.921	0.84129				2
2024.09.02	01:00:40.412	0.84128	0.84141			6
2024.09.02	01:00:41.251	0.84129	0.84142			6
2024.09.02	01:00:41.579	0.84128				2
2024.09.02	01:00:44.428	0.84125	0.84139			6
2024.09.02	01:00:59.116	0.84126	0.84135			6
2024.09.02	01:00:59.427		0.84137			4
2024.09.02	01:00:59.891	0.84127				2
2024.09.02	01:01:00.310	0.84126				2
2024.09.02	01:01:02.529	0.84123	0.84133			6
2024.09.02	01:01:04.097	0.84122				2
2024.09.02	01:01:08.281		0.84132			4
2024.09.02	01:01:11.466	0.84125	0.84134			6
2024.09.02	01:01:23.703	0.84126	0.84136			6
2024.09.02	01:01:27.613	0.84127				2
2024.09.02	01:01:30.635	0.84129	0.84141			6
2024.09.02	01:01:31.412	0.84127	0.84137			6
2024.09.02	01:01:33.063	0.84130	0.84138			6
2024.09.02	01:01:35.686		0.84142			4
2024.09.02	01:01:38.405	0.84131	0.84144			6
2024.09.02	01:01:38.771	0.84134	0.84146			6
2024.09.02	01:01:43.579	0.84133	0.84144			6
2024.09.02	01:01:44.404	0.84132				2
2024.09.02	01:01:46.510	0.84133				2
2024.09.02	01:01:51.904	0.84132				2
2024.09.02	01:01:54.929		0.84145			4
2024.09.02	01:01:56.105	0.84133				2
2024.09.02	01:01:56.663		0.84143			4
2024.09.02	01:02:01.504	0.84133	0.84144			6
2024.09.02	01:02:05.855	0.84132				2
2024.09.02	01:02:06.733		0.84143			4
2024.09.02	01:02:09.332	0.84133	0.84144			6
2024.09.02	01:02:12.796	0.84132	0.84143			6
2024.09.02	01:02:18.123	0.84133				2
2024.09.02	01:02:19.417	0.84134				2
2024.09.02	01:02:30.890	0.84133				2
2024.09.02	01:02:36.306	0.84139				2
2024.09.02	01:02:36.624	0.84138	0.84148			6
2024.09.02	01:02:38.147	0.84140				2
2024.09.02	01:02:42.480	0.84137	0.84145			6
2024.09.02	01:02:43.031		0.84146			4
2024.09.02	01:02:46.608	0.84136	0.84145			6
2024.09.02	01:02:56.843		0.84146			4
2024.09.02	01:02:58.443	0.84134	0.84144			6
2024.09.02	01:02:59.472		0.84145			4
2024.09.02	01:03:00.008	0.84134				2
2024.09.02	01:03:00.662		0.84144			4
2024.09.02	01:03:03.843	0.84135	0.84145			6
2024.09.02	01:03:04.671		0.84144			4
2024.09.02	01:03:06.007	0.84134				2
2024.09.02	01:03:08.113	0.84135	0.84146			6
2024.09.02	01:03:08.561	0.84137				2
2024.09.02	01:03:08.862	0.84135	0.84143			6
2024.09.02	01:03:09.179		0.84144			4
2024.09.02	01:03:10.203	0.84131	0.84142			6
2024.09.02	01:03:10.831	0.84132	0.84143			6
2024.09.02	01:03:11.406		0.84142			4
2024.09.02	01:03:12.348		0.84143			4
2024.09.02	01:03:20.542	0.84134				2
2024.09.02	01:03:21.108	0.84133	0.84142			6
2024.09.02	01:03:28.712		0.84143			4
2024.09.02	01:03:31.593	0.84137	0.84145			6
2024.09.02	01:03:32.890	0.84135	0.84146			6
2024.09.02	01:03:33.436		0.84145			4
2024.09.02	01:03:36.883	0.84136				2
2024.09.02	01:03:37.504	0.84137				2
2024.09.02	01:03:38.481	0.84135				2
2024.09.02	01:03:41.027	0.84133				2
2024.09.02	01:03:42.381	0.84136	0.84146			6
2024.09.02	01:03:44.925	0.84134	0.84144			6
2024.09.02	01:03:46.176	0.84135				2
2024.09.02	01:03:48.536		0.84145			4
2024.09.02	01:03:53.383	0.84137				2
2024.09.02	01:03:55.808	0.84136				2
2024.09.02	01:03:59.372	0.84137	0.84147			6
2024.09.02	01:04:00.904	0.84137				2
2024.09.02	01:04:02.204	0.84138				2
2024.09.02	01:04:07.966	0.84136	0.84146			6
2024.09.02	01:04:14.910		0.84147			4
2024.09.02	01:04:17.949	0.84137				2
2024.09.02	01:04:21.903	0.84136				2
2024.09.02	01:04:26.664	0.84137				2
2024.09.02	01:04:27.258	0.84136				2
2024.09.02	01:04:28.792	0.84137				2
2024.09.02	01:04:33.906	0.84136				2
2024.09.02	01:04:38.105	0.84137				2
2024.09.02	01:04:45.305	0.84136				2
2024.09.02	01:04:57.604		0.84146			4
2024.09.02	01:05:00.336	0.84136				2
2024.09.02	01:05:00.908	0.84137	0.84147			6
2024.09.02	01:05:01.625	0.84136	0.84146			6
2024.09.02	01:05:02.343	0.84134	0.84145			6
2024.09.02	01:05:03.367	0.84135				2
2024.09.02	01:05:10.443	0.84137	0.84146			6
2024.09.02	01:05:11.786	0.84136	0.84147			6
2024.09.02	01:05:13.204	0.84137				2
2024.09.02	01:05:19.469	0.84138	0.84146			6
2024.09.02	01:05:19.789	0.84139				2
2024.09.02	01:05:20.394	0.84137				2
2024.09.02	01:05:24.764	0.84133	0.84142			6
2024.09.02	01:05:27.606	0.84134				2
2024.09.02	01:05:28.615	0.84135	0.84144			6
2024.09.02	01:06:02.279	0.84137	0.84146			6
2024.09.02	01:06:04.292	0.84136				2
2024.09.02	01:06:05.754		0.84145			4
2024.09.02	01:06:36.367	0.84137	0.84147			6
2024.09.02	01:06:36.688		0.84145			4
2024.09.02	01:06:37.042	0.84136				2
2024.09.02	01:07:00.604	0.84136				2
2024.09.02	01:07:07.205	0.84135				2
2024.09.02	01:07:26.383		0.84147			4
2024.09.02	01:07:26.695		0.84148			4
2024.09.02	01:07:37.207		0.84147			4
2024.09.02	01:07:39.011		0.84146			4
2024.09.02	01:07:56.196	0.84138	0.84149			6
2024.09.02	01:07:56.504	0.84139	0.84150			6
2024.09.02	01:08:00.563	0.84142				2
2024.09.02	01:08:06.489	0.84143	0.84151			6
2024.09.02	01:08:09.042	0.84144	0.84152			6
2024.09.02	01:08:26.668	0.84143	0.84151			6
2024.09.02	01:09:00.287	0.84143				2
2024.09.02	01:09:07.572		0.84150			4
2024.09.02	01:09:26.686		0.84151			4
2024.09.02	01:09:43.997		0.84150			4
2024.09.02	01:09:45.024		0.84151			4
2024.09.02	01:09:49.056	0.84145	0.84150			6
2024.09.02	01:09:49.371	0.84144				2
2024.09.02	01:09:51.631		0.84152			4
2024.09.02	01:09:52.775	0.84145	0.84151			6
2024.09.02	01:09:58.503	0.84146				2
2024.09.02	01:09:59.025	0.84145				2
2024.09.02	01:09:59.326	0.84144				2
2024.09.02	01:10:00.378	0.84145	0.84150			6
2024.09.02	01:10:03.604		0.84151			4
2024.09.02	01:10:08.110		0.84150			4
2024.09.02	01:10:09.613	0.84146	0.84151			6
2024.09.02	01:10:21.223	0.84145	0.84153			6
2024.09.02	01:10:50.112		0.84152			4
2024.09.02	01:10:51.670		0.84153			4
2024.09.02	01:10:55.941		0.84152			4
2024.09.02	01:10:56.697		0.84150			4
2024.09.02	01:11:01.308	0.84144	0.84151			6
2024.09.02	01:11:08.477		0.84152			4
2024.09.02	01:11:47.709		0.84151			4
2024.09.02	01:11:49.732		0.84152			4
2024.09.02	01:11:53.198	0.84146	0.84154			6
2024.09.02	01:12:00.076	0.84146				2
2024.09.02	01:12:47.900	0.84147	0.84155			6
2024.09.02	01:12:48.331	0.84146				2
2024.09.02	01:12:49.061		0.84154			4
2024.09.02	01:13:03.230	0.84146				2
2024.09.02	01:13:49.804		0.84154			4
2024.09.02	01:14:01.804	0.84146				2
2024.09.02	01:14:49.058	0.84137	0.84160			6
2024.09.02	01:14:50.419		0.84159			4
2024.09.02	01:15:00.373	0.84145	0.84153			6
2024.09.02	01:15:00.680	0.84143	0.84151			6
2024.09.02	01:15:08.150	0.84142	0.84150			6
2024.09.02	01:15:12.306	0.84144	0.84152			6
2024.09.02	01:15:12.623	0.84145	0.84153			6
2024.09.02	01:16:00.529	0.84145				2
2024.09.02	01:16:12.708		0.84153			4
2024.09.02	01:16:30.608	0.84143	0.84152			6
2024.09.02	01:16:31.776	0.84144				2
2024.09.02	01:16:32.353	0.84143				2
2024.09.02	01:16:41.376		0.84151			4
2024.09.02	01:16:45.305		0.84152			4
2024.09.02	01:16:50.777	0.84140	0.84148			6
2024.09.02	01:16:51.098		0.84149			4
2024.09.02	01:16:51.537		0.84148			4
2024.09.02	01:17:00.362	0.84140				2
2024.09.02	01:17:06.069	0.84141				2
2024.09.02	01:17:06.369	0.84140				2
2024.09.02	01:17:13.901	0.84141	0.84150			6
2024.09.02	01:17:15.881	0.84142				2
2024.09.02	01:17:20.063	0.84141	0.84149			6
2024.09.02	01:17:31.956	0.84140				2
2024.09.02	01:17:34.313		0.84148			4
2024.09.02	01:17:37.482	0.84141	0.84149			6
2024.09.02	01:17:38.588	0.84140	0.84148			6
2024.09.02	01:17:38.895	0.84141	0.84149			6
2024.09.02	01:17:40.725	0.84140				2
2024.09.02	01:17:41.384	0.84142	0.84150			6
2024.09.02	01:17:48.526	0.84141	0.84149			6
2024.09.02	01:17:49.720	0.84140				2
2024.09.02	01:17:50.959	0.84141				2
2024.09.02	01:18:00.572	0.84142	0.84150			6
2024.09.02	01:18:01.491	0.84141	0.84149			6
2024.09.02	01:18:01.804	0.84142	0.84150			6
2024.09.02	01:18:32.681	0.84143	0.84151			6
2024.09.02	01:19:00.213	0.84143				2
2024.09.02	01:19:21.818	0.84144	0.84152			6
2024.09.02	01:19:27.478	0.84143				2
2024.09.02	01:19:38.355		0.84151			4
2024.09.02	01:19:46.805	0.84145	0.84154			6
2024.09.02	01:20:00.272	0.84145				2
2024.09.02	01:20:47.875		0.84154			4
2024.09.02	01:20:57.602	0.84147	0.84156			6
2024.09.02	01:21:00.361	0.84147				2
2024.09.02	01:21:04.682	0.84145	0.84154			6
2024.09.02	01:21:27.345	0.84143	0.84152			6
2024.09.02	01:21:27.806	0.84142	0.84149			6
2024.09.02	01:21:35.590	0.84141				2
2024.09.02	01:21:36.372	0.84142				2
2024.09.02	01:21:39.620	0.84140	0.84147			6
2024.09.02	01:21:40.847		0.84149			4
2024.09.02	01:21:41.405		0.84146			4
2024.09.02	01:21:42.805	0.84137	0.84145			6
2024.09.02	01:21:44.081	0.84138				2
2024.09.02	01:21:50.269	0.84136	0.84144			6
2024.09.02	01:21:53.298	0.84135	0.84141			6
2024.09.02	01:21:55.805	0.84134				2
2024.09.02	01:22:00.904	0.84134				2
2024.09.02	01:22:01.424		0.84142			4
2024.09.02	01:22:10.578		0.84143			4
2024.09.02	01:22:20.892		0.84142			4
2024.09.02	01:22:47.203		0.84143			4
2024.09.02	01:22:47.891	0.84135	0.84142			6
2024.09.02	01:22:48.215		0.84143			4
2024.09.02	01:22:48.568	0.84134				2
2024.09.02	01:22:48.907	0.84135	0.84144			6
2024.09.02	01:22:49.552	0.84134				2
2024.09.02	01:22:52.314	0.84135				2
2024.09.02	01:23:00.371	0.84135				2
2024.09.02	01:23:08.891	0.84134	0.84141			6
2024.09.02	01:23:09.505	0.84136	0.84144			6
2024.09.02	01:23:12.964	0.84135	0.84143			6
2024.09.02	01:23:15.405		0.84144			4
2024.09.02	01:23:15.942		0.84143			4
2024.09.02	01:23:21.591	0.84134				2
2024.09.02	01:23:22.029	0.84135				2
2024.09.02	01:23:22.429		0.84144			4
2024.09.02	01:23:31.596	0.84137				2
2024.09.02	01:24:00.368	0.84137				2
2024.09.02	01:24:05.984	0.84138				2
2024.09.02	01:24:07.577		0.84145			4
2024.09.02	01:24:23.474	0.84135	0.84142			6
2024.09.02	01:24:23.777	0.84137				2
2024.09.02	01:24:26.584		0.84144			4
2024.09.02	01:24:28.671	0.84138				2
2024.09.02	01:24:37.657	0.84139	0.84145			6
2024.09.02	01:24:40.269		0.84144			4
2024.09.02	01:24:43.924	0.84138				2
2024.09.02	01:24:45.126	0.84139	0.84145			6
2024.09.02	01:24:48.618		0.84144			4
2024.09.02	01:24:49.776		0.84145			4
2024.09.02	01:24:56.126	0.84141	0.84144			6
2024.09.02	01:24:58.542		0.84145			4
2024.09.02	01:24:58.901		0.84144			4
2024.09.02	01:25:00.968	0.84141				2
2024.09.02	01:25:04.582		0.84145			4
2024.09.02	01:25:07.450		0.84144			4
2024.09.02	01:25:21.232	0.84142	0.84145			6
2024.09.02	01:25:23.607	0.84141				2
2024.09.02	01:25:36.584		0.84146			4
2024.09.02	01:25:37.168		0.84144			4
2024.09.02	01:26:00.892	0.84141				2
2024.09.02	01:26:04.011		0.84145			4
2024.09.02	01:26:25.503		0.84144			4
2024.09.02	01:26:30.257		0.84145			4
2024.09.02	01:26:51.585		0.84146			4
2024.09.02	01:26:57.375		0.84145			4
2024.09.02	01:27:00.377	0.84141	0.84146			6
2024.09.02	01:27:01.293	0.84142	0.84147			6
2024.09.02	01:27:07.466		0.84146			4
2024.09.02	01:27:14.371		0.84147			4
2024.09.02	01:27:15.907	0.84141	0.84145			6
2024.09.02	01:27:16.225	0.84142	0.84147			6
2024.09.02	01:27:21.906		0.84146			4
2024.09.02	01:27:24.004		0.84147			4
2024.09.02	01:27:24.607		0.84146			4
2024.09.02	01:28:00.775	0.84142				2
2024.09.02	01:28:25.433		0.84146			4
2024.09.02	01:28:28.573		0.84147			4
2024.09.02	01:28:34.594		0.84146			4
2024.09.02	01:28:45.371		0.84147			4
2024.09.02	01:28:46.115		0.84146			4
2024.09.02	01:28:56.371		0.84147			4
2024.09.02	01:28:59.517		0.84146			4
2024.09.02	01:29:00.308	0.84142				2
2024.09.02	01:29:02.990	0.84138	0.84142			6
2024.09.02	01:29:03.302		0.84143			4
2024.09.02	01:29:03.659	0.84139				2
2024.09.02	01:29:04.031	0.84140				2
2024.09.02	01:29:06.348		0.84142			4
2024.09.02	01:29:11.405		0.84143			4
2024.09.02	01:29:12.583		0.84144			4
2024.09.02	01:29:12.901		0.84143			4
2024.09.02	01:29:50.611		0.84144			4
2024.09.02	01:29:55.912	0.84139	0.84142			6
2024.09.02	01:29:58.882	0.84138				2
2024.09.02	01:29:59.979	0.84139				2
2024.09.02	01:30:00.310	0.84138				2
2024.09.02	01:30:00.816	0.84140				2
2024.09.02	01:30:01.683		0.84145			4
2024.09.02	01:30:03.404	0.84141	0.84144			6
2024.09.02	01:30:03.726		0.84143			4
2024.09.02	01:30:08.729	0.84140				2
2024.09.02	01:30:09.392	0.84141				2
2024.09.02	01:30:10.742	0.84140				2
2024.09.02	01:30:11.052	0.84141				2
2024.09.02	01:30:13.906	0.84140				2
2024.09.02	01:30:15.386	0.84139	0.84142			6
2024.09.02	01:30:21.480	0.84141	0.84144			6
2024.09.02	01:30:22.230	0.84142				2
2024.09.02	01:30:30.568		0.84143			4
2024.09.02	01:30:31.023	0.84141				2
2024.09.02	01:31:00.456	0.84141				2
2024.09.02	01:31:01.539		0.84142			4
2024.09.02	01:31:04.204		0.84144			4
2024.09.02	01:31:05.265	0.84142				2
2024.09.02	01:31:32.151		0.84145			4
2024.09.02	01:31:50.104	0.84143				2
2024.09.02	01:31:56.186		0.84147			4
2024.09.02	01:32:01.526	0.84143				2
2024.09.02	01:32:16.174	0.84142				2
2024.09.02	01:32:19.400		0.84145			4
2024.09.02	01:32:20.689		0.84146			4
2024.09.02	01:32:41.691	0.84143				2
2024.09.02	01:32:44.554	0.84142				2
2024.09.02	01:32:45.124	0.84143				2
2024.09.02	01:33:00.575	0.84143				2
2024.09.02	01:33:18.045	0.84144				2
2024.09.02	01:33:18.967	0.84143				2
2024.09.02	01:33:20.871		0.84146			4
2024.09.02	01:33:26.756	0.84142				2
2024.09.02	01:33:28.726	0.84143				2
2024.09.02	01:33:32.042	0.84142				2
2024.09.02	01:33:46.577	0.84143	0.84147			6
2024.09.02	01:33:51.965	0.84142				2
2024.09.02	01:33:56.718	0.84143				2
2024.09.02	01:33:59.070	0.84144				2
2024.09.02	01:34:00.378	0.84144				2
2024.09.02	01:34:00.777	0.84143				2
2024.09.02	01:34:01.091	0.84144				2
2024.09.02	01:34:01.505	0.84143				2
2024.09.02	01:34:03.820	0.84144				2
2024.09.02	01:34:07.234	0.84143				2
2024.09.02	01:34:23.275	0.84141	0.84144			6
2024.09.02	01:34:31.203	0.84140	0.84145			6
2024.09.02	01:34:35.538		0.84144			4
2024.09.02	01:34:36.615		0.84141			4
2024.09.02	01:34:45.617	0.84141	0.84142			6
2024.09.02	01:34:53.177	0.84140	0.84141			6
2024.09.02	01:34:55.497	0.84141	0.84142			6
2024.09.02	01:34:56.100	0.84140	0.84141			6
2024.09.02	01:34:56.401	0.84139	0.84140			6
2024.09.02	01:35:00.903	0.84139				2
2024.09.02	01:35:02.667	0.84140	0.84141			6
2024.09.02	01:35:03.377	0.84139	0.84140			6
2024.09.02	01:35:04.694	0.84140	0.84141			6
2024.09.02	01:35:07.098	0.84139	0.84140			6
2024.09.02	01:35:23.879	0.84140	0.84142			6
2024.09.02	01:35:25.804	0.84139	0.84140			6
2024.09.02	01:35:26.172		0.84141			4
2024.09.02	01:35:28.777	0.84140	0.84142			6
2024.09.02	01:35:30.773	0.84139				2
2024.09.02	01:35:33.962	0.84140				2
2024.09.02	01:35:40.580	0.84139				2
2024.09.02	01:35:40.890		0.84143			4
2024.09.02	01:35:48.049	0.84140				2
2024.09.02	01:35:57.362	0.84139				2
2024.09.02	01:36:00.891	0.84139				2
2024.09.02	01:36:27.460		0.84144			4
2024.09.02	01:36:30.702	0.84141	0.84145			6
2024.09.02	01:37:01.065	0.84142				2
2024.09.02	01:37:31.874		0.84145			4
2024.09.02	01:37:51.191	0.84143	0.84146			6
2024.09.02	01:37:53.329	0.84142				2
2024.09.02	01:38:00.306	0.84142	0.84145			6
2024.09.02	01:38:02.354	0.84143				2
2024.09.02	01:38:03.173	0.84142				2
2024.09.02	01:38:20.324	0.84143				2
2024.09.02	01:38:20.894	0.84142				2
2024.09.02	01:38:30.193	0.84143	0.84146			6
2024.09.02	01:38:56.727	0.84142				2
2024.09.02	01:39:00.370	0.84142				2
2024.09.02	01:39:31.281		0.84146			4
2024.09.02	01:39:41.464		0.84145			4
2024.09.02	01:39:52.460	0.84143				2
2024.09.02	01:39:56.109	0.84142				2
2024.09.02	01:40:01.806	0.84142				2
2024.09.02	01:40:03.320	0.84143				2
2024.09.02	01:40:09.950	0.84141				2
2024.09.02	01:40:10.267	0.84144	0.84150			6
2024.09.02	01:40:10.584		0.84149			4
2024.09.02	01:40:11.737	0.84143	0.84145			6
2024.09.02	01:40:13.036	0.84141	0.84144			6
2024.09.02	01:40:13.343	0.84142	0.84145			6
2024.09.02	01:40:15.474		0.84144			4
2024.09.02	01:40:19.817		0.84145			4
2024.09.02	01:40:21.485		0.84146			4
2024.09.02	01:40:21.795	0.84141	0.84144			6
2024.09.02	01:40:22.791		0.84143			4
2024.09.02	01:40:25.241		0.84144			4
2024.09.02	01:40:25.805		0.84145			4
2024.09.02	01:40:29.639	0.84142				2
2024.09.02	01:40:31.322	0.84145	0.84147			6
2024.09.02	01:40:40.718		0.84148			4
2024.09.02	01:40:41.516	0.84143	0.84147			6
2024.09.02	01:40:54.121		0.84146			4
2024.09.02	01:41:05.392	0.84143				2
2024.09.02	01:41:10.588	0.84141	0.84145			6
2024.09.02	01:41:26.122		0.84144			4
2024.09.02	01:41:38.442	0.84140	0.84143			6
2024.09.02	01:41:39.091		0.84144			4
2024.09.02	01:41:43.810		0.84143			4
2024.09.02	01:41:48.539	0.84139	0.84142			6
2024.09.02	01:42:00.471	0.84139				2
2024.09.02	01:42:01.378	0.84140				2
2024.09.02	01:42:04.146		0.84143			4
2024.09.02	01:42:58.756	0.84138	0.84141			6
2024.09.02	01:42:59.066	0.84139				2
2024.09.02	01:42:59.936		0.84142			4
2024.09.02	01:43:00.305	0.84140				2
2024.09.02	01:43:11.409		0.84143			4
2024.09.02	01:43:25.376	0.84139				2
2024.09.02	01:43:25.700	0.84140				2
2024.09.02	01:43:36.207	0.84139				2
2024.09.02	01:43:37.170	0.84140				2
2024.09.02	01:43:54.560	0.84139				2
2024.09.02	01:43:57.774	0.84140				2
2024.09.02	01:43:58.522	0.84139	0.84142			6
2024.09.02	01:44:00.282	0.84139				2
2024.09.02	01:44:01.474	0.84140				2
2024.09.02	01:44:01.803		0.84143			4
2024.09.02	01:44:02.655	0.84139	0.84142			6
2024.09.02	01:44:05.704		0.84143			4
2024.09.02	01:44:08.970	0.84140				2
2024.09.02	01:44:21.477	0.84141				2
2024.09.02	01:44:26.491		0.84144			4
2024.09.02	01:44:36.296	0.84142				2
2024.09.02	01:44:48.211		0.84145			4
2024.09.02	01:44:58.400		0.84144			4
2024.09.02	01:44:58.951		0.84145			4
2024.09.02	01:45:00.480	0.84142				2
2024.09.02	01:45:08.799		0.84146			4
2024.09.02	01:45:38.874	0.84141	0.84143			6
2024.09.02	01:45:52.899	0.84140				2
2024.09.02	01:45:54.627	0.84141	0.84144			6
2024.09.02	01:46:00.580	0.84141				2
2024.09.02	01:46:04.522	0.84140	0.84143			6
2024.09.02	01:46:18.164	0.84141				2
2024.09.02	01:46:23.209	0.84140				2
2024.09.02	01:47:05.282	0.84140	0.84143			6
2024.09.02	01:47:15.699	0.84141	0.84144			6
2024.09.02	01:47:38.414	0.84140				2
2024.09.02	01:47:44.029		0.84143			4
2024.09.02	01:48:00.423	0.84140				2
2024.09.02	01:48:06.008		0.84144			4
2024.09.02	01:48:22.518		0.84143			4
2024.09.02	01:48:46.497		0.84142			4
2024.09.02	01:48:47.101		0.84141			4
2024.09.02	01:49:01.371	0.84140				2
2024.09.02	01:49:14.429	0.84138	0.84140			6
2024.09.02	01:49:14.736		0.84142			4
2024.09.02	01:49:22.809		0.84141			4
2024.09.02	01:49:35.935	0.84139	0.84142			6
2024.09.02	01:49:52.247		0.84141			4
2024.09.02	01:49:57.138		0.84140			4
2024.09.02	01:50:00.434	0.84139				2
2024.09.02	01:50:03.815	0.84138				2
2024.09.02	01:50:19.373	0.84137	0.84139			6
2024.09.02	01:50:22.498		0.84140			4
2024.09.02	01:50:33.794		0.84139			4
2024.09.02	01:50:35.758		0.84140			4
2024.09.02	01:51:00.349	0.84137				2
2024.09.02	01:51:03.471		0.84141			4
2024.09.02	01:51:08.657		0.84140			4
2024.09.02	01:51:10.679		0.84142			4
2024.09.02	01:51:10.986		0.84140			4
2024.09.02	01:51:16.369		0.84139			4
2024.09.02	01:51:18.141	0.84136				2
2024.09.02	01:51:18.968	0.84137				2
2024.09.02	01:51:19.295	0.84136				2
2024.09.02	01:51:24.405	0.84137				2
2024.09.02	01:51:24.930	0.84136				2
2024.09.02	01:51:28.104	0.84137				2
2024.09.02	01:51:34.358		0.84138			4
2024.09.02	01:51:41.227		0.84139			4
2024.09.02	01:51:58.699		0.84138			4
2024.09.02	01:52:00.395	0.84137				2
2024.09.02	01:52:05.334	0.84136	0.84137			6
2024.09.02	01:52:17.370	0.84132	0.84135			6
2024.09.02	01:52:17.706	0.84133				2
2024.09.02	01:52:26.494	0.84132				2
2024.09.02	01:52:27.459	0.84133				2
2024.09.02	01:52:36.167		0.84138			4
2024.09.02	01:52:45.114	0.84132	0.84139			6
2024.09.02	01:52:45.866	0.84133	0.84138			6
2024.09.02	01:53:00.733	0.84133				2
2024.09.02	01:53:08.605		0.84137			4
2024.09.02	01:53:16.027		0.84135			4
2024.09.02	01:53:19.120	0.84134				2
2024.09.02	01:53:19.425		0.84136			4
2024.09.02	01:53:31.376	0.84133	0.84134			6
2024.09.02	01:53:42.441		0.84135			4
2024.09.02	01:53:43.089		0.84134			4
2024.09.02	01:53:46.566	0.84134	0.84138			6
2024.09.02	01:54:01.427	0.84134				2
2024.09.02	01:54:20.010	0.84133	0.84136			6
2024.09.02	01:54:25.222		0.84137			4
2024.09.02	01:54:30.164	0.84135				2
2024.09.02	01:54:44.242	0.84134	0.84136			6
2024.09.02	01:54:48.420		0.84137			4
2024.09.02	01:54:56.176		0.84136			4
2024.09.02	01:54:57.621		0.84137			4
2024.09.02	01:55:00.376	0.84134				2
2024.09.02	01:55:03.230		0.84136			4
2024.09.02	01:55:04.376	0.84133				2
2024.09.02	01:55:04.686	0.84132	0.84134			6
2024.09.02	01:55:06.250		0.84133			4
2024.09.02	01:55:09.849	0.84131	0.84132			6
2024.09.02	01:55:15.139		0.84134			4
2024.09.02	01:55:21.220	0.84129	0.84131			6
2024.09.02	01:55:21.531	0.84128				2
2024.09.02	01:55:21.874	0.84129				2
2024.09.02	01:55:24.687	0.84127	0.84128			6
2024.09.02	01:55:25.017	0.84128	0.84129			6
2024.09.02	01:55:29.905	0.84127	0.84128			6
2024.09.02	01:55:31.031	0.84129	0.84130			6
2024.09.02	01:55:49.440	0.84127				2
2024.09.02	01:55:55.275		0.84128			4
2024.09.02	01:56:00.402	0.84127				2
2024.09.02	01:56:00.800	0.84126				2
2024.09.02	01:56:05.031	0.84127				2
2024.09.02	01:56:17.836	0.84125				2
2024.09.02	01:56:20.928	0.84126	0.84127			6
2024.09.02	01:56:21.378	0.84125				2
2024.09.02	01:56:26.376	0.84126				2
2024.09.02	01:56:28.550		0.84128			4
2024.09.02	01:56:37.322	0.84127				2
2024.09.02	01:56:50.687	0.84125				2
2024.09.02	01:56:51.860		0.84126			4
2024.09.02	01:56:52.706	0.84126	0.84127			6
2024.09.02	01:56:56.524	0.84125	0.84126			6
2024.09.02	01:56:57.374		0.84127			4
2024.09.02	01:57:00.425	0.84125				2
2024.09.02	01:57:03.541	0.84128	0.84129			6
2024.09.02	01:57:21.549	0.84127				2
2024.09.02	01:57:24.003		0.84130			4
2024.09.02	01:57:28.063	0.84125	0.84127			6
2024.09.02	01:57:40.498	0.84123	0.84125			6
2024.09.02	01:57:42.901	0.84122	0.84124			6
2024.09.02	01:57:51.390	0.84123				2
2024.09.02	01:57:54.255	0.84122	0.84123			6
2024.09.02	01:57:56.371	0.84121				2
2024.09.02	01:57:58.042	0.84122				2
2024.09.02	01:58:00.515	0.84121	0.84122			6
2024.09.02	01:58:08.150	0.84122	0.84123			6
2024.09.02	01:58:16.876	0.84121	0.84122			6
2024.09.02	01:58:20.889		0.84123			4
2024.09.02	01:58:25.829		0.84122			4
2024.09.02	01:58:29.899	0.84122	0.84123			6
2024.09.02	01:58:32.167	0.84121	0.84122			6
2024.09.02	01:58:38.213	0.84120	0.84121			6
2024.09.02	01:58:39.315	0.84121	0.84122			6
2024.09.02	01:58:39.674	0.84120	0.84121			6
2024.09.02	01:58:42.225	0.84121	0.84122			6
2024.09.02	01:59:00.415	0.84121				2
2024.09.02	01:59:02.950	0.84120				2
2024.09.02	01:59:08.088	0.84121				2
2024.09.02	01:59:08.916	0.84120	0.84121			6
2024.09.02	01:59:09.368	0.84121	0.84122			6
2024.09.02	01:59:33.178	0.84122	0.84123			6
2024.09.02	01:59:34.206		0.84124			4
2024.09.02	01:59:35.230	0.84121				2
2024.09.02	01:59:37.354	0.84123	0.84126			6
2024.09.02	01:59:40.278	0.84120	0.84124			6
2024.09.02	01:59:40.583		0.84121			4
2024.09.02	01:59:41.183	0.84121	0.84122			6
2024.09.02	01:59:44.054	0.84120	0.84121			6
2024.09.02	01:59:46.371		0.84122			4
2024.09.02	01:59:47.683	0.84121				2
2024.09.02	01:59:48.237		0.84123			4
2024.09.02	01:59:54.608	0.84120	0.84122			6
2024.09.02	01:59:58.339		0.84123			4
2024.09.02	02:00:00.364	0.84119	0.84122			6
2024.09.02	02:00:02.420		0.84121			4
2024.09.02	02:00:05.911	0.84120	0.84122			6
2024.09.02	02:00:06.279	0.84121	0.84123			6
2024.09.02	02:00:06.617	0.84120	0.84122			6
2024.09.02	02:00:07.263	0.84121	0.84123			6
2024.09.02	02:00:09.711		0.84124			4
2024.09.02	02:00:10.773	0.84122				2
2024.09.02	02:00:18.372	0.84121				2
2024.09.02	02:00:22.877		0.84123			4
2024.09.02	02:00:24.695		0.84122			4
2024.09.02	02:00:38.940		0.84123			4
2024.09.02	02:00:46.292	0.84119	0.84122			6
2024.09.02	02:00:55.178	0.84120				2
2024.09.02	02:00:59.508		0.84123			4
2024.09.02	02:01:00.068	0.84120				2
2024.09.02	02:01:37.206	0.84122	0.84124			6
2024.09.02	02:01:39.202	0.84123	0.84125			6
2024.09.02	02:01:41.376		0.84127			4
2024.09.02	02:01:42.059		0.84126			4
2024.09.02	02:01:42.464	0.84125	0.84128			6
2024.09.02	02:01:47.958	0.84126				2
2024.09.02	02:01:49.428	0.84125				2
2024.09.02	02:01:49.776		0.84126			4
2024.09.02	02:01:54.135	0.84123				2
2024.09.02	02:01:54.947		0.84125			4
2024.09.02	02:01:59.293		0.84124			4
2024.09.02	02:02:00.401	0.84123				2
2024.09.02	02:02:01.082		0.84125			4
2024.09.02	02:02:20.165		0.84124			4
2024.09.02	02:02:20.699	0.84122				2
2024.09.02	02:02:24.846	0.84123				2
2024.09.02	02:02:46.789	0.84121	0.84122			6
2024.09.02	02:02:47.102	0.84122	0.84124			6
2024.09.02	02:02:48.830	0.84123				2
2024.09.02	02:02:50.479		0.84125			4
2024.09.02	02:03:03.905	0.84123				2
2024.09.02	02:03:11.277	0.84124				2
2024.09.02	02:03:11.701		0.84126			4
2024.09.02	02:03:16.759		0.84125			4
2024.09.02	02:03:21.176	0.84121				2
2024.09.02	02:03:22.695	0.84124				2
2024.09.02	02:03:25.042	0.84125	0.84126			6
2024.09.02	02:03:41.585	0.84123	0.84128			6
2024.09.02	02:03:41.928	0.84124				2
2024.09.02	02:03:42.536		0.84127			4
2024.09.02	02:03:42.860	0.84123				2
2024.09.02	02:03:45.081	0.84124				2
2024.09.02	02:04:00.387	0.84124				2
2024.09.02	02:04:20.731	0.84125				2
2024.09.02	02:04:21.982		0.84126			4
2024.09.02	02:04:24.346	0.84124				2
2024.09.02	02:04:25.999	0.84125				2
2024.09.02	02:04:28.786	0.84128	0.84130			6
2024.09.02	02:04:30.514		0.84129			4
2024.09.02	02:04:31.071		0.84130			4
2024.09.02	02:04:42.569	0.84126	0.84129			6
2024.09.02	02:04:44.755		0.84127			4
2024.09.02	02:04:45.378	0.84125				2
2024.09.02	02:04:45.686	0.84128	0.84129			6
2024.09.02	02:04:51.365	0.84127	0.84131			6
2024.09.02	02:04:56.137	0.84128	0.84129			6
2024.09.02	02:05:00.730	0.84128	0.84130			6
2024.09.02	02:05:01.047		0.84129			4
2024.09.02	02:05:13.582		0.84130			4
2024.09.02	02:05:18.811	0.84126				2
2024.09.02	02:05:19.648	0.84127				2
2024.09.02	02:05:25.412	0.84126	0.84129			6
2024.09.02	02:05:29.101	0.84130	0.84131			6
2024.09.02	02:05:29.802	0.84120	0.84123			6
2024.09.02	02:05:30.105	0.84119				2
2024.09.02	02:05:33.414		0.84124			4
2024.09.02	02:05:34.556	0.84118	0.84123			6
2024.09.02	02:05:34.948	0.84119				2
2024.09.02	02:05:39.147	0.84120	0.84122			6
2024.09.02	02:05:40.399	0.84121				2
2024.09.02	02:05:42.455	0.84120				2
2024.09.02	02:05:50.891		0.84121			4
2024.09.02	02:05:51.206	0.84119	0.84123			6
2024.09.02	02:05:54.385		0.84122			4
2024.09.02	02:05:55.582	0.84120				2
2024.09.02	02:06:00.187	0.84120				2
2024.09.02	02:06:01.359	0.84119				2
2024.09.02	02:06:02.040	0.84120				2
2024.09.02	02:06:07.217	0.84119	0.84123			6
2024.09.02	02:06:16.206	0.84120				2
2024.09.02	02:06:16.999	0.84119				2
2024.09.02	02:06:18.859	0.84120	0.84121			6
2024.09.02	02:06:21.217	0.84121	0.84122			6
2024.09.02	02:06:28.678	0.84122	0.84123			6
2024.09.02	02:06:34.123	0.84123	0.84124			6
2024.09.02	02:06:36.667	0.84122	0.84123			6
2024.09.02	02:06:38.277	0.84123	0.84124			6
2024.09.02	02:06:50.978	0.84124	0.84125			6
2024.09.02	02:06:55.457	0.84123	0.84124			6
2024.09.02	02:06:55.973	0.84124	0.84125			6
2024.09.02	02:07:00.143	0.84124				2
2024.09.02	02:07:00.907	0.84123	0.84124			6
2024.09.02	02:07:01.223	0.84121	0.84122			6
2024.09.02	02:07:06.282	0.84120				2
2024.09.02	02:07:06.589	0.84119				2
2024.09.02	02:07:07.005		0.84121			4
2024.09.02	02:07:10.250	0.84118	0.84119			6
2024.09.02	02:07:30.304	0.84116	0.84117			6
2024.09.02	02:07:33.392	0.84114	0.84115			6
2024.09.02	02:07:36.492		0.84116			4
2024.09.02	02:07:38.092		0.84115			4
2024.09.02	02:07:38.403	0.84115	0.84116			6
2024.09.02	02:07:41.821	0.84116	0.84117			6
2024.09.02	02:07:51.827	0.84115	0.84116			6
2024.09.02	02:07:53.911	0.84116	0.84117			6
2024.09.02	02:08:01.377	0.84116				2
2024.09.02	02:08:03.489	0.84115	0.84116			6
2024.09.02	02:08:16.694	0.84117	0.84118			6
2024.09.02	02:08:22.474	0.84118	0.84119			6
2024.09.02	02:08:32.059	0.84117	0.84118			6
2024.09.02	02:08:36.413	0.84118	0.84119			6
2024.09.02	02:09:01.316	0.84118				2
2024.09.02	02:09:25.213	0.84119	0.84120			6
2024.09.02	02:09:31.564	0.84118	0.84119			6
2024.09.02	02:09:56.104	0.84117	0.84118			6
2024.09.02	02:10:00.509	0.84117				2
2024.09.02	02:10:02.311	0.84116	0.84117			6
2024.09.02	02:10:10.839	0.84117	0.84118			6
2024.09.02	02:10:11.944	0.84116	0.84117			6
2024.09.02	02:10:18.420	0.84117	0.84118			6
2024.09.02	02:10:29.098	0.84118	0.84119			6
2024.09.02	02:10:46.570	0.84117	0.84118			6
2024.09.02	02:11:00.597	0.84117				2
2024.09.02	02:11:25.436	0.84116	0.84117			6
2024.09.02	02:11:25.738	0.84115	0.84116			6
2024.09.02	02:11:31.664	0.84116	0.84117			6
2024.09.02	02:12:00.769	0.84116				2
2024.09.02	02:12:09.307	0.84117	0.84118			6
2024.09.02	02:12:15.251	0.84116	0.84117			6
2024.09.02	02:12:15.592	0.84117	0.84118			6
2024.09.02	02:12:18.698	0.84116	0.84117			6
2024.09.02	02:12:22.303	0.84117	0.84118			6
2024.09.02	02:12:38.660		0.84119			4
2024.09.02	02:12:39.802	0.84118				2
2024.09.02	02:12:48.859	0.84117				2
2024.09.02	02:12:50.778	0.84118				2
2024.09.02	02:12:54.860	0.84117	0.84118			6
2024.09.02	02:12:55.689	0.84118	0.84119			6
2024.09.02	02:13:02.503	0.84118				2
2024.09.02	02:13:03.246	0.84117	0.84118			6
2024.09.02	02:13:08.295	0.84118	0.84119			6
2024.09.02	02:13:25.901	0.84117				2
2024.09.02	02:13:27.645	0.84118				2
2024.09.02	02:13:31.433	0.84117				2
2024.09.02	02:13:31.866	0.84118				2
2024.09.02	02:14:00.033	0.84118				2
2024.09.02	02:14:08.457		0.84119			4
2024.09.02	02:14:52.795	0.84121	0.84122			6
2024.09.02	02:15:00.137	0.84121				2
2024.09.02	02:15:01.598	0.84119	0.84120			6
2024.09.02	02:15:09.841	0.84118	0.84119			6
2024.09.02	02:15:19.633	0.84119	0.84120			6
2024.09.02	02:15:24.684	0.84118	0.84119			6
2024.09.02	02:15:25.023	0.84116	0.84117			6
2024.09.02	02:15:37.036	0.84117	0.84118			6
2024.09.02	02:15:46.822	0.84116	0.84117			6
2024.09.02	02:15:52.639	0.84117	0.84118			6
2024.09.02	02:16:00.364	0.84117				2
2024.09.02	02:16:10.278	0.84118	0.84119			6
2024.09.02	02:16:12.199	0.84117	0.84118			6
2024.09.02	02:16:17.380	0.84118	0.84119			6
2024.09.02	02:16:17.915	0.84117	0.84118			6
2024.09.02	02:16:38.674	0.84118	0.84119			6
2024.09.02	02:16:42.951	0.84117	0.84118			6
2024.09.02	02:16:44.531	0.84118	0.84119			6
2024.09.02	02:16:47.187	0.84117	0.84118			6
2024.09.02	02:16:47.988	0.84116	0.84117			6
2024.09.02	02:16:48.333	0.84114	0.84115			6
2024.09.02	02:16:54.141	0.84115	0.84116			6
2024.09.02	02:17:00.167	0.84115				2
2024.09.02	02:17:02.729	0.84114	0.84115			6
2024.09.02	02:17:05.699	0.84113	0.84114			6
2024.09.02	02:17:27.731	0.84115	0.84116			6
2024.09.02	02:18:00.277	0.84115				2
2024.09.02	02:18:10.563	0.84116	0.84117			6
2024.09.02	02:18:12.338	0.84117	0.84118			6
2024.09.02	02:18:36.915	0.84116	0.84117			6
2024.09.02	02:18:50.686	0.84117	0.84118			6
2024.09.02	02:18:55.930	0.84116	0.84117			6
2024.09.02	02:19:01.051	0.84115	0.84116			6
2024.09.02	02:20:02.050	0.84111	0.84112			6
2024.09.02	02:20:36.755	0.84110	0.84111			6
2024.09.02	02:20:41.466	0.84111	0.84112			6
2024.09.02	02:21:00.261	0.84111				2
2024.09.02	02:21:07.455		0.84113			4
2024.09.02	02:21:16.888	0.84109				2
2024.09.02	02:21:28.556	0.84110	0.84114			6
2024.09.02	02:21:38.325	0.84115	0.84116			6
2024.09.02	02:21:38.644	0.84118	0.84119			6
2024.09.02	02:21:38.945	0.84115	0.84116			6
2024.09.02	02:21:45.054	0.84116	0.84117			6
2024.09.02	02:21:56.407	0.84114	0.84115			6
2024.09.02	02:22:00.110	0.84114				2
2024.09.02	02:22:15.138	0.84116	0.84117			6
2024.09.02	02:22:15.924	0.84120	0.84121			6
2024.09.02	02:22:17.001	0.84119	0.84120			6
2024.09.02	02:22:44.706	0.84118	0.84119			6
2024.09.02	02:22:45.414	0.84117	0.84118			6
2024.09.02	02:22:47.501	0.84118	0.84119			6
2024.09.02	02:22:49.681	0.84117	0.84118			6
2024.09.02	02:22:51.466	0.84118	0.84119			6
2024.09.02	02:23:00.382	0.84116	0.84117			6
2024.09.02	02:23:05.805	0.84120	0.84121			6
2024.09.02	02:23:14.060	0.84119	0.84120			6
2024.09.02	02:23:21.629	0.84120	0.84121			6
2024.09.02	02:23:24.750	0.84119	0.84120			6
2024.09.02	02:23:45.074	0.84118	0.84119			6
2024.09.02	02:23:47.605	0.84119	0.84120			6
2024.09.02	02:23:47.927	0.84118	0.84119			6
2024.09.02	02:24:00.104	0.84118				2
2024.09.02	02:24:05.836	0.84119	0.84120			6
2024.09.02	02:25:00.581	0.84119				2
2024.09.02	02:25:06.326		0.84120			4
2024.09.02	02:25:08.867	0.84120	0.84121			6
2024.09.02	02:25:14.703	0.84119	0.84120			6
2024.09.02	02:25:51.115	0.84120	0.84121			6
2024.09.02	02:26:01.284	0.84120				2
2024.09.02	02:26:09.522	0.84121	0.84122			6
2024.09.02	02:26:19.549	0.84120	0.84121			6
2024.09.02	02:26:37.427	0.84119	0.84120			6
2024.09.02	02:27:03.588	0.84119				2
2024.09.02	02:27:04.255	0.84120	0.84121			6
2024.09.02	02:27:08.694	0.84121	0.84122			6
2024.09.02	02:27:27.956	0.84120	0.84121			6
2024.09.02	02:27:44.036	0.84121	0.84122			6
2024.09.02	02:27:50.782	0.84125	0.84126			6
2024.09.02	02:27:52.915	0.84124	0.84125			6
2024.09.02	02:28:00.321	0.84124				2
2024.09.02	02:28:12.588	0.84126	0.84127			6
2024.09.02	02:28:13.672	0.84130	0.84131			6
2024.09.02	02:28:20.313	0.84131	0.84132			6
2024.09.02	02:28:25.422	0.84130	0.84131			6
2024.09.02	02:28:25.743	0.84128	0.84129			6
2024.09.02	02:28:27.050	0.84127	0.84128			6
2024.09.02	02:29:00.394	0.84127				2
2024.09.02	02:29:15.776	0.84126	0.84127			6
2024.09.02	02:29:20.791	0.84127	0.84128			6
2024.09.02	02:29:33.345	0.84125	0.84126			6
2024.09.02	02:29:36.165	0.84126	0.84127			6
2024.09.02	02:29:42.484	0.84127	0.84128			6
2024.09.02	02:29:45.691	0.84126	0.84127			6
2024.09.02	02:29:46.824	0.84125	0.84126			6
2024.09.02	02:29:49.098	0.84126	0.84127			6
2024.09.02	02:30:00.377	0.84126				2
2024.09.02	02:30:25.762	0.84127	0.84128			6
2024.09.02	02:30:26.065	0.84124	0.84125			6
2024.09.02	02:30:29.089	0.84125	0.84126			6
2024.09.02	02:30:40.892	0.84124	0.84125			6
2024.09.02	02:30:42.990	0.84125	0.84126			6
2024.09.02	02:31:00.043	0.84125				2
2024.09.02	02:31:00.376	0.84124	0.84125			6
2024.09.02	02:31:02.174	0.84122	0.84123			6
2024.09.02	02:31:12.952	0.84121	0.84122			6
2024.09.02	02:31:19.701	0.84120	0.84121			6
2024.09.02	02:31:22.343	0.84121	0.84122			6
2024.09.02	02:31:27.696	0.84120	0.84121			6
2024.09.02	02:31:28.870	0.84119	0.84120			6
2024.09.02	02:31:29.196	0.84118	0.84119			6
2024.09.02	02:31:32.176	0.84120	0.84121			6
2024.09.02	02:31:40.627	0.84119	0.84120			6
2024.09.02	02:31:48.597	0.84120	0.84121			6
2024.09.02	02:32:00.889	0.84120				2
2024.09.02	02:32:05.761	0.84119	0.84120			6
2024.09.02	02:32:30.665	0.84118	0.84119			6
2024.09.02	02:32:42.548	0.84119	0.84120			6
2024.09.02	02:32:44.545	0.84118	0.84119			6
2024.09.02	02:32:49.164	0.84119	0.84120			6
2024.09.02	02:33:00.170	0.84119				2
2024.09.02	02:33:00.832	0.84118	0.84119			6
2024.09.02	02:33:03.817	0.84119	0.84120			6
2024.09.02	02:33:17.295	0.84118	0.84119			6
2024.09.02	02:33:18.871	0.84119	0.84120			6
2024.09.02	02:33:21.386	0.84118	0.84119			6
2024.09.02	02:33:25.685	0.84120	0.84121			6
2024.09.02	02:33:26.152	0.84119	0.84120			6
2024.09.02	02:33:26.551	0.84118	0.84119			6
2024.09.02	02:33:53.682	0.84119	0.84120			6
2024.09.02	02:34:00.461	0.84119				2
2024.09.02	02:34:30.151	0.84120	0.84121			6
2024.09.02	02:34:53.644	0.84119	0.84120			6
2024.09.02	02:35:01.375	0.84119				2
2024.09.02	02:35:04.371	0.84117	0.84118			6
2024.09.02	02:35:17.244	0.84118	0.84119			6
2024.09.02	02:35:17.963	0.84117	0.84118			6
2024.09.02	02:35:23.720	0.84118	0.84119			6
2024.09.02	02:35:34.123	0.84119	0.84120			6
2024.09.02	02:35:38.119	0.84118	0.84119			6
2024.09.02	02:35:39.244	0.84119	0.84120			6
2024.09.02	02:35:43.012	0.84117	0.84118			6
2024.09.02	02:35:44.676	0.84118	0.84119			6
2024.09.02	02:35:47.982	0.84117	0.84118			6
2024.09.02	02:35:56.458	0.84118	0.84119			6
2024.09.02	02:35:58.176	0.84117	0.84118			6
2024.09.02	02:36:02.176	0.84118	0.84119			6
2024.09.02	02:36:07.879	0.84117	0.84118			6
2024.09.02	02:36:08.575	0.84118	0.84119			6
2024.09.02	02:36:19.136	0.84117	0.84118			6
2024.09.02	02:36:19.491	0.84118	0.84119			6
2024.09.02	02:36:20.528	0.84117	0.84118			6
2024.09.02	02:36:25.067	0.84118	0.84119			6
2024.09.02	02:36:30.152	0.84117	0.84118			6
2024.09.02	02:36:38.933	0.84118	0.84119			6
2024.09.02	02:36:59.924	0.84117	0.84118			6
2024.09.02	02:37:00.446	0.84117				2
2024.09.02	02:37:04.040	0.84118	0.84119			6
2024.09.02	02:37:05.298	0.84116	0.84117			6
2024.09.02	02:37:10.890	0.84115	0.84116			6
2024.09.02	02:37:11.678	0.84116	0.84117			6
2024.09.02	02:37:20.277	0.84115	0.84116			6
2024.09.02	02:37:37.419	0.84116	0.84117			6
2024.09.02	02:38:00.894	0.84116				2
2024.09.02	02:38:09.826	0.84117	0.84118			6
2024.09.02	02:38:23.058	0.84116	0.84117			6
2024.09.02	02:38:23.578	0.84117	0.84118			6
2024.09.02	02:38:28.677	0.84116	0.84117			6
2024.09.02	02:38:34.374	0.84117	0.84118			6
2024.09.02	02:39:00.310	0.84117				2
2024.09.02	02:39:25.905	0.84119	0.84120			6
2024.09.02	02:39:26.209	0.84120	0.84121			6
2024.09.02	02:39:35.685	0.84121	0.84122			6
2024.09.02	02:40:00.950	0.84121				2
2024.09.02	02:40:05.374	0.84122	0.84123			6
2024.09.02	02:40:05.957	0.84121	0.84122			6
2024.09.02	02:40:29.148	0.84120	0.84121			6
2024.09.02	02:40:42.641	0.84121	0.84122			6
2024.09.02	02:41:00.133	0.84121				2
2024.09.02	02:41:03.608	0.84120	0.84121			6
2024.09.02	02:41:07.836	0.84119	0.84120			6
2024.09.02	02:41:17.576	0.84118	0.84119			6
2024.09.02	02:41:29.678	0.84119	0.84120			6
2024.09.02	02:41:32.125	0.84118	0.84119			6
2024.09.02	02:41:37.304	0.84119	0.84120			6
2024.09.02	02:42:00.488	0.84119				2
2024.09.02	02:42:02.910	0.84120	0.84121			6
2024.09.02	02:42:03.415	0.84119	0.84120			6
2024.09.02	02:42:07.001	0.84120	0.84121			6
2024.09.02	02:42:07.373	0.84121	0.84122			6
2024.09.02	02:42:24.945	0.84120	0.84121			6
2024.09.02	02:42:29.345	0.84121	0.84122			6
2024.09.02	02:42:29.688	0.84122	0.84123			6
2024.09.02	02:42:50.965	0.84123	0.84124			6
2024.09.02	02:42:52.349	0.84122	0.84123			6
2024.09.02	02:42:54.401	0.84121	0.84122			6
2024.09.02	02:42:54.901	0.84122	0.84123			6
2024.09.02	02:42:55.280	0.84121	0.84122			6
2024.09.02	02:43:00.317	0.84121				2
2024.09.02	02:43:00.820	0.84122	0.84123			6
2024.09.02	02:43:04.390	0.84121	0.84122			6
2024.09.02	02:43:06.713	0.84122	0.84123			6
2024.09.02	02:43:08.211	0.84123	0.84124			6
2024.09.02	02:43:09.511	0.84122	0.84123			6
2024.09.02	02:43:14.994	0.84123	0.84124			6
2024.09.02	02:43:16.248	0.84122	0.84123			6
2024.09.02	02:43:16.601	0.84123	0.84124			6
2024.09.02	02:43:18.017	0.84122	0.84123			6
2024.09.02	02:43:22.911	0.84121	0.84122			6
2024.09.02	02:43:24.936	0.84120	0.84121			6
2024.09.02	02:43:25.247	0.84121	0.84122			6
2024.09.02	02:43:27.276	0.84122	0.84123			6
2024.09.02	02:43:27.590	0.84120	0.84121			6
2024.09.02	02:43:27.900	0.84119	0.84120			6
2024.09.02	02:43:30.849	0.84120	0.84121			6
2024.09.02	02:43:34.224	0.84119	0.84120			6
2024.09.02	02:43:38.245	0.84120	0.84121			6
2024.09.02	02:43:43.296	0.84119	0.84120			6
2024.09.02	02:43:54.873	0.84120	0.84121			6
2024.09.02	02:43:55.600	0.84119	0.84120			6
2024.09.02	02:44:00.077	0.84119				2
2024.09.02	02:44:11.475	0.84118	0.84119			6
2024.09.02	02:44:13.684	0.84119	0.84120			6
2024.09.02	02:44:20.374	0.84118	0.84119			6
2024.09.02	02:44:21.606	0.84119	0.84120			6
2024.09.02	02:44:25.563	0.84120	0.84121			6
2024.09.02	02:44:48.370	0.84122	0.84123			6
2024.09.02	02:45:00.603	0.84121	0.84122			6
2024.09.02	02:45:01.351	0.84122	0.84123			6
2024.09.02	02:45:02.819	0.84121	0.84122			6
2024.09.02	02:45:03.634	0.84122	0.84123			6
2024.09.02	02:45:03.942	0.84121	0.84122			6
2024.09.02	02:45:09.282	0.84122	0.84123			6
2024.09.02	02:45:42.394	0.84120	0.84121			6
2024.09.02	02:45:50.685	0.84121	0.84122			6
2024.09.02	02:45:51.325	0.84120	0.84121			6
2024.09.02	02:45:54.009	0.84121	0.84122			6
2024.09.02	02:46:00.318	0.84121				2
2024.09.02	02:46:01.275	0.84120	0.84121			6
2024.09.02	02:46:01.586	0.84121	0.84122			6
2024.09.02	02:46:17.716	0.84120	0.84121			6
2024.09.02	02:46:21.212	0.84119	0.84120			6
2024.09.02	02:46:27.804	0.84117	0.84118			6
2024.09.02	02:46:28.162	0.84118	0.84119			6
2024.09.02	02:46:29.296	0.84121	0.84122			6
2024.09.02	02:46:40.240	0.84120	0.84121			6
2024.09.02	02:46:43.938	0.84121	0.84122			6
2024.09.02	02:46:44.649	0.84120	0.84121			6
2024.09.02	02:46:59.460	0.84121	0.84122			6
2024.09.02	02:47:00.314	0.84121				2
2024.09.02	02:47:01.954	0.84120	0.84121			6
2024.09.02	02:47:11.885	0.84124	0.84125			6
2024.09.02	02:47:14.985	0.84123	0.84124			6
2024.09.02	02:47:24.384	0.84124	0.84125			6
2024.09.02	02:47:25.413	0.84123	0.84124			6
2024.09.02	02:47:39.063	0.84124	0.84125			6
2024.09.02	02:48:00.890	0.84124				2
2024.09.02	02:48:05.269	0.84126	0.84127			6
2024.09.02	02:48:23.004	0.84127	0.84128			6
2024.09.02	02:48:46.532	0.84126	0.84127			6
2024.09.02	02:48:46.847	0.84124	0.84125			6
2024.09.02	02:48:47.172	0.84123	0.84124			6
2024.09.02	02:48:49.568	0.84122	0.84123			6
2024.09.02	02:49:00.376	0.84123	0.84124			6
2024.09.02	02:49:31.393	0.84125	0.84126			6
2024.09.02	02:49:31.711	0.84123	0.84124			6
2024.09.02	02:49:35.736	0.84124	0.84125			6
2024.09.02	02:49:38.837	0.84121	0.84122			6
2024.09.02	02:49:55.846	0.84122	0.84123			6
2024.09.02	02:49:56.162	0.84121	0.84122			6
2024.09.02	02:49:58.328	0.84122	0.84123			6
2024.09.02	02:49:58.637	0.84121	0.84122			6
2024.09.02	02:50:00.375	0.84121				2
2024.09.02	02:50:01.758	0.84122	0.84123			6
2024.09.02	02:50:05.443	0.84121	0.84122			6
2024.09.02	02:50:07.516	0.84122	0.84123			6
2024.09.02	02:50:15.186	0.84123	0.84124			6
2024.09.02	02:50:20.746	0.84121	0.84122			6
2024.09.02	02:50:22.836	0.84122	0.84123			6
2024.09.02	02:50:23.523	0.84121	0.84122			6
2024.09.02	02:50:24.390	0.84122	0.84123			6
2024.09.02	02:50:45.992	0.84123	0.84124			6
2024.09.02	02:51:00.274	0.84123				2
2024.09.02	02:51:05.469	0.84122	0.84123			6
2024.09.02	02:51:09.595	0.84121	0.84122			6
2024.09.02	02:51:09.904	0.84120	0.84121			6
2024.09.02	02:51:11.495	0.84121	0.84122			6
2024.09.02	02:51:11.807	0.84120	0.84121			6
2024.09.02	02:51:39.171	0.84122	0.84123			6
2024.09.02	02:51:42.159	0.84121	0.84122			6
2024.09.02	02:51:43.113	0.84122	0.84123			6
2024.09.02	02:51:49.412	0.84121	0.84122			6
2024.09.02	02:51:55.508	0.84120	0.84121			6
2024.09.02	02:51:56.040	0.84121	0.84122			6
2024.09.02	02:51:57.762	0.84120	0.84121			6
2024.09.02	02:51:58.504	0.84121	0.84122			6
2024.09.02	02:51:59.033	0.84122	0.84123			6
2024.09.02	02:52:00.082	0.84122				2
2024.09.02	02:52:08.286	0.84121	0.84122			6
2024.09.02	02:52:09.929	0.84122	0.84123			6
2024.09.02	02:52:10.321	0.84121	0.84122			6
2024.09.02	02:52:13.781	0.84122	0.84123			6
2024.09.02	02:52:14.152	0.84121	0.84122			6
2024.09.02	02:52:15.284	0.84122	0.84123			6
2024.09.02	02:52:15.730	0.84121	0.84122			6
2024.09.02	02:52:16.248	0.84122	0.84123			6
2024.09.02	02:52:17.171	0.84123	0.84124			6
2024.09.02	02:52:18.295	0.84122	0.84123			6
2024.09.02	02:52:19.678	0.84123	0.84124			6
2024.09.02	02:52:20.477	0.84122	0.84123			6
2024.09.02	02:52:22.434	0.84123	0.84124			6
2024.09.02	02:52:27.011	0.84122	0.84123			6
2024.09.02	02:52:28.374	0.84123	0.84124			6
2024.09.02	02:53:00.817	0.84123				2
2024.09.02	02:53:03.204	0.84122	0.84123			6
2024.09.02	02:53:06.986	0.84121	0.84122			6
2024.09.02	02:53:08.369	0.84123	0.84124			6
2024.09.02	02:53:08.725	0.84122	0.84123			6
2024.09.02	02:53:09.096	0.84123	0.84124			6
2024.09.02	02:53:21.876	0.84122	0.84123			6
2024.09.02	02:53:22.222	0.84121	0.84122			6
2024.09.02	02:53:39.260	0.84122	0.84123			6
2024.09.02	02:54:00.401	0.84122				2
2024.09.02	02:54:08.329	0.84123	0.84124			6
2024.09.02	02:54:11.211	0.84122	0.84123			6
2024.09.02	02:54:16.286	0.84123	0.84124			6
2024.09.02	02:54:20.894	0.84122	0.84123			6
2024.09.02	02:54:21.985	0.84123	0.84124			6
2024.09.02	02:54:33.625	0.84122	0.84123			6
2024.09.02	02:54:42.798	0.84123	0.84124			6
2024.09.02	02:54:46.332	0.84122	0.84123			6
2024.09.02	02:55:00.319	0.84123	0.84124			6
2024.09.02	02:55:03.270	0.84122	0.84123			6
2024.09.02	02:55:06.616	0.84120	0.84121			6
2024.09.02	02:55:08.761	0.84121	0.84122			6
2024.09.02	02:55:10.073	0.84120	0.84121			6
2024.09.02	02:55:23.115	0.84122	0.84123			6
2024.09.02	02:55:40.638	0.84121	0.84122			6
2024.09.02	02:55:41.361	0.84120	0.84121			6
2024.09.02	02:55:59.890	0.84119	0.84120			6
2024.09.02	02:56:00.322	0.84119				2
2024.09.02	02:56:06.324	0.84118	0.84119			6
2024.09.02	02:56:12.975	0.84117	0.84118			6
2024.09.02	02:56:19.132	0.84116	0.84117			6
2024.09.02	02:56:26.368	0.84114	0.84115			6
2024.09.02	02:56:40.041	0.84116	0.84117			6
2024.09.02	02:56:51.398	0.84117	0.84118			6
2024.09.02	02:56:55.671	0.84118	0.84119			6
2024.09.02	02:56:59.324	0.84119	0.84120			6
2024.09.02	02:57:00.207	0.84121	0.84122			6
2024.09.02	02:57:01.653	0.84120	0.84121			6
2024.09.02	02:57:10.330	0.84121	0.84122			6
2024.09.02	02:57:10.643	0.84123	0.84124			6
2024.09.02	02:57:34.334	0.84122	0.84123			6
2024.09.02	02:57:35.427	0.84123	0.84124			6
2024.09.02	02:57:52.981	0.84122	0.84123			6
2024.09.02	02:58:00.276	0.84122				2
2024.09.02	02:58:29.538	0.84121	0.84122			6
2024.09.02	02:58:30.932	0.84122	0.84123			6
2024.09.02	02:58:39.644	0.84121	0.84122			6
2024.09.02	02:58:40.649	0.84122	0.84123			6
2024.09.02	02:58:43.229	0.84121	0.84122			6
2024.09.02	02:58:44.366	0.84120	0.84121			6
2024.09.02	02:58:51.615	0.84121	0.84122			6
2024.09.02	02:59:01.036	0.84121				2
2024.09.02	02:59:01.434	0.84119	0.84120			6
2024.09.02	02:59:11.064	0.84120	0.84121			6
2024.09.02	02:59:19.659	0.84119	0.84120			6
2024.09.02	02:59:25.082	0.84118	0.84119			6
2024.09.02	02:59:25.385	0.84119	0.84120			6
2024.09.02	02:59:44.014	0.84120	0.84121			6
2024.09.02	02:59:44.316	0.84119	0.84120			6
2024.09.02	02:59:57.904	0.84118	0.84119			6
2024.09.02	03:00:00.341	0.84118				2
2024.09.02	03:00:01.312	0.84121	0.84122			6
2024.09.02	03:00:03.376	0.84122	0.84123			6
2024.09.02	03:00:06.854	0.84121	0.84122			6
2024.09.02	03:00:07.515	0.84122	0.84123			6
2024.09.02	03:00:09.962	0.84121	0.84122			6
2024.09.02	03:00:10.313	0.84122	0.84123			6
2024.09.02	03:00:12.405	0.84121	0.84122			6
2024.09.02	03:00:12.724	0.84122	0.84123			6
2024.09.02	03:00:16.158	0.84123	0.84124			6
2024.09.02	03:00:18.807	0.84124	0.84125			6
2024.09.02	03:00:19.113	0.84125	0.84126			6
2024.09.02	03:00:20.692	0.84126	0.84127			6
2024.09.02	03:00:29.879	0.84124	0.84125			6
2024.09.02	03:00:34.372	0.84125	0.84126			6
2024.09.02	03:00:36.948	0.84126	0.84127			6
2024.09.02	03:00:40.178	0.84125	0.84126			6
2024.09.02	03:00:40.593	0.84126	0.84127			6
2024.09.02	03:00:40.982	0.84125	0.84126			6
2024.09.02	03:00:41.623	0.84126	0.84127			6
2024.09.02	03:00:43.120	0.84125	0.84126			6
2024.09.02	03:00:44.885	0.84124	0.84125			6
2024.09.02	03:00:46.333	0.84123	0.84124			6
2024.09.02	03:01:00.491	0.84124	0.84125			6
2024.09.02	03:01:04.981	0.84122	0.84123			6
2024.09.02	03:01:10.312	0.84123	0.84124			6
2024.09.02	03:01:15.829	0.84122	0.84123			6
2024.09.02	03:01:16.169	0.84121	0.84122			6
2024.09.02	03:01:19.063	0.84122	0.84123			6
2024.09.02	03:01:19.451	0.84121	0.84122			6
2024.09.02	03:01:30.197	0.84122	0.84123			6
2024.09.02	03:01:31.026	0.84123	0.84124			6
2024.09.02	03:01:31.754	0.84124	0.84125			6
2024.09.02	03:01:47.216	0.84125	0.84126			6
2024.09.02	03:01:47.845	0.84126	0.84127			6
2024.09.02	03:01:51.620	0.84127	0.84128			6
2024.09.02	03:01:52.242	0.84126	0.84127			6
2024.09.02	03:02:00.372	0.84126				2
2024.09.02	03:02:01.843	0.84127	0.84128			6
2024.09.02	03:02:03.479	0.84130	0.84131			6
2024.09.02	03:02:03.783	0.84131	0.84132			6
2024.09.02	03:02:04.171	0.84130	0.84131			6
2024.09.02	03:02:04.496	0.84131	0.84132			6
2024.09.02	03:02:06.893	0.84132	0.84133			6
2024.09.02	03:02:07.574	0.84133	0.84134			6
2024.09.02	03:02:08.194	0.84132	0.84133			6
2024.09.02	03:02:08.586	0.84133	0.84134			6
2024.09.02	03:02:10.003	0.84132	0.84133			6
2024.09.02	03:02:10.876	0.84133	0.84134			6
2024.09.02	03:02:18.399	0.84136	0.84137			6
2024.09.02	03:02:19.693	0.84137	0.84138			6
2024.09.02	03:02:19.995	0.84136	0.84137			6
2024.09.02	03:02:20.893	0.84135	0.84136			6
2024.09.02	03:02:21.888	0.84134	0.84135			6
2024.09.02	03:02:22.190	0.84133	0.84134			6
2024.09.02	03:02:22.979	0.84134	0.84135			6
2024.09.02	03:02:23.603	0.84133	0.84134			6
2024.09.02	03:02:24.478	0.84134	0.84135			6
2024.09.02	03:02:28.164	0.84133	0.84134			6
2024.09.02	03:02:29.275	0.84134	0.84135			6
2024.09.02	03:02:29.903	0.84133	0.84134			6
2024.09.02	03:02:31.079	0.84134	0.84135			6
2024.09.02	03:02:32.773	0.84133	0.84134			6
2024.09.02	03:02:33.476	0.84134	0.84135			6
2024.09.02	03:02:34.095	0.84133	0.84134			6
2024.09.02	03:02:34.716	0.84132	0.84133			6
2024.09.02	03:02:35.364	0.84133	0.84134			6
2024.09.02	03:02:36.478	0.84132	0.84133			6
2024.09.02	03:02:38.497	0.84131	0.84132			6
2024.09.02	03:02:39.374	0.84132	0.84133			6
2024.09.02	03:02:39.683	0.84131	0.84132			6
2024.09.02	03:02:49.867	0.84130	0.84131			6
2024.09.02	03:02:51.369	0.84131	0.84132			6
2024.09.02	03:02:57.951	0.84132	0.84133			6
2024.09.02	03:02:58.291	0.84131	0.84132			6
2024.09.02	03:02:58.632	0.84133	0.84134			6
2024.09.02	03:02:58.975	0.84131	0.84132			6
2024.09.02	03:02:59.316	0.84132	0.84133			6
2024.09.02	03:02:59.659	0.84131	0.84132			6
2024.09.02	03:03:00.001	0.84131				2
2024.09.02	03:03:00.344	0.84130	0.84131			6
2024.09.02	03:03:01.026	0.84131	0.84132			6
2024.09.02	03:03:05.682	0.84130	0.84131			6
2024.09.02	03:03:13.947	0.84129	0.84130			6
2024.09.02	03:03:14.423	0.84130	0.84131			6
2024.09.02	03:03:23.378	0.84129	0.84130			6
2024.09.02	03:03:26.777	0.84131	0.84132			6
2024.09.02	03:03:27.081	0.84130	0.84131			6
2024.09.02	03:03:29.372	0.84129	0.84130			6
2024.09.02	03:03:50.714	0.84130	0.84131			6
2024.09.02	03:03:51.170	0.84129	0.84130			6
2024.09.02	03:03:58.653	0.84131	0.84132			6
2024.09.02	03:04:00.359	0.84131				2
2024.09.02	03:04:09.026	0.84132	0.84133			6
2024.09.02	03:04:13.413	0.84131	0.84132			6
2024.09.02	03:04:27.141	0.84132	0.84133			6
2024.09.02	03:04:27.445	0.84131	0.84132			6
2024.09.02	03:04:31.747	0.84130	0.84131			6
2024.09.02	03:04:34.575	0.84131	0.84132			6
2024.09.02	03:04:35.435	0.84130	0.84131			6
2024.09.02	03:04:37.017	0.84131	0.84132			6
2024.09.02	03:04:37.956	0.84130	0.84131			6
2024.09.02	03:04:39.994	0.84129	0.84130			6
2024.09.02	03:04:40.322	0.84130	0.84131			6
2024.09.02	03:04:43.924	0.84131	0.84132			6
2024.09.02	03:04:44.272	0.84130	0.84131			6
2024.09.02	03:04:44.923	0.84131	0.84132			6
2024.09.02	03:04:46.547	0.84130	0.84131			6
2024.09.02	03:04:47.194	0.84129	0.84130			6
2024.09.02	03:04:47.933	0.84130	0.84131			6
2024.09.02	03:04:50.140	0.84131	0.84132			6
2024.09.02	03:04:56.667	0.84129	0.84130			6
2024.09.02	03:04:56.975	0.84130	0.84131			6
2024.09.02	03:04:58.268	0.84129	0.84132			6
2024.09.02	03:04:59.839	0.84130	0.84131			6
2024.09.02	03:05:00.307	0.84130				2
2024.09.02	03:05:01.121	0.84129	0.84130			6
2024.09.02	03:05:01.550	0.84132	0.84133			6
2024.09.02	03:05:09.275	0.84131	0.84132			6
2024.09.02	03:05:09.678	0.84132	0.84133			6
2024.09.02	03:05:21.489	0.84131	0.84132			6
2024.09.02	03:05:24.946	0.84133	0.84134			6
2024.09.02	03:05:25.304	0.84131	0.84132			6
2024.09.02	03:05:25.724	0.84132	0.84133			6
2024.09.02	03:05:26.033	0.84131	0.84132			6
2024.09.02	03:05:36.975	0.84128	0.84129			6
2024.09.02	03:05:38.055	0.84127	0.84128			6
2024.09.02	03:05:59.558	0.84126	0.84127			6
2024.09.02	03:06:00.128	0.84127	0.84128			6
2024.09.02	03:06:00.451	0.84126	0.84127			6
2024.09.02	03:06:00.808	0.84127	0.84128			6
2024.09.02	03:06:04.067	0.84129	0.84130			6
2024.09.02	03:06:04.387	0.84130	0.84131			6
2024.09.02	03:06:05.163	0.84131	0.84132			6
2024.09.02	03:06:07.232	0.84130	0.84131			6
2024.09.02	03:06:07.861	0.84131	0.84132			6
2024.09.02	03:06:09.017	0.84132	0.84133			6
2024.09.02	03:06:10.341	0.84131	0.84132			6
2024.09.02	03:06:11.722	0.84132	0.84133			6
2024.09.02	03:06:12.027	0.84133	0.84134			6
2024.09.02	03:06:14.110	0.84134	0.84135			6
2024.09.02	03:06:14.465	0.84133	0.84134			6
2024.09.02	03:06:15.427	0.84132	0.84133			6
2024.09.02	03:06:15.743	0.84131	0.84132			6
2024.09.02	03:06:18.553	0.84130	0.84131			6
2024.09.02	03:06:19.279	0.84131	0.84132			6
2024.09.02	03:06:19.646	0.84130	0.84131			6
2024.09.02	03:06:20.247	0.84131	0.84132			6
2024.09.02	03:06:32.674	0.84129	0.84130			6
2024.09.02	03:06:33.661	0.84130	0.84131			6
2024.09.02	03:06:35.425	0.84129	0.84130			6
2024.09.02	03:06:39.485	0.84130	0.84131			6
2024.09.02	03:06:41.177	0.84129	0.84130			6
2024.09.02	03:06:47.113	0.84130	0.84131			6
2024.09.02	03:06:50.542	0.84129	0.84130			6
2024.09.02	03:06:52.021	0.84128	0.84129			6
2024.09.02	03:06:53.224	0.84129	0.84130			6
2024.09.02	03:06:53.638	0.84130	0.84131			6
2024.09.02	03:06:54.451	0.84129	0.84130			6
2024.09.02	03:06:58.610	0.84130	0.84131			6
2024.09.02	03:07:00.102	0.84130				2
2024.09.02	03:07:11.399	0.84131	0.84132			6
2024.09.02	03:07:17.179	0.84130	0.84131			6
2024.09.02	03:07:30.505	0.84128	0.84129			6
2024.09.02	03:07:31.107	0.84129	0.84130			6
2024.09.02	03:07:32.478	0.84128	0.84129			6
2024.09.02	03:07:32.825	0.84129	0.84130			6
2024.09.02	03:07:34.651	0.84128	0.84129			6
2024.09.02	03:07:43.165	0.84124	0.84125			6
2024.09.02	03:07:46.188	0.84122	0.84123			6
2024.09.02	03:07:47.245	0.84119	0.84120			6
2024.09.02	03:07:47.908	0.84120	0.84121			6
2024.09.02	03:07:50.954	0.84122	0.84123			6
2024.09.02	03:08:00.062	0.84122				2
2024.09.02	03:08:01.055	0.84123	0.84124			6
2024.09.02	03:08:01.668	0.84125	0.84126			6
2024.09.02	03:08:20.678	0.84124	0.84125			6
2024.09.02	03:08:23.258	0.84125	0.84126			6
2024.09.02	03:08:23.841	0.84124	0.84125			6
2024.09.02	03:08:24.146	0.84125	0.84126			6
2024.09.02	03:08:29.609	0.84124	0.84125			6
2024.09.02	03:08:32.179	0.84125	0.84126			6
2024.09.02	03:08:32.749	0.84124	0.84125			6
2024.09.02	03:08:33.901	0.84123	0.84124			6
2024.09.02	03:08:34.204	0.84124	0.84125			6
2024.09.02	03:08:36.751	0.84123	0.84124			6
2024.09.02	03:08:37.403	0.84124	0.84125			6
2024.09.02	03:08:38.024	0.84123	0.84124			6
2024.09.02	03:08:38.402	0.84124	0.84125			6
2024.09.02	03:08:44.254	0.84123	0.84124			6
2024.09.02	03:08:44.626	0.84124	0.84125			6
2024.09.02	03:08:52.906	0.84123	0.84124			6
2024.09.02	03:09:00.458	0.84123				2
2024.09.02	03:09:17.303	0.84124	0.84125			6
2024.09.02	03:09:17.624	0.84125	0.84126			6
2024.09.02	03:09:43.718	0.84126	0.84127			6
2024.09.02	03:09:52.115	0.84125	0.84126			6
2024.09.02	03:10:00.357	0.84125				2
2024.09.02	03:10:33.377	0.84126	0.84127			6
2024.09.02	03:10:33.685		0.84128			4
2024.09.02	03:10:34.325	0.84127				2
2024.09.02	03:10:35.134	0.84126				2
2024.09.02	03:10:38.408		0.84127			4
2024.09.02	03:10:40.670	0.84125	0.84126			6
2024.09.02	03:10:43.940	0.84124	0.84125			6
2024.09.02	03:10:49.631	0.84125	0.84126			6
2024.09.02	03:10:53.889	0.84126	0.84127			6
2024.09.02	03:10:56.279	0.84124	0.84125			6
2024.09.02	03:10:57.754	0.84125	0.84126			6
2024.09.02	03:11:00.406	0.84125				2
2024.09.02	03:11:03.621	0.84126	0.84127			6
2024.09.02	03:11:04.112	0.84125	0.84126			6
2024.09.02	03:11:04.892	0.84126	0.84127			6
2024.09.02	03:11:07.809	0.84127	0.84128			6
2024.09.02	03:11:18.155	0.84125	0.84126			6
2024.09.02	03:11:21.716	0.84126	0.84127			6
2024.09.02	03:11:22.321	0.84125	0.84126			6
2024.09.02	03:11:25.096	0.84126	0.84127			6
2024.09.02	03:11:38.531	0.84125	0.84126			6
2024.09.02	03:11:40.541	0.84126	0.84127			6
2024.09.02	03:12:01.171	0.84126				2
2024.09.02	03:12:08.899	0.84124	0.84125			6
2024.09.02	03:12:21.340	0.84125	0.84126			6
2024.09.02	03:12:23.095	0.84124	0.84125			6
2024.09.02	03:12:25.394	0.84125	0.84126			6
2024.09.02	03:12:26.134	0.84124	0.84125			6
2024.09.02	03:12:26.925	0.84125	0.84126			6
2024.09.02	03:12:27.595	0.84124	0.84125			6
2024.09.02	03:12:29.044	0.84128	0.84129			6
2024.09.02	03:12:29.347	0.84127	0.84128			6
2024.09.02	03:12:29.722	0.84128	0.84129			6
2024.09.02	03:12:51.011	0.84130	0.84131			6
2024.09.02	03:13:00.353	0.84132	0.84133			6
2024.09.02	03:13:04.356	0.84133	0.84134			6
2024.09.02	03:13:16.273	0.84132	0.84133			6
2024.09.02	03:13:19.560	0.84133	0.84134			6
2024.09.02	03:13:31.789	0.84134	0.84135			6
2024.09.02	03:13:33.595	0.84133	0.84134			6
2024.09.02	03:13:43.721	0.84132	0.84133			6
2024.09.02	03:14:00.460	0.84132				2
2024.09.02	03:14:31.070	0.84134	0.84135			6
2024.09.02	03:14:31.684	0.84135	0.84136			6
2024.09.02	03:14:41.111	0.84136	0.84137			6
2024.09.02	03:15:00.502	0.84136				2
2024.09.02	03:15:01.744	0.84137	0.84138			6
2024.09.02	03:15:02.979	0.84136	0.84137			6
2024.09.02	03:15:08.509	0.84137	0.84138			6
2024.09.02	03:15:10.162	0.84136	0.84137			6
2024.09.02	03:15:12.364	0.84139	0.84140			6
2024.09.02	03:15:18.200	0.84140	0.84141			6
2024.09.02	03:15:19.250	0.84139	0.84140			6
2024.09.02	03:15:21.660	0.84140	0.84141			6
2024.09.02	03:15:22.158	0.84141	0.84142			6
2024.09.02	03:15:24.548	0.84142	0.84143			6
2024.09.02	03:15:36.929	0.84141	0.84142			6
2024.09.02	03:15:38.724	0.84140	0.84141			6
2024.09.02	03:15:40.692	0.84141	0.84142			6
2024.09.02	03:16:00.233	0.84141				2
2024.09.02	03:16:41.274		0.84142			4
2024.09.02	03:16:41.807	0.84140	0.84141			6
2024.09.02	03:16:42.472	0.84141	0.84142			6
2024.09.02	03:16:46.905	0.84140	0.84141			6
2024.09.02	03:16:59.132	0.84141	0.84142			6
2024.09.02	03:17:00.637	0.84140	0.84141			6
2024.09.02	03:17:10.611	0.84141	0.84142			6
2024.09.02	03:17:13.752	0.84142	0.84143			6
2024.09.02	03:17:14.896	0.84141	0.84142			6
2024.09.02	03:17:33.176	0.84142	0.84143			6
2024.09.02	03:17:33.852	0.84143	0.84144			6
2024.09.02	03:17:34.568	0.84142	0.84143			6
2024.09.02	03:17:36.215	0.84144	0.84145			6
2024.09.02	03:17:37.273	0.84142	0.84143			6
2024.09.02	03:17:54.130	0.84143	0.84144			6
2024.09.02	03:18:00.375	0.84143				2
2024.09.02	03:18:02.343	0.84141	0.84142			6
2024.09.02	03:18:03.270	0.84142	0.84143			6
2024.09.02	03:18:05.880	0.84141	0.84142			6
2024.09.02	03:18:07.461	0.84140	0.84141			6
2024.09.02	03:18:39.837	0.84138	0.84139			6
2024.09.02	03:18:40.146	0.84140	0.84141			6
2024.09.02	03:18:40.812	0.84139	0.84140			6
2024.09.02	03:18:42.229	0.84137	0.84138			6
2024.09.02	03:18:47.271	0.84134	0.84135			6
2024.09.02	03:18:47.581	0.84135	0.84136			6
2024.09.02	03:19:00.474	0.84135				2
2024.09.02	03:19:02.241	0.84136	0.84137			6
2024.09.02	03:19:04.571	0.84135	0.84136			6
2024.09.02	03:19:30.759	0.84137	0.84138			6
2024.09.02	03:19:31.087	0.84138	0.84139			6
2024.09.02	03:19:35.799	0.84140	0.84141			6
2024.09.02	03:19:38.646	0.84142	0.84143			6
2024.09.02	03:19:39.764	0.84141	0.84142			6
2024.09.02	03:19:41.324	0.84145	0.84146			6
2024.09.02	03:19:41.833	0.84144	0.84145			6
2024.09.02	03:19:50.345	0.84143	0.84144			6
2024.09.02	03:19:51.093	0.84142	0.84143			6
2024.09.02	03:19:52.523	0.84143	0.84144			6
2024.09.02	03:19:55.394	0.84142	0.84143			6
2024.09.02	03:20:00.381	0.84142				2
2024.09.02	03:20:03.408	0.84141	0.84142			6
2024.09.02	03:20:04.835	0.84142	0.84143			6
2024.09.02	03:20:11.865	0.84140	0.84141			6
2024.09.02	03:20:12.182	0.84139	0.84140			6
2024.09.02	03:20:13.271	0.84135	0.84136			6
2024.09.02	03:20:15.554	0.84136	0.84137			6
2024.09.02	03:20:23.470	0.84135	0.84136			6
2024.09.02	03:20:26.279	0.84136	0.84137			6
2024.09.02	03:20:26.681	0.84135	0.84136			6
2024.09.02	03:20:28.169	0.84134	0.84135			6
2024.09.02	03:20:33.097	0.84135	0.84136			6
2024.09.02	03:20:33.447	0.84134	0.84135			6
2024.09.02	03:20:36.431	0.84132	0.84133			6
2024.09.02	03:20:36.875	0.84134	0.84135			6
2024.09.02	03:20:37.184	0.84135	0.84136			6
2024.09.02	03:20:39.189	0.84134	0.84135			6
2024.09.02	03:20:40.348	0.84135	0.84136			6
2024.09.02	03:20:41.066	0.84136	0.84137			6
2024.09.02	03:21:01.339	0.84136				2
2024.09.02	03:21:05.080	0.84137	0.84138			6
2024.09.02	03:21:05.412	0.84136	0.84137			6
2024.09.02	03:21:10.744	0.84137	0.84138			6
2024.09.02	03:21:14.861	0.84136	0.84137			6
2024.09.02	03:21:15.895	0.84140	0.84141			6
2024.09.02	03:21:20.936	0.84139	0.84140			6
2024.09.02	03:21:21.262	0.84140	0.84141			6
2024.09.02	03:21:25.026	0.84139	0.84140			6
2024.09.02	03:21:28.447	0.84140	0.84141			6
2024.09.02	03:21:28.888	0.84139	0.84140			6
2024.09.02	03:21:34.296	0.84138	0.84139			6
2024.09.02	03:21:40.219	0.84139	0.84140			6
2024.09.02	03:21:40.682	0.84138	0.84139			6
2024.09.02	03:21:40.984	0.84135	0.84136			6
2024.09.02	03:21:42.964	0.84138	0.84139			6
2024.09.02	03:21:47.206	0.84139	0.84140			6
2024.09.02	03:21:47.516	0.84138	0.84139			6
2024.09.02	03:21:50.981	0.84139	0.84140			6
2024.09.02	03:21:55.588	0.84140	0.84141			6
2024.09.02	03:22:00.373	0.84140				2
2024.09.02	03:22:17.087	0.84141	0.84142			6
2024.09.02	03:22:17.429	0.84140	0.84141			6
2024.09.02	03:22:20.725	0.84141	0.84142			6
2024.09.02	03:22:22.457	0.84140	0.84141			6
2024.09.02	03:22:23.371	0.84139	0.84140			6
2024.09.02	03:22:23.683	0.84140	0.84141			6
2024.09.02	03:22:29.852	0.84141	0.84142			6
2024.09.02	03:22:30.437	0.84145	0.84146			6
2024.09.02	03:22:32.254	0.84146	0.84147			6
2024.09.02	03:22:34.255	0.84145	0.84146			6
2024.09.02	03:22:39.380	0.84144	0.84145			6
2024.09.02	03:22:45.698	0.84145	0.84146			6
2024.09.02	03:22:46.568	0.84144	0.84145			6
2024.09.02	03:22:47.214	0.84145	0.84146			6
2024.09.02	03:22:47.527	0.84143	0.84144			6
2024.09.02	03:23:00.144	0.84143				2
2024.09.02	03:23:02.222	0.84144	0.84145			6
2024.09.02	03:23:05.101	0.84143	0.84144			6
2024.09.02	03:23:05.413	0.84142	0.84143			6
2024.09.02	03:23:08.694	0.84143	0.84144			6
2024.09.02	03:23:12.372	0.84144	0.84145			6
2024.09.02	03:23:13.387	0.84143	0.84144			6
2024.09.02	03:23:24.214	0.84142	0.84143			6
2024.09.02	03:23:25.369	0.84143	0.84144			6
2024.09.02	03:24:01.277	0.84143				2
2024.09.02	03:24:19.024	0.84144	0.84145			6
2024.09.02	03:24:19.328	0.84143	0.84144			6
2024.09.02	03:24:27.653	0.84142	0.84143			6
2024.09.02	03:24:29.695	0.84143	0.84144			6
2024.09.02	03:24:38.803	0.84145	0.84146			6
2024.09.02	03:24:43.130	0.84143	0.84144			6
2024.09.02	03:24:43.433	0.84142	0.84143			6
2024.09.02	03:24:44.206	0.84143	0.84144			6
2024.09.02	03:24:48.452	0.84142	0.84143			6
2024.09.02	03:24:48.797	0.84143	0.84144			6
2024.09.02	03:24:50.997	0.84142	0.84143			6
2024.09.02	03:24:51.304	0.84143	0.84144			6
2024.09.02	03:24:53.733	0.84141	0.84142			6
2024.09.02	03:24:54.682	0.84142	0.84143			6
2024.09.02	03:24:56.473	0.84143	0.84144			6
2024.09.02	03:24:58.147	0.84142	0.84143			6
2024.09.02	03:25:00.104	0.84142				2
2024.09.02	03:25:03.172	0.84143	0.84144			6
2024.09.02	03:25:09.294	0.84144	0.84145			6
2024.09.02	03:25:12.730	0.84145	0.84146			6
2024.09.02	03:25:13.876	0.84144	0.84145			6
2024.09.02	03:25:16.365	0.84143	0.84144			6
2024.09.02	03:25:16.927	0.84144	0.84145			6
2024.09.02	03:25:19.937	0.84143	0.84144			6
2024.09.02	03:25:20.689	0.84144	0.84145			6
2024.09.02	03:25:25.453	0.84143	0.84144			6
2024.09.02	03:25:29.257	0.84144	0.84145			6
2024.09.02	03:25:33.737	0.84145	0.84146			6
2024.09.02	03:25:35.230	0.84144	0.84145			6
2024.09.02	03:25:36.459	0.84145	0.84146			6
2024.09.02	03:25:37.911	0.84144	0.84145			6
2024.09.02	03:25:38.358	0.84145	0.84146			6
2024.09.02	03:25:42.048	0.84144	0.84145			6
2024.09.02	03:25:48.613	0.84145	0.84146			6
2024.09.02	03:25:57.702	0.84146	0.84147			6
2024.09.02	03:26:00.066	0.84147	0.84148			6
2024.09.02	03:26:00.383	0.84146	0.84147			6
2024.09.02	03:26:00.703	0.84147	0.84148			6
2024.09.02	03:26:08.159	0.84146	0.84147			6
2024.09.02	03:26:11.109	0.84147	0.84148			6
2024.09.02	03:26:12.456	0.84146	0.84147			6
2024.09.02	03:26:13.163	0.84147	0.84148			6
2024.09.02	03:26:17.407	0.84146	0.84147			6
2024.09.02	03:26:22.933	0.84147	0.84148			6
2024.09.02	03:26:25.018	0.84146	0.84147			6
2024.09.02	03:26:28.182	0.84147	0.84148			6
2024.09.02	03:26:28.487	0.84146	0.84147			6
2024.09.02	03:26:28.987	0.84147	0.84148			6
2024.09.02	03:26:36.109	0.84146	0.84147			6
2024.09.02	03:26:39.681	0.84145	0.84146			6
2024.09.02	03:26:40.691	0.84146	0.84147			6
2024.09.02	03:26:55.149	0.84145	0.84146			6
2024.09.02	03:26:57.189	0.84146	0.84147			6
2024.09.02	03:26:57.631	0.84145	0.84146			6
2024.09.02	03:26:58.332	0.84146	0.84147			6
2024.09.02	03:26:59.276	0.84145	0.84146			6
2024.09.02	03:27:00.288	0.84145				2
2024.09.02	03:27:00.971	0.84146	0.84147			6
2024.09.02	03:27:06.696	0.84147	0.84148			6
2024.09.02	03:27:13.153	0.84146	0.84147			6
2024.09.02	03:27:15.604	0.84147	0.84148			6
2024.09.02	03:27:19.559	0.84146	0.84147			6
2024.09.02	03:27:25.749	0.84147	0.84148			6
2024.09.02	03:27:26.949	0.84146	0.84147			6
2024.09.02	03:27:39.993	0.84147	0.84148			6
2024.09.02	03:27:42.568	0.84146	0.84147			6
2024.09.02	03:27:46.035	0.84147	0.84148			6
2024.09.02	03:27:53.353	0.84146	0.84147			6
2024.09.02	03:28:00.391	0.84146				2
2024.09.02	03:28:02.625	0.84147	0.84148			6
2024.09.02	03:28:06.740	0.84148	0.84149			6
2024.09.02	03:28:08.257	0.84147	0.84148			6
2024.09.02	03:28:09.698	0.84145	0.84146			6
2024.09.02	03:28:11.006	0.84146	0.84147			6
2024.09.02	03:28:12.741	0.84145	0.84146			6
2024.09.02	03:28:22.814	0.84146	0.84147			6
2024.09.02	03:28:28.977	0.84147	0.84148			6
2024.09.02	03:28:30.728	0.84146	0.84147			6
2024.09.02	03:28:31.829	0.84147	0.84148			6
2024.09.02	03:28:32.197	0.84146	0.84147			6
2024.09.02	03:28:32.504	0.84148	0.84149			6
2024.09.02	03:28:36.056	0.84147	0.84148			6
2024.09.02	03:28:36.377	0.84148	0.84149			6
2024.09.02	03:28:38.372	0.84147	0.84148			6
2024.09.02	03:28:40.474	0.84148	0.84149			6
2024.09.02	03:28:52.329	0.84147	0.84148			6
2024.09.02	03:28:52.637	0.84146	0.84147			6
2024.09.02	03:29:00.086	0.84146				2
2024.09.02	03:29:01.261	0.84147	0.84148			6
2024.09.02	03:29:02.127	0.84146	0.84147			6
2024.09.02	03:29:06.629	0.84147	0.84148			6
2024.09.02	03:29:09.365	0.84148	0.84149			6
2024.09.02	03:29:09.922	0.84147	0.84148			6
2024.09.02	03:29:26.542	0.84146	0.84147			6
2024.09.02	03:29:26.921	0.84147	0.84148			6
2024.09.02	03:29:56.326	0.84146	0.84147			6
2024.09.02	03:30:00.388	0.84146				2
2024.09.02	03:30:00.690	0.84147	0.84148			6
2024.09.02	03:30:03.954	0.84146	0.84147			6
2024.09.02	03:30:08.048	0.84147	0.84148			6
2024.09.02	03:30:23.389	0.84148	0.84149			6
2024.09.02	03:30:24.372	0.84147	0.84148			6
2024.09.02	03:30:29.661	0.84148	0.84149			6
2024.09.02	03:30:30.684	0.84147	0.84148			6
2024.09.02	03:30:35.185	0.84149	0.84150			6
2024.09.02	03:30:35.850	0.84148	0.84149			6
2024.09.02	03:31:00.260	0.84147	0.84148			6
2024.09.02	03:31:03.725	0.84146	0.84147			6
2024.09.02	03:31:04.060	0.84145	0.84146			6
2024.09.02	03:31:29.261	0.84146	0.84147			6
2024.09.02	03:31:29.884	0.84145	0.84146			6
2024.09.02	03:31:32.135	0.84146	0.84147			6
2024.09.02	03:31:33.969	0.84147	0.84148			6
2024.09.02	03:31:34.300	0.84146	0.84147			6
2024.09.02	03:31:35.778	0.84148	0.84149			6
2024.09.02	03:31:36.452	0.84147	0.84148			6
2024.09.02	03:31:40.832	0.84146	0.84147			6
2024.09.02	03:31:43.677	0.84147	0.84148			6
2024.09.02	03:31:44.119	0.84146	0.84147			6
2024.09.02	03:31:50.378	0.84147	0.84148			6
2024.09.02	03:31:52.409	0.84146	0.84147			6
2024.09.02	03:31:55.371	0.84145	0.84146			6
2024.09.02	03:31:56.011	0.84146	0.84147			6
2024.09.02	03:32:00.508	0.84146				2
2024.09.02	03:32:12.347	0.84150	0.84151			6
2024.09.02	03:32:13.392	0.84149	0.84150			6
2024.09.02	03:32:21.565	0.84147	0.84148			6
2024.09.02	03:32:22.302	0.84146	0.84147			6
2024.09.02	03:32:23.455	0.84145	0.84146			6
2024.09.02	03:32:41.351	0.84146	0.84147			6
2024.09.02	03:32:48.666	0.84145	0.84146			6
2024.09.02	03:32:48.989	0.84146	0.84147			6
2024.09.02	03:32:58.418	0.84149	0.84150			6
2024.09.02	03:32:58.734	0.84147	0.84148			6
2024.09.02	03:32:59.350	0.84148	0.84149			6
2024.09.02	03:33:00.388	0.84148				2
2024.09.02	03:33:04.224	0.84149	0.84150			6
2024.09.02	03:33:06.139	0.84150	0.84151			6
2024.09.02	03:33:06.494	0.84149	0.84150			6
2024.09.02	03:33:15.382	0.84150	0.84151			6
2024.09.02	03:33:23.088	0.84149	0.84150			6
2024.09.02	03:33:24.123	0.84150	0.84151			6
2024.09.02	03:33:33.667	0.84151	0.84152			6
2024.09.02	03:33:37.477	0.84149	0.84150			6
2024.09.02	03:33:43.877	0.84148	0.84149			6
2024.09.02	03:34:00.667	0.84148				2
2024.09.02	03:34:08.107	0.84147	0.84148			6
2024.09.02	03:34:11.308	0.84148	0.84149			6
2024.09.02	03:34:14.640	0.84147	0.84148			6
2024.09.02	03:34:15.030	0.84148	0.84149			6
2024.09.02	03:34:17.484	0.84149	0.84150			6
2024.09.02	03:34:21.318	0.84148	0.84149			6
2024.09.02	03:34:25.226	0.84149	0.84150			6
2024.09.02	03:34:39.373	0.84150	0.84151			6
2024.09.02	03:34:47.345	0.84149	0.84150			6
2024.09.02	03:34:50.889	0.84150	0.84151			6
2024.09.02	03:34:58.450	0.84149	0.84150			6
2024.09.02	03:34:59.774	0.84148	0.84149			6
2024.09.02	03:35:00.095	0.84148				2
2024.09.02	03:35:15.403	0.84149	0.84150			6
2024.09.02	03:35:23.322	0.84148	0.84149			6
2024.09.02	03:35:24.969	0.84149	0.84150			6
2024.09.02	03:35:25.474	0.84150	0.84151			6
2024.09.02	03:35:44.671	0.84151	0.84152			6
2024.09.02	03:35:45.384	0.84150	0.84151			6
2024.09.02	03:35:58.013	0.84151	0.84152			6
2024.09.02	03:35:58.772	0.84152	0.84153			6
2024.09.02	03:36:00.061	0.84152				2
2024.09.02	03:36:03.071	0.84151	0.84152			6
2024.09.02	03:36:11.234	0.84150	0.84151			6
2024.09.02	03:36:11.864	0.84152	0.84153			6
2024.09.02	03:36:15.721	0.84153	0.84154			6
2024.09.02	03:36:21.944	0.84152	0.84153			6
2024.09.02	03:36:22.374	0.84153	0.84154			6
2024.09.02	03:36:27.265	0.84152	0.84153			6
2024.09.02	03:36:36.213	0.84153	0.84154			6
2024.09.02	03:36:37.408	0.84152	0.84153			6
2024.09.02	03:36:55.589	0.84151	0.84152			6
2024.09.02	03:37:00.356	0.84151				2
2024.09.02	03:37:09.480	0.84150	0.84151			6
2024.09.02	03:37:19.327	0.84153	0.84154			6
2024.09.02	03:37:19.653	0.84155	0.84156			6
2024.09.02	03:37:19.964	0.84154	0.84155			6
2024.09.02	03:37:21.366	0.84155	0.84156			6
2024.09.02	03:37:44.521	0.84154	0.84155			6
2024.09.02	03:37:44.823	0.84155	0.84156			6
2024.09.02	03:37:47.277	0.84154	0.84155			6
2024.09.02	03:37:49.070	0.84155	0.84156			6
2024.09.02	03:37:50.011	0.84154	0.84155			6
2024.09.02	03:37:51.332	0.84155	0.84156			6
2024.09.02	03:38:00.354	0.84155				2
2024.09.02	03:38:03.936	0.84154	0.84155			6
2024.09.02	03:38:04.610	0.84152	0.84153			6
2024.09.02	03:38:08.082	0.84151	0.84152			6
2024.09.02	03:38:11.289	0.84152	0.84153			6
2024.09.02	03:38:15.718	0.84151	0.84152			6
2024.09.02	03:38:16.336	0.84150	0.84151			6
2024.09.02	03:38:19.632	0.84151	0.84152			6
2024.09.02	03:38:32.167	0.84150	0.84151			6
2024.09.02	03:38:33.359	0.84149	0.84150			6
2024.09.02	03:38:36.987	0.84150	0.84151			6
2024.09.02	03:38:44.867	0.84151	0.84152			6
2024.09.02	03:39:00.467	0.84152	0.84153			6
2024.09.02	03:39:03.787	0.84153	0.84154			6
2024.09.02	03:39:04.346	0.84152	0.84153			6
2024.09.02	03:39:11.059	0.84151	0.84152			6
2024.09.02	03:39:13.927	0.84150	0.84151			6
2024.09.02	03:39:34.576	0.84151	0.84152			6
2024.09.02	03:39:42.780	0.84150	0.84151			6
2024.09.02	03:39:44.326	0.84151	0.84152			6
2024.09.02	03:39:50.282	0.84150	0.84151			6
2024.09.02	03:39:57.400	0.84151	0.84152			6
2024.09.02	03:40:00.078	0.84151				2
2024.09.02	03:40:02.031	0.84150	0.84151			6
2024.09.02	03:40:03.378	0.84149	0.84150			6
2024.09.02	03:40:14.767	0.84150	0.84151			6
2024.09.02	03:40:30.539	0.84149	0.84150			6
2024.09.02	03:40:35.134	0.84147	0.84148			6
2024.09.02	03:40:45.838	0.84149	0.84150			6
2024.09.02	03:40:52.274	0.84150	0.84151			6
2024.09.02	03:41:00.551	0.84150				2
2024.09.02	03:41:06.816	0.84149	0.84150			6
2024.09.02	03:41:11.861	0.84150	0.84151			6
2024.09.02	03:41:13.373	0.84149	0.84150			6
2024.09.02	03:41:16.559	0.84150	0.84151			6
2024.09.02	03:41:38.728	0.84151	0.84152			6
2024.09.02	03:41:46.643	0.84152	0.84153			6
2024.09.02	03:41:57.686	0.84151	0.84152			6
2024.09.02	03:42:01.522	0.84151				2
2024.09.02	03:42:04.372	0.84150	0.84151			6
2024.09.02	03:42:04.757	0.84149	0.84150			6
2024.09.02	03:42:05.356	0.84150	0.84151			6
2024.09.02	03:42:05.688	0.84149	0.84150			6
2024.09.02	03:42:06.312	0.84150	0.84151			6
2024.09.02	03:42:07.492	0.84149	0.84150			6
2024.09.02	03:42:13.339	0.84150	0.84151			6
2024.09.02	03:42:17.921	0.84151	0.84152			6
2024.09.02	03:42:18.761	0.84150	0.84151			6
2024.09.02	03:42:28.490	0.84151	0.84152			6
2024.09.02	03:42:33.584	0.84152	0.84153			6
2024.09.02	03:42:39.946	0.84151	0.84152			6
2024.09.02	03:42:51.957	0.84152	0.84153			6
2024.09.02	03:43:00.371	0.84152				2
2024.09.02	03:43:06.864	0.84151	0.84152			6
2024.09.02	03:43:09.846	0.84152	0.84153			6
2024.09.02	03:43:10.151	0.84153	0.84154			6
2024.09.02	03:43:11.143	0.84152	0.84153			6
2024.09.02	03:43:18.141	0.84153	0.84154			6
2024.09.02	03:43:35.491	0.84152	0.84153			6
2024.09.02	03:43:37.595	0.84149	0.84150			6
2024.09.02	03:43:37.903	0.84150	0.84151			6
2024.09.02	03:43:40.027	0.84151	0.84152			6
2024.09.02	03:43:47.299	0.84150	0.84151			6
2024.09.02	03:43:57.189	0.84149	0.84150			6
2024.09.02	03:44:00.388	0.84149				2
2024.09.02	03:44:02.792	0.84150	0.84151			6
2024.09.02	03:44:07.443	0.84149	0.84150			6
2024.09.02	03:44:11.502	0.84151	0.84152			6
2024.09.02	03:44:12.297	0.84150	0.84151			6
2024.09.02	03:44:12.825	0.84151	0.84152			6
2024.09.02	03:44:15.155	0.84150	0.84151			6
2024.09.02	03:44:19.516	0.84151	0.84152			6
2024.09.02	03:44:20.271	0.84150	0.84151			6
2024.09.02	03:44:25.063	0.84151	0.84152			6
2024.09.02	03:44:27.570	0.84150	0.84151			6
2024.09.02	03:44:32.697	0.84149	0.84150			6
2024.09.02	03:44:33.243	0.84150	0.84151			6
2024.09.02	03:44:38.938	0.84149	0.84150			6
2024.09.02	03:44:49.054	0.84148	0.84149			6
2024.09.02	03:44:53.636	0.84149	0.84150			6
2024.09.02	03:44:54.328	0.84148	0.84149			6
2024.09.02	03:45:00.390	0.84148				2
2024.09.02	03:45:01.812	0.84149	0.84150			6
2024.09.02	03:45:02.707	0.84148	0.84149			6
2024.09.02	03:45:09.701	0.84149	0.84150			6
2024.09.02	03:45:20.769	0.84148	0.84149			6
2024.09.02	03:45:23.597	0.84149	0.84150			6
2024.09.02	03:45:32.419	0.84150	0.84151			6
2024.09.02	03:45:32.832	0.84149	0.84150			6
2024.09.02	03:45:43.851	0.84154	0.84155			6
2024.09.02	03:45:44.169	0.84153	0.84154			6
2024.09.02	03:45:46.369	0.84154	0.84155			6
2024.09.02	03:45:46.695	0.84153	0.84154			6
2024.09.02	03:46:00.465	0.84153				2
2024.09.02	03:46:27.892	0.84152	0.84153			6
2024.09.02	03:46:35.114	0.84153	0.84154			6
2024.09.02	03:46:36.726	0.84152	0.84153			6
2024.09.02	03:46:38.713	0.84153	0.84154			6
2024.09.02	03:46:46.685	0.84152	0.84153			6
2024.09.02	03:46:50.039	0.84154	0.84155			6
2024.09.02	03:47:00.436	0.84155	0.84156			6
2024.09.02	03:47:22.085	0.84153	0.84154			6
2024.09.02	03:47:25.508	0.84152	0.84153			6
2024.09.02	03:47:33.551	0.84153	0.84154			6
2024.09.02	03:47:37.436	0.84152	0.84153			6
2024.09.02	03:47:37.829	0.84153	0.84154			6
2024.09.02	03:47:41.328	0.84152	0.84153			6
2024.09.02	03:47:46.902	0.84151	0.84152			6
2024.09.02	03:47:51.911	0.84150	0.84151			6
2024.09.02	03:48:00.096	0.84150				2
2024.09.02	03:48:04.406	0.84149	0.84150			6
2024.09.02	03:48:04.989	0.84150	0.84151			6
2024.09.02	03:48:07.877	0.84149	0.84150			6
2024.09.02	03:48:46.336	0.84150	0.84151			6
2024.09.02	03:49:00.372	0.84150				2
2024.09.02	03:49:06.546	0.84151	0.84152			6
2024.09.02	03:49:09.443	0.84150	0.84151			6
2024.09.02	03:49:21.577	0.84151	0.84152			6
2024.09.02	03:49:26.173	0.84152	0.84153			6
2024.09.02	03:49:26.483	0.84153	0.84154			6
2024.09.02	03:49:26.807	0.84152	0.84153			6
2024.09.02	03:49:33.997	0.84153	0.84154			6
2024.09.02	03:49:35.917	0.84151	0.84152			6
2024.09.02	03:49:38.341	0.84150	0.84151			6
2024.09.02	03:49:40.687	0.84151	0.84152			6
2024.09.02	03:49:48.872	0.84150	0.84151			6
2024.09.02	03:49:49.586	0.84151	0.84152			6
2024.09.02	03:49:55.683	0.84150	0.84151			6
2024.09.02	03:49:56.182	0.84151	0.84152			6
2024.09.02	03:49:57.625	0.84150	0.84151			6
2024.09.02	03:50:00.305	0.84152	0.84153			6
2024.09.02	03:50:00.741	0.84151	0.84152			6
2024.09.02	03:50:05.848	0.84150	0.84151			6
2024.09.02	03:50:11.664	0.84151	0.84152			6
2024.09.02	03:50:12.248	0.84150	0.84151			6
2024.09.02	03:50:12.563	0.84151	0.84152			6
2024.09.02	03:50:12.909	0.84152	0.84153			6
2024.09.02	03:50:17.382	0.84151	0.84152			6
2024.09.02	03:50:17.717	0.84152	0.84153			6
2024.09.02	03:50:18.352	0.84154	0.84155			6
2024.09.02	03:50:18.664	0.84151	0.84152			6
2024.09.02	03:50:23.816	0.84154	0.84155			6
2024.09.02	03:50:34.502	0.84155	0.84156			6
2024.09.02	03:50:37.370	0.84156	0.84157			6
2024.09.02	03:50:39.767	0.84154	0.84155			6
2024.09.02	03:50:46.345	0.84153	0.84154			6
2024.09.02	03:50:46.958	0.84154	0.84155			6
2024.09.02	03:50:47.507	0.84153	0.84154			6
2024.09.02	03:50:48.034	0.84154	0.84155			6
2024.09.02	03:50:48.390	0.84153	0.84154			6
2024.09.02	03:50:54.357	0.84152	0.84153			6
2024.09.02	03:50:58.522	0.84153	0.84154			6
2024.09.02	03:51:00.385	0.84153				2
2024.09.02	03:51:03.462	0.84154	0.84155			6
2024.09.02	03:51:05.342	0.84152	0.84153			6
2024.09.02	03:51:13.338	0.84150	0.84151			6
2024.09.02	03:51:15.396	0.84151	0.84152			6
2024.09.02	03:51:17.913	0.84150	0.84151			6
2024.09.02	03:51:35.296	0.84151	0.84152			6
2024.09.02	03:51:54.443	0.84152	0.84153			6
2024.09.02	03:51:57.461	0.84151	0.84152			6
2024.09.02	03:51:58.947	0.84152	0.84153			6
2024.09.02	03:52:00.374	0.84152				2
2024.09.02	03:52:08.370	0.84151	0.84152			6
2024.09.02	03:52:19.822	0.84150	0.84151			6
2024.09.02	03:52:23.897	0.84151	0.84152			6
2024.09.02	03:52:31.932	0.84152	0.84153			6
2024.09.02	03:52:35.307	0.84153	0.84154			6
2024.09.02	03:52:35.958	0.84152	0.84153			6
2024.09.02	03:52:42.005	0.84153	0.84154			6
2024.09.02	03:52:45.524	0.84154	0.84155			6
2024.09.02	03:53:00.647	0.84154				2
2024.09.02	03:53:12.137	0.84151	0.84152			6
2024.09.02	03:53:12.758	0.84150	0.84151			6
2024.09.02	03:53:14.977	0.84151	0.84152			6
2024.09.02	03:53:15.816	0.84150	0.84151			6
2024.09.02	03:53:19.404	0.84151	0.84152			6
2024.09.02	03:53:20.379	0.84150	0.84151			6
2024.09.02	03:53:21.384	0.84149	0.84150			6
2024.09.02	03:53:37.112	0.84150	0.84151			6
2024.09.02	03:53:41.185	0.84151	0.84152			6
2024.09.02	03:53:48.800	0.84150	0.84151			6
2024.09.02	03:53:49.993	0.84152	0.84153			6
2024.09.02	03:53:51.251	0.84153	0.84154			6
2024.09.02	03:53:52.031	0.84154	0.84155			6
2024.09.02	03:53:52.824	0.84153	0.84154			6
2024.09.02	03:53:58.337	0.84154	0.84155			6
2024.09.02	03:54:00.121	0.84154				2
2024.09.02	03:54:01.063	0.84152	0.84153			6
2024.09.02	03:54:02.566	0.84153	0.84154			6
2024.09.02	03:54:03.075	0.84152	0.84153			6
2024.09.02	03:54:06.178	0.84151	0.84152			6
2024.09.02	03:54:21.462	0.84150	0.84151			6
2024.09.02	03:54:24.809	0.84151	0.84152			6
2024.09.02	03:54:25.139	0.84152	0.84153			6
2024.09.02	03:54:29.769	0.84151	0.84152			6
2024.09.02	03:54:35.851	0.84152	0.84153			6
2024.09.02	03:54:37.495	0.84151	0.84152			6
2024.09.02	03:54:43.143	0.84152	0.84153			6
2024.09.02	03:54:43.527	0.84151	0.84152			6
2024.09.02	03:54:43.991	0.84154	0.84155			6
2024.09.02	03:54:46.137	0.84155	0.84156			6
2024.09.02	03:54:46.641	0.84154	0.84155			6
2024.09.02	03:54:52.436	0.84155	0.84156			6
2024.09.02	03:54:56.962	0.84154	0.84155			6
2024.09.02	03:54:57.276	0.84155	0.84156			6
2024.09.02	03:54:57.596	0.84154	0.84155			6
2024.09.02	03:54:58.392	0.84158	0.84159			6
2024.09.02	03:54:58.699	0.84157	0.84158			6
2024.09.02	03:54:59.663	0.84155	0.84156			6
2024.09.02	03:55:00.106	0.84153	0.84155			6
2024.09.02	03:55:00.427	0.84157	0.84158			6
2024.09.02	03:55:01.193	0.84152	0.84153			6
2024.09.02	03:55:01.518	0.84153	0.84154			6
2024.09.02	03:55:01.822	0.84152	0.84153			6
2024.09.02	03:55:02.695	0.84154	0.84155			6
2024.09.02	03:55:05.465	0.84153	0.84154			6
2024.09.02	03:55:09.131	0.84157	0.84158			6
2024.09.02	03:55:12.271	0.84160	0.84161			6
2024.09.02	03:55:15.200	0.84159	0.84160			6
2024.09.02	03:55:19.214	0.84157	0.84158			6
2024.09.02	03:55:20.143	0.84156	0.84157			6
2024.09.02	03:55:22.312	0.84155	0.84156			6
2024.09.02	03:55:27.089	0.84154	0.84155			6
2024.09.02	03:55:28.448	0.84153	0.84154			6
2024.09.02	03:55:30.951	0.84152	0.84153			6
2024.09.02	03:55:36.281	0.84151	0.84152			6
2024.09.02	03:55:36.642		0.84153			4
2024.09.02	03:55:37.825		0.84152			4
2024.09.02	03:55:38.584	0.84150	0.84151			6
2024.09.02	03:55:38.886	0.84151	0.84152			6
2024.09.02	03:55:41.257	0.84152	0.84153			6
2024.09.02	03:55:42.641	0.84151	0.84152			6
2024.09.02	03:55:44.851	0.84152	0.84153			6
2024.09.02	03:55:51.131	0.84151	0.84152			6
2024.09.02	03:55:52.364	0.84150	0.84151			6
2024.09.02	03:55:52.695	0.84151	0.84152			6
2024.09.02	03:55:54.008	0.84150	0.84151			6
2024.09.02	03:55:57.943	0.84151	0.84152			6
2024.09.02	03:56:00.070	0.84151				2
2024.09.02	03:56:00.598	0.84152	0.84153			6
2024.09.02	03:56:01.003	0.84153	0.84154			6
2024.09.02	03:56:02.955	0.84152	0.84153			6
2024.09.02	03:56:03.279	0.84153	0.84154			6
2024.09.02	03:56:03.636	0.84154	0.84155			6
2024.09.02	03:56:03.943	0.84156	0.84157			6
2024.09.02	03:56:04.346	0.84155	0.84156			6
2024.09.02	03:56:11.300	0.84154	0.84155			6
2024.09.02	03:56:16.033	0.84153	0.84154			6
2024.09.02	03:56:17.895	0.84154	0.84155			6
2024.09.02	03:56:32.968	0.84155	0.84156			6
2024.09.02	03:56:33.288	0.84156	0.84157			6
2024.09.02	03:56:33.977	0.84157	0.84158			6
2024.09.02	03:56:36.718	0.84158	0.84159			6
2024.09.02	03:56:37.046	0.84157	0.84158			6
2024.09.02	03:56:39.876	0.84158	0.84159			6
2024.09.02	03:56:45.831	0.84159	0.84160			6
2024.09.02	03:56:46.142	0.84158	0.84159			6
2024.09.02	03:56:54.025	0.84159	0.84160			6
2024.09.02	03:56:54.324	0.84160	0.84161			6
2024.09.02	03:56:54.647	0.84159	0.84160			6
2024.09.02	03:56:57.140	0.84160	0.84161			6
2024.09.02	03:57:00.212	0.84160				2
2024.09.02	03:57:00.524	0.84159	0.84160			6
2024.09.02	03:57:06.247	0.84160	0.84161			6
2024.09.02	03:57:10.801	0.84159	0.84160			6
