<DATE>	<TIME>	<BID>	<ASK>	<LAST>	<VOLUME>	<FLAGS>
2024.06.27	00:00:00.710	0.84591	0.84636			6
2024.06.27	00:00:01.491	0.84589				2
2024.06.27	00:00:01.873	0.84573	0.84638			6
2024.06.27	00:00:31.040	0.84570	0.84639			6
2024.06.27	00:00:46.021	0.84573				2
2024.06.27	00:01:01.042	0.84573				2
2024.06.27	00:01:38.817		0.84639			4
2024.06.27	00:01:46.417	0.84574				2
2024.06.27	00:01:47.670	0.84580				2
2024.06.27	00:01:55.668	0.84583				2
2024.06.27	00:01:56.672	0.84587				2
2024.06.27	00:02:00.681	0.84587				2
2024.06.27	00:02:44.543		0.84639			4
2024.06.27	00:02:56.680		0.84638			4
2024.06.27	00:03:13.260	0.84587				2
2024.06.27	00:04:34.576	0.84587	0.84638			6
2024.06.27	00:05:00.501	0.84587				2
2024.06.27	00:05:00.837	0.84584				2
2024.06.27	00:05:01.462	0.84558	0.84650			6
2024.06.27	00:05:30.730	0.84555				2
2024.06.27	00:06:00.041	0.84555				2
2024.06.27	00:06:04.624		0.84650			4
2024.06.27	00:07:02.160	0.84559				2
2024.06.27	00:07:08.710		0.84650			4
2024.06.27	00:07:50.575	0.84555				2
2024.06.27	00:07:59.326	0.84558				2
2024.06.27	00:08:00.829	0.84558				2
2024.06.27	00:08:10.596		0.84650			4
2024.06.27	00:08:12.476	0.84555				2
2024.06.27	00:08:13.300	0.84556	0.84632			6
2024.06.27	00:08:14.348		0.84633			4
2024.06.27	00:08:28.190	0.84555	0.84634			6
2024.06.27	00:08:29.461		0.84632			4
2024.06.27	00:08:30.726	0.84554				2
2024.06.27	00:08:52.370		0.84631			4
2024.06.27	00:09:17.488	0.84554				2
2024.06.27	00:09:58.099		0.84631			4
2024.06.27	00:10:00.371	0.84554	0.84614			6
2024.06.27	00:10:01.535	0.84556				2
2024.06.27	00:10:02.956	0.84554				2
2024.06.27	00:10:04.530	0.84558				2
2024.06.27	00:10:16.489	0.84568				2
2024.06.27	00:11:20.767	0.84566	0.84615			6
2024.06.27	00:11:30.925	0.84572	0.84617			6
2024.06.27	00:11:35.557	0.84574				2
2024.06.27	00:11:35.894	0.84572				2
2024.06.27	00:11:39.999	0.84579	0.84630			6
2024.06.27	00:11:42.066		0.84635			4
2024.06.27	00:11:42.480		0.84632			4
2024.06.27	00:11:47.217		0.84630			4
2024.06.27	00:12:01.467	0.84579				2
2024.06.27	00:12:03.227		0.84632			4
2024.06.27	00:12:14.352		0.84633			4
2024.06.27	00:12:16.479	0.84576	0.84617			6
2024.06.27	00:12:17.577	0.84574	0.84615			6
2024.06.27	00:12:41.560	0.84577	0.84617			6
2024.06.27	00:12:44.960	0.84578	0.84619			6
2024.06.27	00:12:47.958	0.84577	0.84620			6
2024.06.27	00:13:00.540	0.84577				2
2024.06.27	00:13:02.527	0.84578				2
2024.06.27	00:13:02.962	0.84577	0.84618			6
2024.06.27	00:13:09.691	0.84579	0.84620			6
2024.06.27	00:13:29.231	0.84580	0.84626			6
2024.06.27	00:13:38.114		0.84625			4
2024.06.27	00:13:46.101		0.84627			4
2024.06.27	00:13:50.526	0.84573	0.84617			6
2024.06.27	00:13:51.667		0.84616			4
2024.06.27	00:13:56.535	0.84577	0.84618			6
2024.06.27	00:13:59.828		0.84619			4
2024.06.27	00:14:01.014	0.84577				2
2024.06.27	00:14:01.937	0.84571				2
2024.06.27	00:14:02.657	0.84576				2
2024.06.27	00:14:19.756	0.84577				2
2024.06.27	00:14:22.674	0.84574	0.84621			6
2024.06.27	00:14:26.402	0.84571	0.84629			6
2024.06.27	00:14:30.654		0.84634			4
2024.06.27	00:14:33.790	0.84578	0.84636			6
2024.06.27	00:14:39.369		0.84630			4
2024.06.27	00:14:41.368	0.84571	0.84624			6
2024.06.27	00:14:42.354	0.84560	0.84622			6
2024.06.27	00:14:43.824	0.84561				2
2024.06.27	00:14:46.857		0.84623			4
2024.06.27	00:14:47.585		0.84621			4
2024.06.27	00:14:49.075		0.84616			4
2024.06.27	00:14:51.110		0.84614			4
2024.06.27	00:14:53.631	0.84560				2
2024.06.27	00:14:56.791	0.84558	0.84613			6
2024.06.27	00:15:00.260	0.84558				2
2024.06.27	00:15:03.818		0.84610			4
2024.06.27	00:15:04.926		0.84609			4
2024.06.27	00:15:05.801	0.84561				2
2024.06.27	00:15:06.441		0.84614			4
2024.06.27	00:15:07.503		0.84613			4
2024.06.27	00:15:10.315		0.84622			4
2024.06.27	00:15:11.137	0.84563	0.84635			6
2024.06.27	00:15:14.285		0.84636			4
2024.06.27	00:15:16.347		0.84635			4
2024.06.27	00:15:17.795	0.84564	0.84636			6
2024.06.27	00:15:20.758		0.84637			4
2024.06.27	00:15:24.768		0.84638			4
2024.06.27	00:15:28.616		0.84637			4
2024.06.27	00:15:29.469		0.84638			4
2024.06.27	00:15:40.769		0.84637			4
2024.06.27	00:15:43.975		0.84635			4
2024.06.27	00:15:46.987	0.84563	0.84630			6
2024.06.27	00:15:50.923		0.84629			4
2024.06.27	00:16:01.025	0.84563	0.84628			6
2024.06.27	00:16:04.521		0.84626			4
2024.06.27	00:16:07.884		0.84627			4
2024.06.27	00:16:10.119		0.84632			4
2024.06.27	00:16:11.127		0.84633			4
2024.06.27	00:16:13.160		0.84634			4
2024.06.27	00:16:14.059		0.84635			4
2024.06.27	00:16:22.549		0.84634			4
2024.06.27	00:16:42.645		0.84630			4
2024.06.27	00:16:46.798		0.84627			4
2024.06.27	00:16:47.653		0.84630			4
2024.06.27	00:16:50.173		0.84629			4
2024.06.27	00:16:53.757		0.84628			4
2024.06.27	00:16:56.935		0.84637			4
2024.06.27	00:17:01.034	0.84564	0.84638			6
2024.06.27	00:17:33.348	0.84563	0.84634			6
2024.06.27	00:17:35.661		0.84633			4
2024.06.27	00:17:36.397		0.84627			4
2024.06.27	00:17:39.800	0.84559				2
2024.06.27	00:17:41.183	0.84564				2
2024.06.27	00:17:43.005		0.84628			4
2024.06.27	00:17:44.860	0.84559	0.84627			6
2024.06.27	00:17:46.245		0.84626			4
2024.06.27	00:17:51.860		0.84625			4
2024.06.27	00:17:52.501		0.84626			4
2024.06.27	00:17:55.745		0.84633			4
2024.06.27	00:18:02.360	0.84559				2
2024.06.27	00:18:11.122	0.84560				2
2024.06.27	00:18:24.195		0.84631			4
2024.06.27	00:19:00.364	0.84560				2
2024.06.27	00:19:20.660		0.84630			4
2024.06.27	00:19:39.132		0.84631			4
2024.06.27	00:20:05.426	0.84560				2
2024.06.27	00:20:09.555		0.84627			4
2024.06.27	00:21:00.318	0.84560				2
2024.06.27	00:21:00.648		0.84628			4
2024.06.27	00:21:27.878		0.84627			4
2024.06.27	00:21:43.465		0.84628			4
2024.06.27	00:21:59.059		0.84627			4
2024.06.27	00:22:00.308	0.84560				2
2024.06.27	00:22:47.193		0.84628			4
2024.06.27	00:22:50.962		0.84629			4
2024.06.27	00:22:51.627		0.84631			4
2024.06.27	00:23:01.122	0.84560				2
2024.06.27	00:23:18.580		0.84630			4
2024.06.27	00:23:23.961		0.84631			4
2024.06.27	00:23:32.104		0.84632			4
2024.06.27	00:23:43.761		0.84631			4
2024.06.27	00:23:46.449		0.84633			4
2024.06.27	00:24:00.270	0.84560				2
2024.06.27	00:24:00.897		0.84632			4
2024.06.27	00:24:05.664		0.84631			4
2024.06.27	00:24:21.075		0.84633			4
2024.06.27	00:24:45.531		0.84626			4
2024.06.27	00:24:45.866		0.84623			4
2024.06.27	00:24:47.360		0.84627			4
2024.06.27	00:24:48.826		0.84626			4
2024.06.27	00:24:51.277		0.84630			4
2024.06.27	00:24:55.795	0.84539				2
2024.06.27	00:24:58.949	0.84542				2
2024.06.27	00:25:00.141	0.84552				2
2024.06.27	00:25:01.382		0.84631			4
2024.06.27	00:25:01.725	0.84566	0.84630			6
2024.06.27	00:25:06.263		0.84631			4
2024.06.27	00:25:09.556	0.84564				2
2024.06.27	00:25:12.259	0.84567				2
2024.06.27	00:25:40.351	0.84564	0.84634			6
2024.06.27	00:25:41.063	0.84566				2
2024.06.27	00:25:56.359	0.84559	0.84639			6
2024.06.27	00:26:01.387	0.84564	0.84640			6
2024.06.27	00:26:05.177	0.84562	0.84642			6
2024.06.27	00:26:06.566	0.84565				2
2024.06.27	00:26:10.289	0.84567	0.84639			6
2024.06.27	00:26:11.785	0.84564	0.84642			6
2024.06.27	00:26:16.159	0.84566				2
2024.06.27	00:26:17.484	0.84568				2
2024.06.27	00:26:19.961	0.84570				2
2024.06.27	00:26:21.265	0.84581	0.84632			6
2024.06.27	00:26:21.601	0.84572	0.84633			6
2024.06.27	00:26:22.467	0.84573	0.84632			6
2024.06.27	00:26:23.150	0.84572				2
2024.06.27	00:26:27.273	0.84573	0.84629			6
2024.06.27	00:26:30.088	0.84569	0.84627			6
2024.06.27	00:26:31.458	0.84570	0.84626			6
2024.06.27	00:26:34.155	0.84569	0.84622			6
2024.06.27	00:26:34.528	0.84564				2
2024.06.27	00:26:35.599	0.84562	0.84624			6
2024.06.27	00:26:35.971	0.84564				2
2024.06.27	00:26:40.209	0.84563	0.84622			6
2024.06.27	00:26:45.369	0.84560	0.84624			6
2024.06.27	00:26:47.059	0.84563				2
2024.06.27	00:26:49.323	0.84564	0.84622			6
2024.06.27	00:26:57.275	0.84565				2
2024.06.27	00:26:58.384	0.84566	0.84621			6
2024.06.27	00:26:59.583	0.84561	0.84625			6
2024.06.27	00:27:06.253	0.84562				2
2024.06.27	00:27:07.317	0.84565	0.84621			6
2024.06.27	00:27:11.065	0.84564				2
2024.06.27	00:27:16.463		0.84622			4
2024.06.27	00:27:19.873	0.84562	0.84625			6
2024.06.27	00:27:20.357	0.84564				2
2024.06.27	00:27:21.761	0.84565	0.84624			6
2024.06.27	00:27:22.081	0.84570	0.84628			6
2024.06.27	00:27:24.052	0.84569	0.84629			6
2024.06.27	00:27:30.746	0.84568				2
2024.06.27	00:28:01.189	0.84568				2
2024.06.27	00:28:12.263		0.84630			4
2024.06.27	00:28:21.438	0.84569				2
2024.06.27	00:28:21.874	0.84570				2
2024.06.27	00:28:22.221	0.84569				2
2024.06.27	00:28:24.285	0.84571				2
2024.06.27	00:28:24.748	0.84569				2
2024.06.27	00:28:29.193	0.84567	0.84632			6
2024.06.27	00:28:30.568	0.84568				2
2024.06.27	00:28:34.874		0.84631			4
2024.06.27	00:28:53.060	0.84569				2
2024.06.27	00:28:59.344	0.84573	0.84627			6
2024.06.27	00:28:59.752	0.84571	0.84629			6
2024.06.27	00:29:01.907	0.84571				2
2024.06.27	00:29:02.357	0.84570	0.84628			6
2024.06.27	00:29:11.297	0.84573				2
2024.06.27	00:29:15.256	0.84571				2
2024.06.27	00:29:25.504	0.84561	0.84637			6
2024.06.27	00:29:26.361	0.84562				2
2024.06.27	00:29:31.626	0.84564	0.84638			6
2024.06.27	00:29:34.368		0.84639			4
2024.06.27	00:29:35.813	0.84569				2
2024.06.27	00:29:38.071	0.84570	0.84641			6
2024.06.27	00:29:39.778	0.84571				2
2024.06.27	00:29:46.913	0.84572	0.84640			6
2024.06.27	00:29:47.229	0.84571	0.84641			6
2024.06.27	00:29:48.274	0.84572				2
2024.06.27	00:29:48.901	0.84571				2
2024.06.27	00:29:50.436		0.84640			4
2024.06.27	00:29:51.139	0.84579	0.84633			6
2024.06.27	00:29:54.588	0.84581	0.84630			6
2024.06.27	00:29:56.238	0.84576	0.84629			6
2024.06.27	00:29:56.734	0.84578	0.84628			6
2024.06.27	00:30:00.113	0.84580	0.84629			6
2024.06.27	00:30:00.437	0.84578	0.84628			6
2024.06.27	00:30:01.891	0.84567	0.84631			6
2024.06.27	00:30:02.461	0.84573				2
2024.06.27	00:30:02.765	0.84568				2
2024.06.27	00:30:04.723	0.84569	0.84630			6
2024.06.27	00:30:05.062	0.84568	0.84631			6
2024.06.27	00:30:05.391	0.84570				2
2024.06.27	00:30:07.098	0.84571	0.84630			6
2024.06.27	00:30:08.245	0.84568				2
2024.06.27	00:30:08.782	0.84570				2
2024.06.27	00:30:11.757	0.84571				2
2024.06.27	00:30:12.444	0.84573				2
2024.06.27	00:30:13.726	0.84575				2
2024.06.27	00:30:19.193	0.84573	0.84632			6
2024.06.27	00:30:19.537	0.84575				2
2024.06.27	00:30:20.830	0.84576	0.84629			6
2024.06.27	00:30:21.262	0.84577				2
2024.06.27	00:30:22.209	0.84575	0.84631			6
2024.06.27	00:30:23.416	0.84573	0.84632			6
2024.06.27	00:30:25.789	0.84576				2
2024.06.27	00:31:46.234	0.84589	0.84636			6
2024.06.27	00:31:52.263	0.84588	0.84637			6
2024.06.27	00:31:54.027	0.84589				2
2024.06.27	00:31:54.859	0.84586				2
2024.06.27	00:33:08.620	0.84588	0.84637			6
2024.06.27	00:33:12.281	0.84592				2
2024.06.27	00:33:14.990	0.84589	0.84636			6
2024.06.27	00:33:16.761	0.84591				2
2024.06.27	00:33:33.257		0.84637			4
2024.06.27	00:33:41.941	0.84588	0.84635			6
2024.06.27	00:33:43.165	0.84589				2
2024.06.27	00:33:44.878		0.84636			4
2024.06.27	00:33:52.934	0.84590	0.84635			6
2024.06.27	00:33:56.067	0.84591				2
2024.06.27	00:33:58.461	0.84592				2
2024.06.27	00:34:01.923	0.84592				2
2024.06.27	00:34:02.336	0.84591	0.84636			6
2024.06.27	00:34:05.942	0.84588				2
2024.06.27	00:34:15.709	0.84589	0.84637			6
2024.06.27	00:34:23.461	0.84588				2
2024.06.27	00:34:25.820	0.84592	0.84636			6
2024.06.27	00:34:26.123	0.84589				2
2024.06.27	00:34:26.662	0.84590	0.84637			6
2024.06.27	00:34:28.238	0.84563	0.84640			6
2024.06.27	00:34:28.741	0.84562				2
2024.06.27	00:34:29.061	0.84560				2
2024.06.27	00:34:31.495	0.84565	0.84639			6
2024.06.27	00:34:35.961		0.84638			4
2024.06.27	00:34:37.453		0.84637			4
2024.06.27	00:34:39.852		0.84636			4
2024.06.27	00:34:43.164	0.84566	0.84635			6
2024.06.27	00:34:47.142	0.84567				2
2024.06.27	00:34:50.661		0.84634			4
2024.06.27	00:34:58.462		0.84633			4
2024.06.27	00:34:58.819	0.84568	0.84634			6
2024.06.27	00:35:00.358	0.84568				2
2024.06.27	00:35:04.555	0.84569	0.84633			6
2024.06.27	00:35:04.862	0.84574	0.84629			6
2024.06.27	00:35:06.292	0.84570	0.84633			6
2024.06.27	00:35:08.776	0.84572				2
2024.06.27	00:35:10.389	0.84570	0.84634			6
2024.06.27	00:35:11.710	0.84571				2
2024.06.27	00:35:17.961	0.84572	0.84633			6
2024.06.27	00:35:22.131	0.84573	0.84632			6
2024.06.27	00:35:28.709	0.84571	0.84633			6
2024.06.27	00:35:29.050	0.84573				2
2024.06.27	00:35:30.387	0.84570	0.84637			6
2024.06.27	00:35:41.872	0.84569				2
2024.06.27	00:36:01.793	0.84575	0.84633			6
2024.06.27	00:36:02.114	0.84572	0.84636			6
2024.06.27	00:36:03.147	0.84578	0.84637			6
2024.06.27	00:36:04.730	0.84576	0.84638			6
2024.06.27	00:36:06.329	0.84580				2
2024.06.27	00:36:08.444	0.84579				2
2024.06.27	00:36:08.765	0.84581				2
2024.06.27	00:36:11.401	0.84579				2
2024.06.27	00:36:11.788	0.84585				2
2024.06.27	00:36:12.102	0.84576				2
2024.06.27	00:36:12.461	0.84574				2
2024.06.27	00:36:14.668	0.84575				2
2024.06.27	00:36:19.345	0.84574				2
2024.06.27	00:36:22.432	0.84571				2
2024.06.27	00:36:24.720	0.84568				2
2024.06.27	00:36:25.055	0.84569				2
2024.06.27	00:36:27.372	0.84571				2
2024.06.27	00:36:31.724	0.84573	0.84637			6
2024.06.27	00:36:32.061	0.84571	0.84638			6
2024.06.27	00:36:32.391	0.84572				2
2024.06.27	00:36:32.705	0.84584	0.84630			6
2024.06.27	00:36:33.009	0.84576	0.84636			6
2024.06.27	00:36:33.394	0.84575				2
2024.06.27	00:36:33.720	0.84576	0.84637			6
2024.06.27	00:36:35.468	0.84571	0.84638			6
2024.06.27	00:36:35.781	0.84574				2
2024.06.27	00:36:36.726	0.84573				2
2024.06.27	00:36:37.065	0.84572				2
2024.06.27	00:36:40.821	0.84571				2
2024.06.27	00:36:41.122	0.84573	0.84635			6
2024.06.27	00:36:41.425	0.84572	0.84636			6
2024.06.27	00:36:43.708	0.84571	0.84635			6
2024.06.27	00:36:45.052	0.84573	0.84633			6
2024.06.27	00:36:45.680	0.84572	0.84634			6
2024.06.27	00:36:46.763	0.84573				2
2024.06.27	00:36:47.419	0.84572				2
2024.06.27	00:37:01.796	0.84571	0.84635			6
2024.06.27	00:37:05.764	0.84573	0.84633			6
2024.06.27	00:37:06.245	0.84572	0.84634			6
2024.06.27	00:37:06.947		0.84635			4
2024.06.27	00:37:12.019	0.84579	0.84627			6
2024.06.27	00:37:12.328	0.84576	0.84630			6
2024.06.27	00:37:12.664	0.84575	0.84631			6
2024.06.27	00:37:15.028	0.84574	0.84632			6
2024.06.27	00:37:31.794	0.84575	0.84631			6
2024.06.27	00:37:32.109	0.84574	0.84633			6
2024.06.27	00:37:37.950	0.84573				2
2024.06.27	00:37:38.792	0.84574				2
2024.06.27	00:37:46.923	0.84576	0.84632			6
2024.06.27	00:37:50.112		0.84631			4
2024.06.27	00:38:00.058	0.84578	0.84627			6
2024.06.27	00:38:06.743	0.84576	0.84628			6
2024.06.27	00:38:08.467	0.84577				2
2024.06.27	00:38:09.003	0.84575	0.84629			6
2024.06.27	00:38:10.317		0.84630			4
2024.06.27	00:38:15.891	0.84582	0.84631			6
2024.06.27	00:38:16.339	0.84580	0.84632			6
2024.06.27	00:38:17.722	0.84581				2
2024.06.27	00:38:18.026	0.84578	0.84635			6
2024.06.27	00:38:18.367	0.84580	0.84636			6
2024.06.27	00:38:19.033	0.84579	0.84637			6
2024.06.27	00:38:21.221	0.84580	0.84636			6
2024.06.27	00:38:24.295	0.84582				2
2024.06.27	00:38:24.879	0.84579	0.84637			6
2024.06.27	00:38:25.668	0.84578				2
2024.06.27	00:38:26.761	0.84577				2
2024.06.27	00:38:27.172	0.84581	0.84635			6
2024.06.27	00:38:27.579	0.84583	0.84634			6
2024.06.27	00:38:27.917	0.84584	0.84633			6
2024.06.27	00:38:28.695	0.84583	0.84634			6
2024.06.27	00:38:30.343	0.84582	0.84636			6
2024.06.27	00:38:32.372	0.84584	0.84634			6
2024.06.27	00:38:40.052	0.84582	0.84635			6
2024.06.27	00:38:40.451		0.84634			4
2024.06.27	00:38:44.316	0.84584	0.84632			6
2024.06.27	00:38:45.496	0.84583	0.84633			6
2024.06.27	00:38:46.280	0.84586	0.84634			6
2024.06.27	00:38:46.601	0.84584	0.84637			6
2024.06.27	00:39:01.018	0.84584				2
2024.06.27	00:39:01.800	0.84583				2
2024.06.27	00:39:27.466	0.84585				2
2024.06.27	00:39:49.239	0.84586	0.84637			6
2024.06.27	00:39:49.646	0.84589	0.84636			6
2024.06.27	00:39:49.958	0.84586	0.84637			6
2024.06.27	00:39:50.358	0.84585				2
2024.06.27	00:39:50.659	0.84583				2
2024.06.27	00:39:51.802	0.84584				2
2024.06.27	00:39:54.910		0.84636			4
2024.06.27	00:40:02.970	0.84584	0.84637			6
2024.06.27	00:40:12.078	0.84586				2
2024.06.27	00:40:13.034	0.84587				2
2024.06.27	00:40:13.465	0.84586				2
2024.06.27	00:40:19.177	0.84589	0.84634			6
2024.06.27	00:40:20.254	0.84588				2
2024.06.27	00:40:21.793		0.84633			4
2024.06.27	00:40:24.086	0.84584	0.84626			6
2024.06.27	00:40:24.413	0.84585	0.84625			6
2024.06.27	00:40:25.518	0.84582				2
2024.06.27	00:40:26.725	0.84581				2
2024.06.27	00:40:27.170	0.84583	0.84623			6
2024.06.27	00:40:27.514	0.84584	0.84622			6
2024.06.27	00:40:28.233		0.84623			4
2024.06.27	00:40:28.546	0.84581	0.84625			6
2024.06.27	00:40:28.862	0.84582	0.84624			6
2024.06.27	00:40:31.676		0.84625			4
2024.06.27	00:40:39.063		0.84626			4
2024.06.27	00:40:41.114		0.84625			4
2024.06.27	00:40:42.722		0.84626			4
2024.06.27	00:40:50.328	0.84571	0.84633			6
2024.06.27	00:40:50.642	0.84572	0.84634			6
2024.06.27	00:40:51.443	0.84574				2
2024.06.27	00:40:54.955	0.84575				2
2024.06.27	00:40:55.921	0.84576	0.84633			6
2024.06.27	00:40:57.591	0.84575	0.84632			6
2024.06.27	00:40:58.042	0.84576	0.84631			6
2024.06.27	00:40:58.463	0.84578	0.84628			6
2024.06.27	00:40:59.936	0.84579				2
2024.06.27	00:41:00.284	0.84580				2
2024.06.27	00:41:00.615		0.84625			4
2024.06.27	00:41:03.170	0.84581	0.84627			6
2024.06.27	00:41:03.485	0.84578	0.84623			6
2024.06.27	00:41:03.786	0.84577				2
2024.06.27	00:41:04.094		0.84624			4
2024.06.27	00:41:05.061	0.84575				2
2024.06.27	00:41:07.454		0.84625			4
2024.06.27	00:41:10.629	0.84577				2
2024.06.27	00:41:11.097	0.84578	0.84623			6
2024.06.27	00:41:11.770	0.84577	0.84624			6
2024.06.27	00:41:16.003	0.84580	0.84626			6
2024.06.27	00:41:18.208	0.84581	0.84627			6
2024.06.27	00:41:21.217	0.84580	0.84628			6
2024.06.27	00:41:22.507		0.84629			4
2024.06.27	00:41:28.721	0.84578	0.84630			6
2024.06.27	00:41:30.960	0.84576	0.84631			6
2024.06.27	00:41:32.094	0.84578				2
2024.06.27	00:41:35.020		0.84630			4
2024.06.27	00:41:35.920	0.84577	0.84631			6
2024.06.27	00:41:39.135	0.84579	0.84630			6
2024.06.27	00:41:43.378		0.84629			4
2024.06.27	00:42:02.686	0.84579				2
2024.06.27	00:42:05.225	0.84578	0.84630			6
2024.06.27	00:42:05.533	0.84579				2
2024.06.27	00:42:15.417		0.84629			4
2024.06.27	00:42:15.814		0.84630			4
2024.06.27	00:42:19.607	0.84578	0.84629			6
2024.06.27	00:42:29.061	0.84579	0.84628			6
2024.06.27	00:42:30.034	0.84578				2
2024.06.27	00:42:30.560	0.84580				2
2024.06.27	00:42:31.794	0.84579	0.84629			6
2024.06.27	00:42:36.910	0.84580				2
2024.06.27	00:42:41.388	0.84577	0.84630			6
2024.06.27	00:42:42.345	0.84579	0.84629			6
2024.06.27	00:42:42.852	0.84578	0.84630			6
2024.06.27	00:42:49.060	0.84580				2
2024.06.27	00:42:49.465	0.84577				2
2024.06.27	00:42:51.833	0.84579				2
2024.06.27	00:42:55.165	0.84578				2
2024.06.27	00:43:01.977	0.84577	0.84631			6
2024.06.27	00:43:06.958	0.84576	0.84632			6
2024.06.27	00:43:11.059	0.84577				2
2024.06.27	00:43:17.179	0.84578	0.84631			6
2024.06.27	00:43:19.181	0.84577	0.84632			6
2024.06.27	00:43:20.430		0.84631			4
2024.06.27	00:43:26.259	0.84576				2
2024.06.27	00:43:28.333		0.84632			4
2024.06.27	00:43:31.698	0.84575				2
2024.06.27	00:43:37.367	0.84576				2
2024.06.27	00:43:42.283		0.84631			4
2024.06.27	00:43:42.640	0.84575	0.84632			6
2024.06.27	00:43:52.593	0.84578				2
2024.06.27	00:43:52.918		0.84631			4
2024.06.27	00:43:53.259	0.84577				2
2024.06.27	00:43:53.609	0.84576	0.84632			6
2024.06.27	00:43:55.744	0.84585				2
2024.06.27	00:43:56.092		0.84631			4
2024.06.27	00:43:57.586		0.84632			4
2024.06.27	00:44:02.454	0.84585				2
2024.06.27	00:44:03.169	0.84582	0.84631			6
2024.06.27	00:44:03.790		0.84630			4
2024.06.27	00:44:04.189		0.84631			4
2024.06.27	00:44:04.632		0.84630			4
2024.06.27	00:44:05.351		0.84631			4
2024.06.27	00:44:12.131		0.84630			4
2024.06.27	00:44:12.682		0.84631			4
2024.06.27	00:44:19.730		0.84632			4
2024.06.27	00:44:23.253		0.84631			4
2024.06.27	00:44:36.045		0.84632			4
2024.06.27	00:44:39.765		0.84631			4
2024.06.27	00:45:01.395	0.84596	0.84637			6
2024.06.27	00:45:01.819		0.84636			4
2024.06.27	00:45:02.274	0.84582	0.84628			6
2024.06.27	00:45:06.145	0.84594	0.84626			6
2024.06.27	00:45:07.506		0.84623			4
2024.06.27	00:45:07.947		0.84624			4
2024.06.27	00:45:08.250		0.84625			4
2024.06.27	00:45:09.134		0.84619			4
2024.06.27	00:45:09.560		0.84620			4
2024.06.27	00:45:10.416		0.84621			4
2024.06.27	00:45:12.423		0.84620			4
2024.06.27	00:45:15.374		0.84619			4
2024.06.27	00:45:16.044		0.84620			4
2024.06.27	00:45:24.417		0.84619			4
2024.06.27	00:45:36.737		0.84617			4
2024.06.27	00:45:37.109		0.84618			4
2024.06.27	00:45:39.775		0.84619			4
2024.06.27	00:45:40.385		0.84620			4
2024.06.27	00:45:43.855		0.84619			4
2024.06.27	00:45:53.690		0.84620			4
2024.06.27	00:45:57.275		0.84619			4
2024.06.27	00:46:03.375	0.84594				2
2024.06.27	00:46:03.918		0.84620			4
2024.06.27	00:46:05.575		0.84619			4
2024.06.27	00:46:07.622		0.84620			4
2024.06.27	00:46:24.332		0.84619			4
2024.06.27	00:46:44.604		0.84616			4
2024.06.27	00:46:48.649		0.84618			4
2024.06.27	00:46:53.249		0.84619			4
2024.06.27	00:46:54.675		0.84618			4
2024.06.27	00:47:01.393	0.84604	0.84625			6
2024.06.27	00:47:02.526	0.84590	0.84618			6
2024.06.27	00:47:05.361	0.84588				2
2024.06.27	00:47:12.673	0.84587	0.84619			6
2024.06.27	00:47:36.813	0.84588				2
2024.06.27	00:47:44.960		0.84618			4
2024.06.27	00:47:53.551	0.84589				2
2024.06.27	00:47:59.169	0.84588				2
2024.06.27	00:48:05.592	0.84586	0.84619			6
2024.06.27	00:48:21.263	0.84587	0.84618			6
2024.06.27	00:48:27.598	0.84590				2
2024.06.27	00:48:31.275		0.84619			4
2024.06.27	00:48:45.821		0.84617			4
2024.06.27	00:48:46.139		0.84619			4
2024.06.27	00:48:54.332		0.84618			4
2024.06.27	00:49:07.896	0.84590				2
2024.06.27	00:49:30.597		0.84619			4
2024.06.27	00:49:59.811		0.84620			4
2024.06.27	00:50:00.416	0.84590				2
2024.06.27	00:50:03.450		0.84619			4
2024.06.27	00:50:03.754		0.84620			4
2024.06.27	00:50:08.562		0.84619			4
2024.06.27	00:50:08.925		0.84618			4
2024.06.27	00:50:09.745	0.84595	0.84615			6
2024.06.27	00:50:10.056	0.84591	0.84617			6
2024.06.27	00:50:12.450	0.84590				2
2024.06.27	00:50:17.550	0.84592	0.84615			6
2024.06.27	00:50:17.961	0.84590	0.84617			6
2024.06.27	00:50:20.373	0.84591				2
2024.06.27	00:50:21.688		0.84618			4
2024.06.27	00:50:27.611	0.84590				2
2024.06.27	00:50:28.188	0.84589				2
2024.06.27	00:50:35.661	0.84587				2
2024.06.27	00:50:36.804	0.84588	0.84617			6
2024.06.27	00:50:47.491	0.84590	0.84618			6
2024.06.27	00:50:47.967	0.84587				2
2024.06.27	00:50:52.022	0.84589				2
2024.06.27	00:51:00.176	0.84591	0.84616			6
2024.06.27	00:51:03.929	0.84594				2
2024.06.27	00:51:14.743	0.84588				2
2024.06.27	00:51:16.090		0.84617			4
2024.06.27	00:51:35.246	0.84589	0.84616			6
2024.06.27	00:51:38.534	0.84588	0.84617			6
2024.06.27	00:51:45.179	0.84591	0.84616			6
2024.06.27	00:51:53.720		0.84615			4
2024.06.27	00:52:04.808	0.84592	0.84614			6
2024.06.27	00:52:07.747	0.84594	0.84612			6
2024.06.27	00:52:29.446	0.84593	0.84613			6
2024.06.27	00:52:31.821	0.84592	0.84614			6
2024.06.27	00:52:33.258	0.84593	0.84612			6
2024.06.27	00:52:35.161	0.84591				2
2024.06.27	00:52:36.994	0.84590				2
2024.06.27	00:52:37.310	0.84589	0.84613			6
2024.06.27	00:52:59.049	0.84588	0.84614			6
2024.06.27	00:53:00.356	0.84594	0.84613			6
2024.06.27	00:53:01.800		0.84614			4
2024.06.27	00:53:02.121	0.84596				2
2024.06.27	00:53:06.267		0.84615			4
2024.06.27	00:53:07.468	0.84595				2
2024.06.27	00:53:09.523	0.84596				2
2024.06.27	00:53:11.796	0.84595				2
2024.06.27	00:53:12.131	0.84597	0.84614			6
2024.06.27	00:53:15.651	0.84596	0.84615			6
2024.06.27	00:53:20.596		0.84614			4
2024.06.27	00:53:29.174	0.84594	0.84611			6
2024.06.27	00:53:29.484	0.84591	0.84609			6
2024.06.27	00:53:30.914	0.84590	0.84610			6
2024.06.27	00:53:37.244	0.84589	0.84611			6
2024.06.27	00:53:54.095	0.84588				2
2024.06.27	00:54:02.101	0.84588				2
2024.06.27	00:54:02.857		0.84610			4
2024.06.27	00:54:04.511		0.84611			4
2024.06.27	00:54:12.141	0.84589	0.84610			6
2024.06.27	00:54:13.724	0.84588				2
2024.06.27	00:54:17.288	0.84589	0.84609			6
2024.06.27	00:54:17.618	0.84588	0.84610			6
2024.06.27	00:54:21.264		0.84611			4
2024.06.27	00:54:21.609	0.84586	0.84612			6
2024.06.27	00:54:25.715	0.84587				2
2024.06.27	00:54:30.728	0.84588	0.84611			6
2024.06.27	00:54:36.252	0.84587	0.84612			6
2024.06.27	00:54:42.582		0.84611			4
2024.06.27	00:54:48.072	0.84588	0.84610			6
2024.06.27	00:54:49.351	0.84589				2
2024.06.27	00:55:01.090	0.84588				2
2024.06.27	00:55:01.469	0.84587				2
2024.06.27	00:55:08.361	0.84588	0.84609			6
2024.06.27	00:55:10.401		0.84610			4
2024.06.27	00:55:17.553	0.84589	0.84611			6
2024.06.27	00:55:19.074		0.84610			4
2024.06.27	00:55:20.243	0.84588	0.84611			6
2024.06.27	00:55:20.604	0.84589	0.84610			6
2024.06.27	00:55:38.363		0.84611			4
2024.06.27	00:55:47.961		0.84610			4
2024.06.27	00:56:01.229	0.84589				2
2024.06.27	00:56:01.759	0.84588				2
2024.06.27	00:56:03.512	0.84591				2
2024.06.27	00:56:04.082	0.84589	0.84612			6
2024.06.27	00:56:06.851		0.84613			4
2024.06.27	00:56:07.619	0.84587	0.84614			6
2024.06.27	00:56:18.507	0.84586	0.84615			6
2024.06.27	00:56:27.262	0.84587				2
2024.06.27	00:56:28.203	0.84585	0.84617			6
2024.06.27	00:56:33.263	0.84586	0.84616			6
2024.06.27	00:56:33.938	0.84587	0.84615			6
2024.06.27	00:56:42.015	0.84590	0.84612			6
2024.06.27	00:56:46.575	0.84589				2
2024.06.27	00:56:47.477	0.84590				2
2024.06.27	00:56:48.592	0.84589	0.84613			6
2024.06.27	00:56:51.851	0.84593				2
2024.06.27	00:56:53.722	0.84592	0.84614			6
2024.06.27	00:56:58.736	0.84594	0.84613			6
2024.06.27	00:57:02.674	0.84594	0.84612			6
2024.06.27	00:57:05.045	0.84593	0.84613			6
2024.06.27	00:57:10.403		0.84612			4
2024.06.27	00:57:12.341	0.84592				2
2024.06.27	00:57:15.741	0.84591	0.84613			6
2024.06.27	00:57:17.197	0.84588	0.84617			6
2024.06.27	00:57:17.960	0.84584				2
2024.06.27	00:57:20.288	0.84585	0.84618			6
2024.06.27	00:57:20.601	0.84587	0.84617			6
2024.06.27	00:57:22.469	0.84588				2
2024.06.27	00:57:23.169	0.84587	0.84618			6
2024.06.27	00:57:26.862	0.84588	0.84617			6
2024.06.27	00:57:29.934	0.84587	0.84618			6
2024.06.27	00:57:36.059		0.84620			4
2024.06.27	00:57:37.253	0.84589	0.84619			6
2024.06.27	00:57:39.422	0.84591	0.84620			6
2024.06.27	00:57:43.031	0.84594	0.84614			6
2024.06.27	00:57:43.668	0.84593	0.84615			6
2024.06.27	00:57:44.353	0.84591	0.84614			6
2024.06.27	00:57:44.688	0.84592	0.84613			6
2024.06.27	00:57:45.981	0.84590	0.84610			6
2024.06.27	00:57:47.409	0.84589				2
2024.06.27	00:57:50.319	0.84590				2
2024.06.27	00:57:50.960	0.84592				2
2024.06.27	00:57:52.636	0.84590	0.84611			6
2024.06.27	00:57:55.347	0.84591				2
2024.06.27	00:57:55.838	0.84590	0.84612			6
2024.06.27	00:58:00.388	0.84591				2
2024.06.27	00:58:01.651	0.84592	0.84611			6
2024.06.27	00:58:04.416	0.84590				2
2024.06.27	00:58:05.994	0.84593				2
2024.06.27	00:58:07.772	0.84592	0.84610			6
2024.06.27	00:58:08.792	0.84589	0.84613			6
2024.06.27	00:58:10.893	0.84590	0.84612			6
2024.06.27	00:58:11.359	0.84591				2
2024.06.27	00:58:17.807	0.84590	0.84613			6
2024.06.27	00:58:19.540	0.84592	0.84612			6
2024.06.27	00:58:21.224	0.84591				2
2024.06.27	00:58:21.909	0.84587	0.84613			6
2024.06.27	00:58:26.047		0.84612			4
2024.06.27	00:58:33.558		0.84613			4
2024.06.27	00:58:34.714	0.84590				2
2024.06.27	00:58:38.742	0.84589	0.84614			6
2024.06.27	00:58:39.762	0.84592	0.84612			6
2024.06.27	00:58:40.898	0.84591	0.84611			6
2024.06.27	00:58:42.407	0.84587	0.84612			6
2024.06.27	00:58:49.962	0.84594	0.84616			6
2024.06.27	00:58:51.674	0.84591	0.84614			6
2024.06.27	00:58:55.322	0.84590	0.84613			6
2024.06.27	00:59:00.321	0.84591				2
2024.06.27	00:59:10.295	0.84592	0.84612			6
2024.06.27	00:59:11.404	0.84590				2
2024.06.27	00:59:17.899	0.84591				2
2024.06.27	00:59:31.878	0.84588	0.84615			6
2024.06.27	00:59:32.472	0.84590				2
2024.06.27	00:59:33.796		0.84614			4
2024.06.27	00:59:41.841	0.84589				2
2024.06.27	00:59:48.591		0.84613			4
2024.06.27	00:59:51.994	0.84588	0.84615			6
2024.06.27	00:59:52.907	0.84589	0.84614			6
2024.06.27	01:00:00.320	0.84582	0.84621			6
2024.06.27	01:00:00.624	0.84586	0.84620			6
2024.06.27	01:00:00.926	0.84592	0.84624			6
2024.06.27	01:00:01.248	0.84588				2
2024.06.27	01:00:01.562	0.84594	0.84625			6
2024.06.27	01:00:01.864	0.84610	0.84624			6
2024.06.27	01:00:02.214	0.84611	0.84623			6
2024.06.27	01:00:03.154	0.84588	0.84624			6
2024.06.27	01:00:03.818	0.84593				2
2024.06.27	01:00:04.877	0.84596				2
2024.06.27	01:00:05.505	0.84593				2
2024.06.27	01:00:05.938		0.84625			4
2024.06.27	01:00:06.243	0.84597				2
2024.06.27	01:00:06.948	0.84593				2
2024.06.27	01:00:08.508	0.84588	0.84623			6
2024.06.27	01:00:08.825	0.84596	0.84624			6
2024.06.27	01:00:09.587		0.84625			4
2024.06.27	01:00:09.942	0.84600				2
2024.06.27	01:00:10.297	0.84599				2
2024.06.27	01:00:12.194	0.84598				2
2024.06.27	01:00:12.685	0.84599				2
2024.06.27	01:00:14.579	0.84600				2
2024.06.27	01:00:15.272		0.84624			4
2024.06.27	01:00:15.759	0.84599				2
2024.06.27	01:00:16.064	0.84600				2
2024.06.27	01:00:16.987	0.84604				2
2024.06.27	01:00:18.382	0.84605				2
2024.06.27	01:00:19.375	0.84604				2
2024.06.27	01:00:20.361	0.84607				2
2024.06.27	01:00:22.300	0.84608				2
2024.06.27	01:00:23.759	0.84610				2
2024.06.27	01:00:24.772	0.84604				2
2024.06.27	01:00:26.291	0.84605				2
2024.06.27	01:00:26.711		0.84625			4
2024.06.27	01:00:29.420	0.84604				2
2024.06.27	01:00:31.208	0.84603				2
2024.06.27	01:00:32.378	0.84604				2
2024.06.27	01:00:33.955	0.84605				2
2024.06.27	01:00:34.460	0.84606	0.84624			6
2024.06.27	01:00:34.773	0.84604				2
2024.06.27	01:00:36.196	0.84605	0.84623			6
2024.06.27	01:00:37.495	0.84604	0.84624			6
2024.06.27	01:00:37.898	0.84603				2
2024.06.27	01:00:38.961	0.84604				2
2024.06.27	01:00:45.351	0.84605				2
2024.06.27	01:00:45.725	0.84607	0.84627			6
2024.06.27	01:00:47.845		0.84628			4
2024.06.27	01:00:56.381	0.84606				2
2024.06.27	01:00:57.566	0.84607				2
2024.06.27	01:01:00.412	0.84607				2
2024.06.27	01:01:01.308	0.84608	0.84629			6
2024.06.27	01:01:04.227	0.84604	0.84623			6
2024.06.27	01:01:11.356	0.84600				2
2024.06.27	01:01:15.508	0.84602				2
2024.06.27	01:01:16.433	0.84601				2
2024.06.27	01:01:23.362	0.84602				2
2024.06.27	01:01:25.759	0.84606				2
2024.06.27	01:01:26.547	0.84603				2
2024.06.27	01:01:33.205	0.84604				2
2024.06.27	01:01:33.870	0.84605				2
2024.06.27	01:01:34.315	0.84604				2
2024.06.27	01:01:35.804	0.84606	0.84625			6
2024.06.27	01:01:36.116	0.84607				2
2024.06.27	01:01:38.460	0.84608				2
2024.06.27	01:01:41.018	0.84609				2
2024.06.27	01:01:41.348	0.84604				2
2024.06.27	01:01:43.761	0.84605				2
2024.06.27	01:01:48.984	0.84606				2
2024.06.27	01:01:51.821	0.84607	0.84626			6
2024.06.27	01:01:52.134	0.84617	0.84629			6
2024.06.27	01:01:52.481	0.84615	0.84626			6
2024.06.27	01:01:54.502		0.84627			4
2024.06.27	01:01:56.061		0.84626			4
2024.06.27	01:02:00.394	0.84616	0.84627			6
2024.06.27	01:02:02.962	0.84615	0.84626			6
2024.06.27	01:02:08.960	0.84616				2
2024.06.27	01:02:10.448	0.84615				2
2024.06.27	01:02:18.866		0.84625			4
2024.06.27	01:02:21.560	0.84614				2
2024.06.27	01:02:27.587		0.84624			4
2024.06.27	01:02:29.713	0.84613				2
2024.06.27	01:02:34.461		0.84623			4
2024.06.27	01:02:49.180		0.84622			4
2024.06.27	01:02:50.065	0.84614	0.84623			6
2024.06.27	01:03:00.262	0.84614				2
2024.06.27	01:03:04.379	0.84615	0.84624			6
2024.06.27	01:03:04.830	0.84614				2
2024.06.27	01:03:05.214	0.84615				2
2024.06.27	01:03:06.286	0.84614	0.84625			6
2024.06.27	01:03:06.661	0.84615	0.84624			6
2024.06.27	01:03:07.322		0.84625			4
2024.06.27	01:03:07.941	0.84614	0.84624			6
2024.06.27	01:03:08.243	0.84615	0.84623			6
2024.06.27	01:03:08.556		0.84624			4
2024.06.27	01:03:09.802	0.84614	0.84623			6
2024.06.27	01:03:10.432	0.84615	0.84624			6
2024.06.27	01:03:10.739		0.84623			4
2024.06.27	01:03:20.229		0.84624			4
2024.06.27	01:03:27.517	0.84616				2
2024.06.27	01:03:34.852		0.84623			4
2024.06.27	01:04:00.361	0.84616				2
2024.06.27	01:04:08.189	0.84617	0.84624			6
2024.06.27	01:04:19.478		0.84625			4
2024.06.27	01:04:20.060		0.84624			4
2024.06.27	01:04:32.663		0.84623			4
2024.06.27	01:04:40.040		0.84625			4
2024.06.27	01:05:00.270	0.84617				2
2024.06.27	01:05:04.760	0.84618				2
2024.06.27	01:05:08.061		0.84626			4
2024.06.27	01:05:26.200		0.84625			4
2024.06.27	01:05:36.264	0.84619				2
2024.06.27	01:06:00.594	0.84619				2
2024.06.27	01:06:07.220	0.84621	0.84628			6
2024.06.27	01:06:10.241	0.84622				2
2024.06.27	01:06:22.263	0.84621	0.84627			6
2024.06.27	01:06:25.915	0.84622				2
2024.06.27	01:06:34.961	0.84621				2
2024.06.27	01:06:35.964		0.84628			4
2024.06.27	01:06:50.061	0.84622				2
2024.06.27	01:06:52.527	0.84620				2
2024.06.27	01:07:03.378	0.84620				2
2024.06.27	01:07:14.206		0.84629			4
2024.06.27	01:07:28.762		0.84628			4
2024.06.27	01:07:32.481	0.84623	0.84629			6
2024.06.27	01:08:04.351	0.84623				2
2024.06.27	01:08:35.061	0.84624	0.84629			6
2024.06.27	01:08:54.515	0.84622	0.84628			6
2024.06.27	01:08:55.238	0.84621				2
2024.06.27	01:09:04.208	0.84621				2
2024.06.27	01:09:36.528	0.84622	0.84627			6
2024.06.27	01:09:36.843	0.84623	0.84629			6
2024.06.27	01:09:51.673	0.84618	0.84626			6
2024.06.27	01:09:53.610		0.84625			4
2024.06.27	01:09:57.861		0.84626			4
2024.06.27	01:09:59.609	0.84619	0.84627			6
2024.06.27	01:10:00.043	0.84619				2
2024.06.27	01:10:09.261	0.84618				2
2024.06.27	01:10:18.598		0.84626			4
2024.06.27	01:10:19.106		0.84627			4
2024.06.27	01:10:23.350		0.84626			4
2024.06.27	01:10:27.112		0.84627			4
2024.06.27	01:10:30.632		0.84626			4
2024.06.27	01:10:30.992	0.84616	0.84625			6
2024.06.27	01:10:51.501	0.84618	0.84624			6
2024.06.27	01:10:55.460	0.84619	0.84625			6
2024.06.27	01:11:00.413	0.84619				2
2024.06.27	01:11:22.073	0.84621	0.84628			6
2024.06.27	01:11:23.960		0.84627			4
2024.06.27	01:11:33.317		0.84626			4
2024.06.27	01:11:50.602	0.84622				2
2024.06.27	01:11:54.401	0.84621				2
2024.06.27	01:12:02.558	0.84620				2
2024.06.27	01:12:13.163	0.84621				2
2024.06.27	01:12:16.760	0.84620				2
2024.06.27	01:12:33.236	0.84621				2
2024.06.27	01:12:43.089		0.84626			4
2024.06.27	01:12:52.184	0.84622				2
2024.06.27	01:13:00.193	0.84622				2
2024.06.27	01:13:13.751	0.84623				2
2024.06.27	01:13:34.329		0.84627			4
2024.06.27	01:13:50.975	0.84624	0.84631			6
2024.06.27	01:13:56.524		0.84630			4
2024.06.27	01:14:00.434	0.84624	0.84629			6
2024.06.27	01:14:03.744		0.84630			4
2024.06.27	01:14:19.031		0.84631			4
2024.06.27	01:14:24.206		0.84630			4
2024.06.27	01:14:33.259		0.84631			4
2024.06.27	01:14:33.563		0.84630			4
2024.06.27	01:14:46.276		0.84631			4
2024.06.27	01:14:51.447		0.84630			4
2024.06.27	01:15:00.094	0.84624				2
2024.06.27	01:15:01.797		0.84629			4
2024.06.27	01:15:04.115	0.84623	0.84628			6
2024.06.27	01:15:17.892	0.84624				2
2024.06.27	01:16:04.461	0.84624	0.84628			6
2024.06.27	01:16:13.029		0.84629			4
2024.06.27	01:16:24.910	0.84623				2
2024.06.27	01:16:29.961	0.84622	0.84626			6
2024.06.27	01:16:30.308	0.84621	0.84625			6
2024.06.27	01:16:31.492	0.84622	0.84626			6
2024.06.27	01:17:02.019	0.84622				2
2024.06.27	01:17:02.407	0.84621	0.84625			6
2024.06.27	01:17:16.760	0.84622	0.84626			6
2024.06.27	01:18:00.900	0.84622				2
2024.06.27	01:18:03.705	0.84623	0.84627			6
2024.06.27	01:18:21.603	0.84622	0.84626			6
2024.06.27	01:18:26.598	0.84621	0.84625			6
2024.06.27	01:18:41.481	0.84620	0.84627			6
2024.06.27	01:18:44.362	0.84619				2
2024.06.27	01:18:50.064		0.84626			4
2024.06.27	01:18:53.419	0.84620				2
2024.06.27	01:19:02.029	0.84620				2
2024.06.27	01:19:05.292	0.84619	0.84625			6
2024.06.27	01:19:08.648	0.84620	0.84624			6
2024.06.27	01:19:13.560		0.84625			4
2024.06.27	01:19:13.874		0.84626			4
2024.06.27	01:19:45.793		0.84625			4
2024.06.27	01:19:51.130		0.84626			4
2024.06.27	01:20:00.387	0.84620	0.84625			6
2024.06.27	01:20:05.061		0.84626			4
2024.06.27	01:20:37.695		0.84625			4
2024.06.27	01:20:42.643	0.84619	0.84626			6
2024.06.27	01:20:43.049	0.84620	0.84625			6
2024.06.27	01:20:54.261	0.84619	0.84626			6
2024.06.27	01:20:56.925		0.84625			4
2024.06.27	01:20:58.481		0.84624			4
2024.06.27	01:21:00.199	0.84619				2
2024.06.27	01:21:06.956		0.84625			4
2024.06.27	01:21:10.578		0.84624			4
2024.06.27	01:21:23.182		0.84626			4
2024.06.27	01:21:23.487	0.84620				2
2024.06.27	01:21:33.066		0.84625			4
2024.06.27	01:21:33.581		0.84626			4
2024.06.27	01:21:36.815	0.84619	0.84625			6
2024.06.27	01:21:45.264	0.84620	0.84626			6
2024.06.27	01:21:53.432		0.84625			4
2024.06.27	01:22:00.028	0.84620	0.84626			6
2024.06.27	01:22:03.269	0.84619				2
2024.06.27	01:22:03.720		0.84625			4
2024.06.27	01:22:08.115		0.84624			4
2024.06.27	01:22:11.181		0.84625			4
2024.06.27	01:22:22.664		0.84624			4
2024.06.27	01:22:34.160		0.84625			4
2024.06.27	01:22:38.250		0.84624			4
2024.06.27	01:22:38.661		0.84623			4
2024.06.27	01:22:46.698	0.84616	0.84624			6
2024.06.27	01:22:53.962	0.84617	0.84623			6
2024.06.27	01:23:00.793	0.84617				2
2024.06.27	01:23:02.961	0.84616				2
2024.06.27	01:23:10.393	0.84615	0.84621			6
2024.06.27	01:23:17.604	0.84613	0.84620			6
2024.06.27	01:23:21.366		0.84618			4
2024.06.27	01:23:24.801	0.84612				2
2024.06.27	01:23:26.406	0.84613				2
2024.06.27	01:23:30.552	0.84612	0.84619			6
2024.06.27	01:23:31.125		0.84618			4
2024.06.27	01:23:35.224	0.84611	0.84616			6
2024.06.27	01:23:37.631		0.84615			4
2024.06.27	01:23:39.670	0.84610				2
2024.06.27	01:23:44.734		0.84616			4
2024.06.27	01:23:50.360		0.84615			4
2024.06.27	01:24:00.621	0.84610				2
2024.06.27	01:24:12.128		0.84616			4
2024.06.27	01:24:15.643		0.84615			4
2024.06.27	01:24:16.460		0.84616			4
2024.06.27	01:24:19.647		0.84615			4
2024.06.27	01:24:20.618	0.84608	0.84614			6
2024.06.27	01:24:21.148	0.84609	0.84613			6
2024.06.27	01:24:26.742	0.84608	0.84614			6
2024.06.27	01:24:31.050	0.84609				2
2024.06.27	01:24:31.371	0.84610				2
2024.06.27	01:24:32.257	0.84609				2
2024.06.27	01:25:00.422	0.84609				2
2024.06.27	01:25:15.101	0.84610	0.84615			6
2024.06.27	01:25:24.308		0.84614			4
2024.06.27	01:25:24.617		0.84615			4
2024.06.27	01:25:30.609	0.84611				2
2024.06.27	01:25:33.804	0.84610				2
2024.06.27	01:25:45.277	0.84611				2
2024.06.27	01:25:55.822	0.84608	0.84613			6
2024.06.27	01:25:56.593		0.84615			4
2024.06.27	01:26:00.420	0.84608				2
2024.06.27	01:26:01.760		0.84614			4
2024.06.27	01:26:21.686		0.84613			4
2024.06.27	01:26:22.322		0.84614			4
2024.06.27	01:26:23.057		0.84615			4
2024.06.27	01:26:33.606		0.84614			4
2024.06.27	01:26:33.970		0.84615			4
2024.06.27	01:26:41.441		0.84614			4
2024.06.27	01:26:46.278		0.84615			4
2024.06.27	01:26:47.394	0.84609	0.84614			6
2024.06.27	01:26:58.298	0.84608	0.84615			6
2024.06.27	01:27:00.467	0.84608				2
2024.06.27	01:27:03.665		0.84613			4
2024.06.27	01:27:03.965		0.84615			4
2024.06.27	01:27:04.760	0.84609	0.84614			6
2024.06.27	01:27:14.959		0.84615			4
2024.06.27	01:27:30.261		0.84614			4
2024.06.27	01:27:32.336	0.84608	0.84615			6
2024.06.27	01:27:42.261	0.84609				2
2024.06.27	01:27:49.163		0.84614			4
2024.06.27	01:27:53.921	0.84608	0.84613			6
2024.06.27	01:27:56.506	0.84612	0.84617			6
2024.06.27	01:27:57.925	0.84613				2
2024.06.27	01:27:58.258		0.84618			4
2024.06.27	01:27:59.613		0.84617			4
2024.06.27	01:28:00.466	0.84613				2
2024.06.27	01:28:01.529		0.84618			4
2024.06.27	01:28:08.354	0.84612				2
2024.06.27	01:28:12.260	0.84613				2
2024.06.27	01:28:19.982		0.84617			4
2024.06.27	01:28:20.315		0.84618			4
2024.06.27	01:28:51.965		0.84617			4
2024.06.27	01:28:52.545		0.84618			4
2024.06.27	01:29:00.095	0.84613				2
2024.06.27	01:29:19.604		0.84617			4
2024.06.27	01:29:29.510		0.84618			4
2024.06.27	01:29:30.187	0.84614				2
2024.06.27	01:29:37.344		0.84619			4
2024.06.27	01:29:40.218		0.84618			4
2024.06.27	01:30:00.075	0.84614				2
2024.06.27	01:30:00.440		0.84619			4
2024.06.27	01:30:01.424	0.84618	0.84621			6
2024.06.27	01:30:02.259	0.84616				2
2024.06.27	01:30:02.652		0.84620			4
2024.06.27	01:30:05.723	0.84614	0.84619			6
2024.06.27	01:30:14.872	0.84613	0.84618			6
2024.06.27	01:30:15.183	0.84614				2
2024.06.27	01:30:16.910	0.84613	0.84617			6
2024.06.27	01:31:00.432	0.84613				2
2024.06.27	01:31:07.044	0.84612	0.84615			6
2024.06.27	01:31:11.026	0.84611				2
2024.06.27	01:31:28.649	0.84612	0.84616			6
2024.06.27	01:32:00.431	0.84612				2
2024.06.27	01:32:21.494	0.84611				2
2024.06.27	01:32:24.059	0.84612				2
2024.06.27	01:32:26.480	0.84610				2
2024.06.27	01:32:28.161		0.84615			4
2024.06.27	01:32:39.261		0.84616			4
2024.06.27	01:33:00.247	0.84610	0.84613			6
2024.06.27	01:33:03.218		0.84612			4
2024.06.27	01:33:08.962	0.84609				2
2024.06.27	01:33:22.074	0.84611	0.84613			6
2024.06.27	01:33:22.761	0.84610				2
2024.06.27	01:33:41.037	0.84611				2
2024.06.27	01:33:52.388		0.84614			4
2024.06.27	01:34:00.081	0.84611				2
2024.06.27	01:34:29.480		0.84613			4
2024.06.27	01:34:35.380	0.84612	0.84614			6
2024.06.27	01:34:35.683	0.84615	0.84617			6
2024.06.27	01:34:38.749	0.84616	0.84618			6
2024.06.27	01:34:41.574		0.84617			4
2024.06.27	01:34:57.910		0.84618			4
2024.06.27	01:35:00.397	0.84616				2
2024.06.27	01:35:11.135		0.84617			4
2024.06.27	01:35:12.171		0.84618			4
2024.06.27	01:35:21.333		0.84617			4
2024.06.27	01:35:22.869		0.84618			4
2024.06.27	01:36:00.035	0.84616				2
2024.06.27	01:36:03.044	0.84613				2
2024.06.27	01:36:04.838	0.84614	0.84616			6
2024.06.27	01:36:09.455		0.84617			4
2024.06.27	01:36:09.789		0.84616			4
2024.06.27	01:36:10.475		0.84617			4
2024.06.27	01:36:12.963	0.84613				2
2024.06.27	01:36:15.463	0.84614	0.84616			6
2024.06.27	01:36:17.292		0.84617			4
2024.06.27	01:36:17.905		0.84618			4
2024.06.27	01:36:18.257		0.84617			4
2024.06.27	01:36:21.842		0.84618			4
2024.06.27	01:36:22.171		0.84617			4
2024.06.27	01:36:25.171		0.84616			4
2024.06.27	01:36:26.556		0.84617			4
2024.06.27	01:36:30.395	0.84613	0.84618			6
2024.06.27	01:36:30.733	0.84614				2
2024.06.27	01:36:31.157		0.84616			4
2024.06.27	01:36:31.923		0.84617			4
2024.06.27	01:36:32.821		0.84616			4
2024.06.27	01:36:33.154		0.84617			4
2024.06.27	01:36:35.228		0.84616			4
2024.06.27	01:36:35.543		0.84617			4
2024.06.27	01:36:36.781		0.84616			4
2024.06.27	01:36:50.847	0.84613	0.84617			6
2024.06.27	01:36:55.095	0.84614				2
2024.06.27	01:36:56.735		0.84616			4
2024.06.27	01:37:00.431	0.84613	0.84618			6
2024.06.27	01:37:01.014	0.84614	0.84617			6
2024.06.27	01:37:02.545	0.84613	0.84618			6
2024.06.27	01:37:06.525	0.84614	0.84616			6
2024.06.27	01:37:12.801	0.84613	0.84618			6
2024.06.27	01:37:14.146	0.84614	0.84617			6
2024.06.27	01:37:14.455		0.84616			4
2024.06.27	01:37:19.008		0.84617			4
2024.06.27	01:37:19.361	0.84613	0.84618			6
2024.06.27	01:37:19.905	0.84614	0.84616			6
2024.06.27	01:37:20.215	0.84613	0.84618			6
2024.06.27	01:37:20.524		0.84617			4
2024.06.27	01:37:26.641	0.84614	0.84618			6
2024.06.27	01:37:30.031	0.84615	0.84617			6
2024.06.27	01:37:31.079		0.84618			4
2024.06.27	01:37:37.629		0.84617			4
2024.06.27	01:37:38.524	0.84614	0.84618			6
2024.06.27	01:37:43.432		0.84617			4
2024.06.27	01:37:58.475		0.84618			4
2024.06.27	01:38:00.308	0.84614				2
2024.06.27	01:38:01.548	0.84615				2
2024.06.27	01:38:03.756	0.84614				2
2024.06.27	01:38:24.263		0.84617			4
2024.06.27	01:38:42.219	0.84613				2
2024.06.27	01:38:42.560		0.84618			4
2024.06.27	01:38:51.996		0.84617			4
2024.06.27	01:39:00.551	0.84613				2
2024.06.27	01:39:01.704	0.84615	0.84616			6
2024.06.27	01:39:35.844	0.84616	0.84617			6
2024.06.27	01:39:42.749	0.84617	0.84618			6
2024.06.27	01:39:45.531	0.84616	0.84617			6
2024.06.27	01:39:46.009	0.84617	0.84618			6
2024.06.27	01:39:54.932	0.84616	0.84617			6
2024.06.27	01:39:58.934	0.84617	0.84618			6
2024.06.27	01:40:01.027	0.84617				2
2024.06.27	01:40:03.376	0.84616	0.84617			6
2024.06.27	01:40:07.066	0.84617	0.84618			6
2024.06.27	01:40:08.093	0.84616	0.84617			6
2024.06.27	01:40:08.738		0.84618			4
2024.06.27	01:40:09.096		0.84617			4
2024.06.27	01:40:10.140	0.84617	0.84618			6
2024.06.27	01:40:10.744	0.84616	0.84617			6
2024.06.27	01:40:16.341	0.84617	0.84618			6
2024.06.27	01:40:18.545	0.84616	0.84617			6
2024.06.27	01:40:18.993	0.84617	0.84618			6
2024.06.27	01:40:27.010	0.84614				2
2024.06.27	01:40:29.923		0.84617			4
2024.06.27	01:40:34.335	0.84613				2
2024.06.27	01:40:36.433	0.84614	0.84615			6
2024.06.27	01:40:55.726	0.84613	0.84614			6
2024.06.27	01:41:00.434	0.84613				2
2024.06.27	01:41:06.792	0.84614	0.84615			6
2024.06.27	01:41:29.446	0.84613	0.84614			6
2024.06.27	01:41:48.536	0.84614	0.84615			6
2024.06.27	01:41:53.605	0.84612	0.84614			6
2024.06.27	01:42:00.623	0.84612				2
2024.06.27	01:42:00.941	0.84613				2
2024.06.27	01:42:06.575	0.84612				2
2024.06.27	01:42:13.473	0.84613				2
2024.06.27	01:42:16.625	0.84612				2
2024.06.27	01:42:24.978	0.84613				2
2024.06.27	01:42:25.285	0.84612				2
2024.06.27	01:42:26.439	0.84613				2
2024.06.27	01:42:26.767	0.84612				2
2024.06.27	01:42:55.890		0.84614			4
2024.06.27	01:43:00.352	0.84612				2
2024.06.27	01:43:03.913	0.84613				2
2024.06.27	01:43:04.262	0.84612	0.84613			6
2024.06.27	01:43:05.372	0.84611	0.84612			6
2024.06.27	01:43:19.632	0.84612	0.84613			6
2024.06.27	01:43:44.117	0.84613	0.84614			6
2024.06.27	01:43:45.199	0.84612	0.84613			6
2024.06.27	01:43:46.915	0.84613	0.84614			6
2024.06.27	01:43:48.765	0.84612	0.84613			6
2024.06.27	01:43:50.370	0.84613	0.84614			6
2024.06.27	01:43:50.740	0.84612	0.84613			6
2024.06.27	01:44:00.444	0.84612				2
2024.06.27	01:44:11.124	0.84613	0.84614			6
2024.06.27	01:44:13.145	0.84612	0.84613			6
2024.06.27	01:44:14.172	0.84613	0.84614			6
2024.06.27	01:44:15.170	0.84612	0.84613			6
2024.06.27	01:44:16.118	0.84613	0.84614			6
2024.06.27	01:44:17.099	0.84612	0.84613			6
2024.06.27	01:44:18.172	0.84613	0.84614			6
2024.06.27	01:44:19.170	0.84612	0.84613			6
2024.06.27	01:44:19.535	0.84613	0.84614			6
2024.06.27	01:44:28.999	0.84612	0.84613			6
2024.06.27	01:44:57.464	0.84613	0.84614			6
2024.06.27	01:45:00.262	0.84613				2
2024.06.27	01:45:12.342	0.84612	0.84613			6
2024.06.27	01:45:19.199	0.84613	0.84614			6
2024.06.27	01:45:20.484	0.84612	0.84613			6
2024.06.27	01:45:51.938	0.84613	0.84614			6
2024.06.27	01:45:52.628	0.84614	0.84615			6
2024.06.27	01:46:00.315	0.84614				2
2024.06.27	01:46:15.322	0.84613	0.84614			6
2024.06.27	01:46:38.349	0.84612	0.84613			6
2024.06.27	01:47:00.431	0.84612				2
2024.06.27	01:47:39.100	0.84613	0.84614			6
2024.06.27	01:47:40.201	0.84612	0.84613			6
2024.06.27	01:47:48.747	0.84613	0.84614			6
2024.06.27	01:48:00.380	0.84613				2
2024.06.27	01:48:49.368		0.84614			4
2024.06.27	01:49:01.930	0.84613				2
2024.06.27	01:49:05.248	0.84612	0.84613			6
2024.06.27	01:49:13.805	0.84613	0.84614			6
2024.06.27	01:49:35.756	0.84612	0.84613			6
2024.06.27	01:49:36.876	0.84613	0.84614			6
2024.06.27	01:49:37.627	0.84612	0.84613			6
2024.06.27	01:49:45.634	0.84613	0.84614			6
2024.06.27	01:49:46.124	0.84612	0.84613			6
2024.06.27	01:49:47.829	0.84613	0.84614			6
2024.06.27	01:49:48.646	0.84612	0.84613			6
2024.06.27	01:50:01.143	0.84612				2
2024.06.27	01:50:35.422	0.84613	0.84614			6
2024.06.27	01:50:56.895		0.84615			4
2024.06.27	01:50:57.197	0.84614				2
2024.06.27	01:51:01.122	0.84614				2
2024.06.27	01:51:36.906	0.84613				2
2024.06.27	01:51:37.907	0.84614				2
2024.06.27	01:51:56.933		0.84615			4
2024.06.27	01:52:00.430	0.84614				2
2024.06.27	01:52:16.487	0.84615	0.84616			6
2024.06.27	01:52:21.314	0.84614	0.84619			6
2024.06.27	01:52:22.386		0.84618			4
2024.06.27	01:52:27.052	0.84615	0.84619			6
2024.06.27	01:52:44.723	0.84614	0.84618			6
2024.06.27	01:52:54.849	0.84615	0.84617			6
2024.06.27	01:52:58.136	0.84614	0.84618			6
2024.06.27	01:52:58.446		0.84617			4
2024.06.27	01:52:59.382	0.84616	0.84619			6
2024.06.27	01:53:00.107	0.84615				2
2024.06.27	01:53:00.420	0.84616	0.84618			6
2024.06.27	01:53:10.546	0.84621	0.84622			6
2024.06.27	01:53:12.677	0.84622	0.84623			6
2024.06.27	01:53:14.356	0.84623	0.84624			6
2024.06.27	01:53:19.030	0.84622	0.84623			6
2024.06.27	01:53:24.357	0.84621	0.84622			6
2024.06.27	01:54:01.845	0.84621				2
2024.06.27	01:54:25.645		0.84622			4
2024.06.27	01:54:28.786	0.84622	0.84623			6
2024.06.27	01:55:03.650	0.84622				2
2024.06.27	01:55:28.828		0.84623			4
2024.06.27	01:55:32.519	0.84621	0.84622			6
2024.06.27	01:56:01.342	0.84621				2
2024.06.27	01:56:08.292	0.84622	0.84623			6
2024.06.27	01:56:16.025	0.84621	0.84622			6
2024.06.27	01:56:21.438	0.84622	0.84623			6
2024.06.27	01:56:28.837	0.84623	0.84624			6
2024.06.27	01:56:57.880	0.84622	0.84623			6
2024.06.27	01:57:00.261	0.84622				2
2024.06.27	01:57:27.932	0.84623	0.84624			6
2024.06.27	01:57:42.559	0.84626	0.84627			6
2024.06.27	01:57:42.867	0.84625	0.84626			6
2024.06.27	01:57:47.317	0.84624	0.84625			6
2024.06.27	01:57:47.944	0.84625	0.84626			6
2024.06.27	01:57:51.588	0.84623				2
2024.06.27	01:57:53.883	0.84622				2
2024.06.27	01:57:58.194		0.84625			4
2024.06.27	01:58:00.824	0.84622				2
2024.06.27	01:58:06.700	0.84624				2
2024.06.27	01:58:15.553	0.84622	0.84624			6
2024.06.27	01:58:17.887	0.84624	0.84625			6
2024.06.27	01:58:33.857	0.84625	0.84626			6
2024.06.27	01:58:38.293	0.84622				2
2024.06.27	01:58:46.323	0.84621	0.84627			6
2024.06.27	01:58:48.602	0.84622	0.84625			6
2024.06.27	01:58:58.280	0.84621	0.84626			6
2024.06.27	01:58:59.370	0.84622				2
2024.06.27	01:59:00.260	0.84622				2
2024.06.27	01:59:01.222		0.84625			4
2024.06.27	01:59:01.522		0.84626			4
2024.06.27	01:59:03.674		0.84625			4
2024.06.27	01:59:26.631	0.84623				2
2024.06.27	01:59:50.129	0.84622	0.84624			6
2024.06.27	01:59:56.721		0.84623			4
2024.06.27	01:59:57.453	0.84623	0.84624			6
2024.06.27	01:59:58.523		0.84625			4
2024.06.27	02:00:00.354	0.84623	0.84624			6
2024.06.27	02:00:11.290	0.84622	0.84623			6
2024.06.27	02:00:42.607	0.84621	0.84622			6
2024.06.27	02:00:46.988	0.84622	0.84623			6
2024.06.27	02:00:48.247	0.84621	0.84622			6
2024.06.27	02:01:00.307	0.84621	0.84625			6
2024.06.27	02:01:01.088	0.84620	0.84624			6
2024.06.27	02:01:03.135	0.84622	0.84623			6
2024.06.27	02:01:07.594	0.84621	0.84622			6
2024.06.27	02:02:00.619	0.84621				2
2024.06.27	02:02:07.597	0.84622	0.84623			6
2024.06.27	02:02:08.385	0.84621	0.84622			6
2024.06.27	02:02:16.016	0.84620	0.84621			6
2024.06.27	02:02:22.721	0.84621	0.84622			6
2024.06.27	02:02:46.297	0.84619	0.84623			6
2024.06.27	02:02:47.475	0.84621	0.84622			6
2024.06.27	02:03:00.410	0.84621				2
2024.06.27	02:03:38.192	0.84620	0.84621			6
2024.06.27	02:03:38.803	0.84621	0.84622			6
2024.06.27	02:04:01.374	0.84621				2
2024.06.27	02:04:17.949	0.84619	0.84623			6
2024.06.27	02:04:18.396	0.84620				2
2024.06.27	02:04:19.311	0.84621	0.84622			6
2024.06.27	02:04:47.189	0.84620	0.84621			6
2024.06.27	02:04:56.794	0.84619	0.84620			6
2024.06.27	02:04:57.975	0.84620	0.84621			6
2024.06.27	02:05:03.332	0.84620				2
2024.06.27	02:05:24.875	0.84619				2
2024.06.27	02:05:26.622	0.84620				2
2024.06.27	02:05:29.265	0.84619				2
2024.06.27	02:05:34.140		0.84620			4
2024.06.27	02:05:45.682	0.84618				2
2024.06.27	02:05:58.681	0.84619				2
2024.06.27	02:05:58.983		0.84621			4
2024.06.27	02:06:00.046	0.84619				2
2024.06.27	02:06:04.159	0.84620				2
2024.06.27	02:06:06.262	0.84621	0.84622			6
2024.06.27	02:06:07.040	0.84620				2
2024.06.27	02:06:13.906	0.84621				2
2024.06.27	02:06:16.024	0.84620				2
2024.06.27	02:06:16.743	0.84621				2
2024.06.27	02:06:21.500	0.84622	0.84623			6
2024.06.27	02:06:25.229	0.84621	0.84622			6
2024.06.27	02:06:28.088	0.84622	0.84623			6
2024.06.27	02:06:36.015	0.84621	0.84622			6
2024.06.27	02:06:37.140	0.84622	0.84623			6
2024.06.27	02:06:37.849	0.84619	0.84622			6
2024.06.27	02:06:38.654	0.84618				2
2024.06.27	02:06:38.987	0.84620				2
2024.06.27	02:06:43.758	0.84619				2
2024.06.27	02:06:48.167		0.84621			4
2024.06.27	02:06:49.845		0.84620			4
2024.06.27	02:06:53.004	0.84620	0.84621			6
2024.06.27	02:06:57.097		0.84622			4
2024.06.27	02:07:00.394	0.84620				2
2024.06.27	02:07:05.476	0.84619				2
2024.06.27	02:07:06.144	0.84620				2
2024.06.27	02:07:13.299	0.84621				2
2024.06.27	02:07:13.607	0.84620	0.84621			6
2024.06.27	02:07:20.600	0.84619	0.84620			6
2024.06.27	02:07:21.963	0.84616	0.84619			6
2024.06.27	02:07:27.098	0.84617				2
2024.06.27	02:07:27.499	0.84616				2
2024.06.27	02:07:28.151	0.84617				2
2024.06.27	02:07:28.870	0.84616				2
2024.06.27	02:07:30.797		0.84620			4
2024.06.27	02:07:34.571	0.84617				2
2024.06.27	02:07:39.409	0.84616				2
2024.06.27	02:07:43.994	0.84617				2
2024.06.27	02:07:45.172		0.84621			4
2024.06.27	02:07:45.858	0.84616	0.84620			6
2024.06.27	02:07:54.423	0.84617	0.84621			6
2024.06.27	02:07:54.739	0.84616	0.84620			6
2024.06.27	02:07:56.322	0.84617				2
2024.06.27	02:07:57.032	0.84616	0.84621			6
2024.06.27	02:07:57.455		0.84620			4
2024.06.27	02:07:57.765		0.84621			4
2024.06.27	02:08:00.009	0.84616				2
2024.06.27	02:08:04.687		0.84619			4
2024.06.27	02:08:05.774	0.84617	0.84620			6
2024.06.27	02:08:06.288	0.84616				2
2024.06.27	02:08:07.399	0.84617				2
2024.06.27	02:08:12.065	0.84616				2
2024.06.27	02:08:13.798	0.84617				2
2024.06.27	02:08:18.282	0.84616	0.84618			6
2024.06.27	02:08:32.024	0.84618	0.84619			6
2024.06.27	02:08:52.206	0.84619	0.84620			6
2024.06.27	02:08:55.110	0.84618	0.84619			6
2024.06.27	02:09:00.129	0.84618				2
2024.06.27	02:09:02.148	0.84617	0.84618			6
2024.06.27	02:09:07.381	0.84616	0.84619			6
2024.06.27	02:09:11.344	0.84617				2
2024.06.27	02:09:14.819	0.84616	0.84617			6
2024.06.27	02:09:15.182	0.84615				2
2024.06.27	02:09:25.627		0.84618			4
2024.06.27	02:09:34.343		0.84617			4
2024.06.27	02:09:35.543		0.84618			4
2024.06.27	02:09:37.776	0.84614	0.84617			6
2024.06.27	02:09:39.865	0.84615				2
2024.06.27	02:09:40.877	0.84614	0.84618			6
2024.06.27	02:09:56.564		0.84616			4
2024.06.27	02:10:00.217	0.84614				2
2024.06.27	02:10:01.832	0.84617	0.84618			6
2024.06.27	02:10:03.572	0.84615				2
2024.06.27	02:10:04.269	0.84616	0.84617			6
2024.06.27	02:10:07.453	0.84615	0.84618			6
2024.06.27	02:10:07.861	0.84616	0.84617			6
2024.06.27	02:10:09.516	0.84615	0.84618			6
2024.06.27	02:10:11.501		0.84617			4
2024.06.27	02:10:11.859		0.84618			4
2024.06.27	02:10:12.296		0.84617			4
2024.06.27	02:10:14.225		0.84618			4
2024.06.27	02:10:15.302		0.84617			4
2024.06.27	02:10:16.269		0.84618			4
2024.06.27	02:10:16.763	0.84614	0.84617			6
2024.06.27	02:10:17.066		0.84616			4
2024.06.27	02:10:21.347	0.84615	0.84617			6
2024.06.27	02:10:22.137	0.84614	0.84616			6
2024.06.27	02:10:23.394		0.84617			4
2024.06.27	02:10:25.917	0.84615				2
2024.06.27	02:10:50.898	0.84616	0.84618			6
2024.06.27	02:11:01.408	0.84616				2
2024.06.27	02:11:14.391	0.84614				2
2024.06.27	02:11:16.601	0.84615	0.84617			6
2024.06.27	02:11:38.120	0.84616				2
2024.06.27	02:12:00.320	0.84616				2
2024.06.27	02:12:14.642	0.84615				2
2024.06.27	02:12:19.380		0.84617			4
2024.06.27	02:12:30.377	0.84614	0.84618			6
2024.06.27	02:12:33.275	0.84615				2
2024.06.27	02:12:35.231		0.84617			4
2024.06.27	02:12:40.567	0.84616				2
2024.06.27	02:13:00.661	0.84616				2
2024.06.27	02:13:08.056	0.84615	0.84616			6
2024.06.27	02:13:08.365	0.84614	0.84615			6
2024.06.27	02:13:09.329	0.84617	0.84618			6
2024.06.27	02:13:10.323	0.84616	0.84617			6
2024.06.27	02:13:16.090	0.84614				2
2024.06.27	02:13:27.394		0.84618			4
2024.06.27	02:13:28.172		0.84617			4
2024.06.27	02:13:40.157	0.84615				2
2024.06.27	02:13:41.170	0.84614				2
2024.06.27	02:13:41.544	0.84615				2
2024.06.27	02:13:42.170	0.84614				2
2024.06.27	02:13:46.807	0.84615				2
2024.06.27	02:13:49.564	0.84614				2
2024.06.27	02:13:55.577	0.84615				2
2024.06.27	02:13:57.719	0.84614				2
2024.06.27	02:14:00.365	0.84614				2
2024.06.27	02:14:00.708	0.84615	0.84616			6
2024.06.27	02:14:08.004	0.84614				2
2024.06.27	02:14:11.484	0.84615				2
2024.06.27	02:14:11.917	0.84614				2
2024.06.27	02:14:12.371	0.84615				2
2024.06.27	02:14:12.838	0.84614				2
2024.06.27	02:14:13.408	0.84615				2
2024.06.27	02:14:14.267	0.84614				2
2024.06.27	02:14:21.565	0.84616	0.84617			6
2024.06.27	02:14:40.857	0.84617	0.84618			6
2024.06.27	02:14:42.652	0.84616	0.84617			6
2024.06.27	02:14:56.856	0.84617	0.84618			6
2024.06.27	02:15:00.259	0.84617				2
2024.06.27	02:15:36.689	0.84616	0.84617			6
2024.06.27	02:16:00.372	0.84616				2
2024.06.27	02:16:08.216	0.84617	0.84618			6
2024.06.27	02:16:11.568	0.84616	0.84617			6
2024.06.27	02:16:29.030	0.84615				2
2024.06.27	02:16:29.380		0.84618			4
2024.06.27	02:16:30.191	0.84616	0.84617			6
2024.06.27	02:16:32.389	0.84615				2
2024.06.27	02:16:38.249		0.84616			4
2024.06.27	02:16:39.145	0.84616	0.84617			6
2024.06.27	02:16:53.542	0.84617	0.84618			6
2024.06.27	02:17:00.223	0.84617				2
2024.06.27	02:17:05.268	0.84618	0.84619			6
2024.06.27	02:17:05.577	0.84617	0.84618			6
2024.06.27	02:17:06.270	0.84618	0.84619			6
2024.06.27	02:17:14.991	0.84617	0.84618			6
2024.06.27	02:17:16.282	0.84616	0.84617			6
2024.06.27	02:17:28.654	0.84617	0.84618			6
2024.06.27	02:18:00.447	0.84617				2
2024.06.27	02:18:12.650	0.84618	0.84619			6
2024.06.27	02:18:13.359	0.84617	0.84618			6
2024.06.27	02:18:43.285	0.84616	0.84617			6
2024.06.27	02:18:46.075	0.84617	0.84618			6
2024.06.27	02:18:47.109	0.84616	0.84617			6
2024.06.27	02:18:52.634	0.84617	0.84618			6
2024.06.27	02:19:00.978	0.84617				2
2024.06.27	02:19:35.793	0.84618	0.84619			6
2024.06.27	02:19:36.134	0.84616	0.84617			6
2024.06.27	02:19:36.445	0.84617	0.84618			6
2024.06.27	02:19:44.007	0.84618	0.84619			6
2024.06.27	02:20:00.445	0.84618				2
2024.06.27	02:20:00.759	0.84620	0.84621			6
2024.06.27	02:20:10.513	0.84619	0.84620			6
2024.06.27	02:20:14.448	0.84618	0.84619			6
2024.06.27	02:20:21.931	0.84617	0.84618			6
2024.06.27	02:20:25.111	0.84618	0.84619			6
2024.06.27	02:21:00.129	0.84618				2
2024.06.27	02:21:25.649		0.84619			4
2024.06.27	02:21:41.951	0.84617	0.84618			6
2024.06.27	02:21:45.651	0.84618	0.84619			6
2024.06.27	02:21:59.076	0.84617	0.84618			6
2024.06.27	02:22:00.361	0.84617				2
2024.06.27	02:22:00.931	0.84618	0.84619			6
2024.06.27	02:22:08.307	0.84619	0.84620			6
2024.06.27	02:22:22.340	0.84618	0.84619			6
2024.06.27	02:22:35.105	0.84617	0.84618			6
2024.06.27	02:22:36.442	0.84618	0.84619			6
2024.06.27	02:22:41.829	0.84617	0.84618			6
2024.06.27	02:23:00.922	0.84617				2
2024.06.27	02:23:05.771	0.84616	0.84617			6
2024.06.27	02:23:22.776	0.84617	0.84618			6
2024.06.27	02:23:33.964	0.84616	0.84617			6
2024.06.27	02:23:36.931	0.84615	0.84618			6
2024.06.27	02:23:39.032	0.84617				2
2024.06.27	02:24:00.421	0.84617				2
2024.06.27	02:24:12.342	0.84618	0.84619			6
2024.06.27	02:24:16.427	0.84617	0.84618			6
2024.06.27	02:24:38.647	0.84618	0.84619			6
2024.06.27	02:24:43.467	0.84617	0.84618			6
2024.06.27	02:25:00.445	0.84617				2
2024.06.27	02:25:44.296	0.84616	0.84617			6
2024.06.27	02:25:48.831	0.84617	0.84618			6
2024.06.27	02:25:53.349	0.84616	0.84617			6
2024.06.27	02:26:00.433	0.84616				2
2024.06.27	02:26:00.815	0.84617	0.84618			6
2024.06.27	02:27:00.433	0.84617				2
2024.06.27	02:27:01.731		0.84618			4
2024.06.27	02:27:37.548	0.84615	0.84616			6
2024.06.27	02:28:00.122	0.84615				2
2024.06.27	02:28:22.913	0.84616	0.84617			6
2024.06.27	02:28:23.215	0.84615	0.84616			6
2024.06.27	02:28:29.654	0.84617	0.84618			6
2024.06.27	02:28:30.171	0.84616	0.84617			6
2024.06.27	02:28:33.428	0.84617	0.84618			6
2024.06.27	02:28:37.445	0.84616	0.84617			6
2024.06.27	02:29:00.112	0.84616				2
2024.06.27	02:29:01.081	0.84617	0.84618			6
2024.06.27	02:29:05.152	0.84616	0.84617			6
2024.06.27	02:29:21.823	0.84617	0.84618			6
2024.06.27	02:29:29.017	0.84616	0.84617			6
2024.06.27	02:29:29.609	0.84617	0.84618			6
2024.06.27	02:29:34.336	0.84616	0.84617			6
2024.06.27	02:29:52.082	0.84617	0.84618			6
2024.06.27	02:29:52.968	0.84616	0.84617			6
2024.06.27	02:29:57.322	0.84617	0.84618			6
2024.06.27	02:29:57.911	0.84616	0.84617			6
2024.06.27	02:30:00.391	0.84616				2
2024.06.27	02:30:09.505	0.84617	0.84618			6
2024.06.27	02:30:36.912	0.84620	0.84621			6
2024.06.27	02:30:37.223	0.84618	0.84619			6
2024.06.27	02:30:42.143	0.84616	0.84618			6
2024.06.27	02:30:42.841		0.84617			4
2024.06.27	02:30:43.979	0.84617	0.84618			6
2024.06.27	02:31:00.250	0.84616	0.84617			6
2024.06.27	02:31:12.344		0.84618			4
2024.06.27	02:31:13.376		0.84617			4
2024.06.27	02:31:25.144	0.84617	0.84618			6
2024.06.27	02:31:36.737	0.84612	0.84615			6
2024.06.27	02:31:46.225	0.84611				2
2024.06.27	02:31:46.571	0.84612				2
2024.06.27	02:31:52.965	0.84617	0.84618			6
2024.06.27	02:32:00.053	0.84617				2
2024.06.27	02:32:09.181	0.84614	0.84616			6
2024.06.27	02:32:09.580	0.84616	0.84617			6
2024.06.27	02:32:49.305	0.84617	0.84618			6
2024.06.27	02:33:00.443	0.84617				2
2024.06.27	02:33:51.385		0.84618			4
2024.06.27	02:34:00.577	0.84617				2
2024.06.27	02:34:14.654	0.84618	0.84619			6
2024.06.27	02:34:45.107	0.84617	0.84618			6
2024.06.27	02:34:55.780	0.84616	0.84617			6
2024.06.27	02:35:00.443	0.84616				2
2024.06.27	02:35:31.373	0.84618	0.84619			6
2024.06.27	02:35:38.104	0.84619	0.84620			6
2024.06.27	02:35:54.995	0.84618	0.84619			6
2024.06.27	02:36:00.329	0.84618				2
2024.06.27	02:36:05.619	0.84619	0.84620			6
2024.06.27	02:36:16.348	0.84618	0.84619			6
2024.06.27	02:37:00.427	0.84618				2
2024.06.27	02:37:15.027	0.84617	0.84618			6
2024.06.27	02:37:30.983	0.84618	0.84619			6
2024.06.27	02:38:00.685	0.84618				2
2024.06.27	02:38:33.634		0.84619			4
2024.06.27	02:38:37.662	0.84620	0.84621			6
2024.06.27	02:38:39.307	0.84621	0.84622			6
2024.06.27	02:38:54.985	0.84622	0.84623			6
2024.06.27	02:38:56.361	0.84623	0.84624			6
2024.06.27	02:39:00.358	0.84623				2
2024.06.27	02:39:08.993	0.84622	0.84623			6
2024.06.27	02:39:26.341	0.84623	0.84624			6
2024.06.27	02:40:01.022	0.84623				2
2024.06.27	02:40:04.894	0.84624	0.84625			6
2024.06.27	02:40:05.205	0.84623	0.84624			6
2024.06.27	02:40:05.900	0.84624	0.84625			6
2024.06.27	02:41:00.372	0.84624				2
2024.06.27	02:41:01.351	0.84625	0.84626			6
2024.06.27	02:41:06.331	0.84626	0.84627			6
2024.06.27	02:42:01.293	0.84626				2
2024.06.27	02:42:07.003		0.84627			4
2024.06.27	02:42:12.595	0.84627	0.84628			6
2024.06.27	02:42:13.620	0.84626	0.84627			6
2024.06.27	02:42:55.867	0.84625	0.84626			6
2024.06.27	02:43:00.207	0.84625				2
2024.06.27	02:43:58.438		0.84626			4
2024.06.27	02:44:00.010	0.84625				2
2024.06.27	02:44:10.113	0.84626	0.84627			6
2024.06.27	02:44:10.420	0.84625	0.84626			6
2024.06.27	02:44:32.770	0.84626	0.84627			6
2024.06.27	02:44:44.135	0.84625	0.84626			6
2024.06.27	02:44:45.980	0.84626	0.84627			6
2024.06.27	02:45:00.400	0.84626				2
2024.06.27	02:45:14.255	0.84625	0.84626			6
2024.06.27	02:45:26.668	0.84626	0.84627			6
2024.06.27	02:45:32.789	0.84625	0.84626			6
2024.06.27	02:45:33.918	0.84626	0.84627			6
2024.06.27	02:45:36.052	0.84625	0.84626			6
2024.06.27	02:45:48.253	0.84626	0.84627			6
2024.06.27	02:46:00.292	0.84626				2
2024.06.27	02:46:48.918		0.84627			4
2024.06.27	02:46:55.201	0.84625	0.84626			6
2024.06.27	02:47:00.283	0.84625				2
2024.06.27	02:47:00.975	0.84626	0.84627			6
2024.06.27	02:47:04.182	0.84625	0.84626			6
2024.06.27	02:47:06.348	0.84626	0.84627			6
2024.06.27	02:47:10.387	0.84625	0.84626			6
2024.06.27	02:47:11.070	0.84626	0.84627			6
2024.06.27	02:47:30.861	0.84625	0.84626			6
2024.06.27	02:48:00.513	0.84625				2
2024.06.27	02:48:31.855		0.84626			4
2024.06.27	02:48:35.538	0.84624	0.84625			6
2024.06.27	02:48:38.370	0.84625	0.84626			6
2024.06.27	02:48:44.938	0.84624	0.84625			6
2024.06.27	02:48:52.214	0.84622	0.84623			6
2024.06.27	02:48:52.522	0.84623	0.84624			6
2024.06.27	02:48:55.680	0.84622	0.84623			6
2024.06.27	02:49:00.088	0.84622				2
2024.06.27	02:49:00.632	0.84624	0.84625			6
2024.06.27	02:49:01.617	0.84623	0.84624			6
2024.06.27	02:49:05.607	0.84622	0.84623			6
2024.06.27	02:49:20.247	0.84623	0.84624			6
2024.06.27	02:49:20.710	0.84622	0.84623			6
2024.06.27	02:49:26.255	0.84621	0.84622			6
2024.06.27	02:49:35.763	0.84622	0.84623			6
2024.06.27	02:49:53.243	0.84621	0.84622			6
2024.06.27	02:50:00.281	0.84620				2
2024.06.27	02:50:00.638		0.84623			4
2024.06.27	02:50:00.990		0.84622			4
2024.06.27	02:50:01.398		0.84623			4
2024.06.27	02:50:01.777	0.84619	0.84622			6
2024.06.27	02:50:02.462	0.84621				2
2024.06.27	02:50:03.251	0.84622	0.84623			6
2024.06.27	02:50:13.454	0.84621	0.84622			6
2024.06.27	02:50:26.831	0.84620	0.84621			6
2024.06.27	02:50:33.244	0.84621	0.84622			6
2024.06.27	02:50:42.226	0.84620	0.84621			6
2024.06.27	02:50:47.487	0.84621	0.84622			6
2024.06.27	02:50:53.752	0.84616	0.84620			6
2024.06.27	02:50:55.123	0.84617	0.84618			6
2024.06.27	02:51:02.192	0.84617				2
2024.06.27	02:51:37.574	0.84620	0.84621			6
2024.06.27	02:51:38.859	0.84619				2
2024.06.27	02:51:58.559	0.84620				2
2024.06.27	02:52:00.407	0.84619	0.84620			6
2024.06.27	02:52:00.729	0.84618	0.84619			6
2024.06.27	02:52:02.769	0.84619	0.84620			6
2024.06.27	02:52:55.969	0.84618	0.84619			6
2024.06.27	02:52:59.873	0.84619	0.84620			6
2024.06.27	02:53:00.225	0.84619				2
2024.06.27	02:53:20.655	0.84620	0.84621			6
2024.06.27	02:53:22.260	0.84619	0.84620			6
2024.06.27	02:53:31.803	0.84620	0.84621			6
2024.06.27	02:53:47.405	0.84619	0.84620			6
2024.06.27	02:53:52.868	0.84620	0.84621			6
2024.06.27	02:53:54.830	0.84619	0.84620			6
2024.06.27	02:54:00.435	0.84619				2
2024.06.27	02:54:40.611	0.84618	0.84619			6
2024.06.27	02:54:41.669	0.84619	0.84620			6
2024.06.27	02:54:51.245	0.84618	0.84619			6
2024.06.27	02:55:00.381	0.84618				2
2024.06.27	02:55:03.199	0.84619	0.84620			6
2024.06.27	02:55:09.942	0.84617	0.84618			6
2024.06.27	02:55:11.604	0.84616	0.84617			6
2024.06.27	02:55:15.616	0.84617	0.84618			6
2024.06.27	02:55:26.706	0.84616	0.84617			6
2024.06.27	02:55:28.662	0.84617	0.84618			6
2024.06.27	02:55:53.856	0.84616	0.84617			6
2024.06.27	02:56:00.761	0.84616				2
2024.06.27	02:56:08.393	0.84617	0.84618			6
2024.06.27	02:56:25.606	0.84618	0.84619			6
2024.06.27	02:57:00.378	0.84618				2
2024.06.27	02:57:06.425	0.84616	0.84617			6
2024.06.27	02:57:06.728	0.84617	0.84618			6
2024.06.27	02:57:39.545	0.84618	0.84619			6
2024.06.27	02:57:41.060	0.84617	0.84618			6
2024.06.27	02:58:00.403	0.84617				2
2024.06.27	02:58:24.491	0.84616	0.84617			6
2024.06.27	02:58:28.406	0.84617	0.84618			6
2024.06.27	02:58:50.956	0.84616	0.84617			6
2024.06.27	02:58:52.987	0.84617	0.84618			6
2024.06.27	02:59:00.444	0.84617				2
2024.06.27	02:59:46.233	0.84618	0.84619			6
2024.06.27	02:59:58.536	0.84619	0.84620			6
2024.06.27	03:00:00.372	0.84619				2
2024.06.27	03:00:01.532	0.84620	0.84621			6
2024.06.27	03:00:03.520	0.84619	0.84620			6
2024.06.27	03:00:03.945	0.84620	0.84621			6
2024.06.27	03:00:04.602	0.84621	0.84622			6
2024.06.27	03:00:04.904	0.84622	0.84623			6
2024.06.27	03:00:05.423	0.84621	0.84622			6
2024.06.27	03:00:13.809	0.84622	0.84623			6
2024.06.27	03:00:14.150	0.84621	0.84622			6
2024.06.27	03:00:14.824	0.84620	0.84621			6
2024.06.27	03:00:19.610	0.84621	0.84622			6
2024.06.27	03:00:19.974	0.84620	0.84621			6
2024.06.27	03:00:20.763	0.84621	0.84622			6
2024.06.27	03:00:21.934	0.84620	0.84621			6
2024.06.27	03:00:22.770	0.84621	0.84622			6
2024.06.27	03:00:23.783	0.84620	0.84621			6
2024.06.27	03:00:31.980	0.84621	0.84622			6
2024.06.27	03:00:32.336	0.84620	0.84621			6
2024.06.27	03:00:36.071	0.84619	0.84620			6
2024.06.27	03:00:38.364	0.84620	0.84621			6
2024.06.27	03:00:38.823	0.84619	0.84620			6
2024.06.27	03:00:42.893	0.84620	0.84621			6
2024.06.27	03:00:43.285	0.84619	0.84620			6
2024.06.27	03:00:50.068	0.84618	0.84619			6
2024.06.27	03:00:50.383	0.84619	0.84620			6
2024.06.27	03:00:51.444	0.84618	0.84619			6
2024.06.27	03:00:52.762	0.84619	0.84620			6
2024.06.27	03:00:56.143	0.84620	0.84621			6
2024.06.27	03:00:56.500	0.84619	0.84620			6
2024.06.27	03:00:57.423	0.84620	0.84621			6
2024.06.27	03:00:57.797	0.84619	0.84620			6
2024.06.27	03:00:58.116	0.84620	0.84621			6
2024.06.27	03:01:00.193	0.84619	0.84620			6
2024.06.27	03:01:00.506	0.84620	0.84621			6
2024.06.27	03:01:02.800	0.84619	0.84620			6
2024.06.27	03:01:04.671	0.84618	0.84619			6
2024.06.27	03:01:06.435	0.84619	0.84620			6
2024.06.27	03:01:11.328	0.84617	0.84618			6
2024.06.27	03:01:17.032	0.84616	0.84617			6
2024.06.27	03:01:33.292	0.84617	0.84618			6
2024.06.27	03:01:33.598	0.84616	0.84617			6
2024.06.27	03:01:34.241	0.84617	0.84618			6
2024.06.27	03:01:34.606	0.84616	0.84617			6
2024.06.27	03:01:35.902	0.84617	0.84618			6
2024.06.27	03:01:37.282	0.84618	0.84619			6
2024.06.27	03:01:37.634	0.84617	0.84618			6
2024.06.27	03:01:43.642	0.84616	0.84617			6
2024.06.27	03:01:45.418	0.84617	0.84618			6
2024.06.27	03:01:45.774	0.84616	0.84617			6
2024.06.27	03:01:49.856	0.84617	0.84618			6
2024.06.27	03:01:50.768	0.84616	0.84617			6
2024.06.27	03:01:53.753	0.84617	0.84618			6
2024.06.27	03:02:00.088	0.84617				2
2024.06.27	03:02:00.404	0.84616	0.84617			6
2024.06.27	03:02:03.931	0.84617	0.84618			6
2024.06.27	03:02:05.596	0.84616	0.84617			6
2024.06.27	03:02:12.505	0.84617	0.84618			6
2024.06.27	03:02:16.271	0.84618	0.84619			6
2024.06.27	03:02:19.285	0.84619	0.84620			6
2024.06.27	03:02:20.308	0.84618	0.84619			6
2024.06.27	03:02:35.976	0.84617	0.84618			6
2024.06.27	03:02:36.636	0.84618	0.84619			6
2024.06.27	03:02:43.324	0.84619	0.84620			6
2024.06.27	03:02:43.642	0.84621	0.84622			6
2024.06.27	03:02:43.990	0.84622	0.84623			6
2024.06.27	03:02:44.781	0.84623	0.84624			6
2024.06.27	03:02:45.377	0.84622	0.84623			6
2024.06.27	03:02:46.899	0.84623	0.84624			6
2024.06.27	03:02:47.204	0.84622	0.84623			6
2024.06.27	03:02:53.544	0.84623	0.84624			6
2024.06.27	03:03:00.370	0.84623				2
2024.06.27	03:03:01.708	0.84622	0.84623			6
2024.06.27	03:03:11.595	0.84621	0.84622			6
2024.06.27	03:03:12.077	0.84622	0.84623			6
2024.06.27	03:03:16.341	0.84621	0.84622			6
2024.06.27	03:03:16.642	0.84622	0.84623			6
2024.06.27	03:03:17.598	0.84621	0.84622			6
2024.06.27	03:03:18.004	0.84622	0.84623			6
2024.06.27	03:03:37.787	0.84621	0.84625			6
2024.06.27	03:03:39.018	0.84622	0.84623			6
2024.06.27	03:03:59.927	0.84623	0.84624			6
2024.06.27	03:04:00.269	0.84622	0.84623			6
2024.06.27	03:04:01.256	0.84623	0.84624			6
2024.06.27	03:04:03.147	0.84622	0.84623			6
2024.06.27	03:04:04.744	0.84623	0.84624			6
2024.06.27	03:04:05.160	0.84622	0.84623			6
2024.06.27	03:04:06.410	0.84623	0.84624			6
2024.06.27	03:04:07.162	0.84622	0.84623			6
2024.06.27	03:04:07.772	0.84623	0.84624			6
2024.06.27	03:04:08.199	0.84622	0.84623			6
2024.06.27	03:04:09.717	0.84623	0.84624			6
2024.06.27	03:04:10.021	0.84622	0.84623			6
2024.06.27	03:04:10.346	0.84623	0.84624			6
2024.06.27	03:04:11.823	0.84622	0.84623			6
2024.06.27	03:04:12.896	0.84623	0.84624			6
2024.06.27	03:04:13.208	0.84622	0.84623			6
2024.06.27	03:04:13.645	0.84623	0.84624			6
2024.06.27	03:04:14.072	0.84622	0.84623			6
2024.06.27	03:04:16.308	0.84623	0.84624			6
2024.06.27	03:04:18.351	0.84622	0.84623			6
2024.06.27	03:04:19.391	0.84623	0.84624			6
2024.06.27	03:04:19.703	0.84622	0.84623			6
2024.06.27	03:04:32.051	0.84623	0.84624			6
2024.06.27	03:04:32.383	0.84622	0.84623			6
2024.06.27	03:04:32.699	0.84623	0.84624			6
2024.06.27	03:04:36.822	0.84622	0.84623			6
2024.06.27	03:04:38.347	0.84621	0.84622			6
2024.06.27	03:04:47.551	0.84622	0.84623			6
2024.06.27	03:04:53.251	0.84621	0.84622			6
2024.06.27	03:04:54.276	0.84622	0.84623			6
2024.06.27	03:04:56.209	0.84621	0.84622			6
2024.06.27	03:04:57.822	0.84622	0.84623			6
2024.06.27	03:05:00.331	0.84621	0.84622			6
2024.06.27	03:05:02.865	0.84622	0.84623			6
2024.06.27	03:05:04.713	0.84621	0.84622			6
2024.06.27	03:05:05.395	0.84622	0.84623			6
2024.06.27	03:05:05.747	0.84621	0.84622			6
2024.06.27	03:05:06.103	0.84622	0.84623			6
2024.06.27	03:05:06.935	0.84621	0.84622			6
2024.06.27	03:05:07.333	0.84622	0.84623			6
2024.06.27	03:05:08.055	0.84621	0.84622			6
2024.06.27	03:05:12.397	0.84622	0.84623			6
2024.06.27	03:05:26.744	0.84623	0.84624			6
2024.06.27	03:05:27.058	0.84622	0.84623			6
2024.06.27	03:05:28.505	0.84623	0.84624			6
2024.06.27	03:05:29.151	0.84624	0.84625			6
2024.06.27	03:05:30.206	0.84625	0.84626			6
2024.06.27	03:05:30.609	0.84624	0.84625			6
2024.06.27	03:05:31.687	0.84625	0.84626			6
2024.06.27	03:05:32.246	0.84624	0.84625			6
2024.06.27	03:05:32.856	0.84625	0.84626			6
2024.06.27	03:05:33.395	0.84624	0.84625			6
2024.06.27	03:05:34.129	0.84625	0.84626			6
2024.06.27	03:05:35.956	0.84624	0.84625			6
2024.06.27	03:05:36.288	0.84625	0.84626			6
2024.06.27	03:05:40.228	0.84624	0.84625			6
2024.06.27	03:05:42.269	0.84625	0.84626			6
2024.06.27	03:05:43.279	0.84624	0.84625			6
2024.06.27	03:05:44.269	0.84625	0.84626			6
2024.06.27	03:05:44.906	0.84624	0.84625			6
2024.06.27	03:05:49.890	0.84623	0.84624			6
2024.06.27	03:05:50.214	0.84624	0.84625			6
2024.06.27	03:06:00.395	0.84624				2
2024.06.27	03:06:01.844	0.84623	0.84624			6
2024.06.27	03:06:05.083	0.84622	0.84623			6
2024.06.27	03:06:05.807	0.84623	0.84624			6
2024.06.27	03:06:08.834	0.84622	0.84623			6
2024.06.27	03:06:14.376	0.84623	0.84624			6
2024.06.27	03:06:15.214	0.84622	0.84623			6
2024.06.27	03:06:17.213	0.84623	0.84624			6
2024.06.27	03:06:24.327	0.84622	0.84623			6
2024.06.27	03:06:24.641	0.84623	0.84624			6
2024.06.27	03:06:27.346	0.84622	0.84623			6
2024.06.27	03:06:27.654	0.84623	0.84624			6
2024.06.27	03:06:27.959	0.84622	0.84623			6
2024.06.27	03:06:28.381	0.84623	0.84624			6
2024.06.27	03:06:38.974	0.84622	0.84623			6
2024.06.27	03:06:39.800	0.84623	0.84624			6
2024.06.27	03:06:40.591	0.84622	0.84623			6
2024.06.27	03:06:41.089	0.84623	0.84624			6
2024.06.27	03:06:43.167	0.84622	0.84623			6
2024.06.27	03:06:50.522	0.84623	0.84624			6
2024.06.27	03:06:50.879	0.84622	0.84623			6
2024.06.27	03:06:51.334	0.84623	0.84624			6
2024.06.27	03:06:52.019	0.84622	0.84623			6
2024.06.27	03:06:53.218	0.84623	0.84624			6
2024.06.27	03:06:53.561	0.84622	0.84623			6
2024.06.27	03:07:00.445	0.84622				2
2024.06.27	03:07:00.777	0.84623	0.84624			6
2024.06.27	03:07:03.194	0.84621	0.84622			6
2024.06.27	03:07:10.350	0.84622	0.84623			6
2024.06.27	03:07:15.310	0.84623	0.84624			6
2024.06.27	03:07:15.708	0.84622	0.84623			6
2024.06.27	03:07:17.624	0.84623	0.84624			6
2024.06.27	03:07:20.943	0.84624	0.84625			6
2024.06.27	03:07:27.317	0.84623	0.84624			6
2024.06.27	03:07:42.585	0.84625	0.84626			6
2024.06.27	03:07:42.902	0.84626	0.84627			6
2024.06.27	03:07:43.281	0.84625	0.84626			6
2024.06.27	03:07:44.105	0.84624	0.84625			6
2024.06.27	03:07:44.417	0.84623	0.84624			6
2024.06.27	03:07:45.166	0.84624	0.84625			6
2024.06.27	03:07:45.480	0.84623	0.84624			6
2024.06.27	03:07:45.865	0.84624	0.84625			6
2024.06.27	03:07:50.256	0.84623	0.84624			6
2024.06.27	03:07:52.219	0.84624	0.84625			6
2024.06.27	03:08:00.194	0.84624				2
2024.06.27	03:08:06.688	0.84625	0.84626			6
2024.06.27	03:08:07.283	0.84626	0.84627			6
2024.06.27	03:08:07.590	0.84625	0.84626			6
2024.06.27	03:08:09.589	0.84624	0.84625			6
2024.06.27	03:08:09.943	0.84625	0.84626			6
2024.06.27	03:08:11.738	0.84624	0.84625			6
2024.06.27	03:08:13.225	0.84625	0.84626			6
2024.06.27	03:08:13.812	0.84624	0.84625			6
2024.06.27	03:08:14.146	0.84625	0.84626			6
2024.06.27	03:08:15.183	0.84626	0.84627			6
2024.06.27	03:08:15.504	0.84625	0.84626			6
2024.06.27	03:08:15.807	0.84623	0.84624			6
2024.06.27	03:08:19.157	0.84622	0.84623			6
2024.06.27	03:08:19.902	0.84623	0.84624			6
2024.06.27	03:08:22.943	0.84622	0.84623			6
2024.06.27	03:08:25.960	0.84623	0.84624			6
2024.06.27	03:08:26.764	0.84622	0.84623			6
2024.06.27	03:08:33.003	0.84621	0.84622			6
2024.06.27	03:08:35.516	0.84622	0.84623			6
2024.06.27	03:08:36.604	0.84623	0.84624			6
2024.06.27	03:08:37.090	0.84622	0.84623			6
2024.06.27	03:08:41.703	0.84621	0.84622			6
2024.06.27	03:09:01.066	0.84621				2
2024.06.27	03:09:41.988		0.84622			4
2024.06.27	03:09:50.593	0.84622	0.84623			6
2024.06.27	03:09:50.930	0.84621	0.84622			6
2024.06.27	03:09:54.484	0.84622	0.84623			6
2024.06.27	03:09:55.048	0.84621	0.84622			6
2024.06.27	03:10:00.284	0.84621				2
2024.06.27	03:10:03.525	0.84620	0.84621			6
2024.06.27	03:10:06.655	0.84621	0.84622			6
2024.06.27	03:10:09.453	0.84622	0.84623			6
2024.06.27	03:10:28.394	0.84623	0.84624			6
2024.06.27	03:10:30.322	0.84622	0.84623			6
2024.06.27	03:10:32.189	0.84623	0.84624			6
2024.06.27	03:10:32.651	0.84622	0.84623			6
2024.06.27	03:10:33.844	0.84623	0.84624			6
2024.06.27	03:10:34.188	0.84622	0.84623			6
2024.06.27	03:10:34.542	0.84623	0.84624			6
2024.06.27	03:10:34.848	0.84622	0.84623			6
2024.06.27	03:10:41.304	0.84623	0.84624			6
2024.06.27	03:10:41.609	0.84622	0.84623			6
2024.06.27	03:10:42.242	0.84623	0.84624			6
2024.06.27	03:10:43.043	0.84622	0.84623			6
2024.06.27	03:10:44.196	0.84623	0.84624			6
2024.06.27	03:10:44.693	0.84622	0.84623			6
2024.06.27	03:10:46.976	0.84623	0.84624			6
2024.06.27	03:10:48.063	0.84622	0.84623			6
2024.06.27	03:10:57.988	0.84623	0.84624			6
2024.06.27	03:10:58.306	0.84624	0.84625			6
2024.06.27	03:10:58.629	0.84625	0.84626			6
2024.06.27	03:10:59.261	0.84624	0.84625			6
2024.06.27	03:11:00.060	0.84625	0.84626			6
2024.06.27	03:11:01.547	0.84624	0.84625			6
2024.06.27	03:11:02.625	0.84625	0.84626			6
2024.06.27	03:11:02.990	0.84624	0.84625			6
2024.06.27	03:11:03.344	0.84625	0.84626			6
2024.06.27	03:11:03.993	0.84624	0.84625			6
2024.06.27	03:11:04.714	0.84625	0.84626			6
2024.06.27	03:11:05.075	0.84624	0.84625			6
2024.06.27	03:11:05.693	0.84625	0.84626			6
2024.06.27	03:11:06.678	0.84624	0.84625			6
2024.06.27	03:11:12.743	0.84625	0.84626			6
2024.06.27	03:11:13.713	0.84624	0.84625			6
2024.06.27	03:11:14.516	0.84625	0.84626			6
2024.06.27	03:11:14.893	0.84624	0.84625			6
2024.06.27	03:11:15.193	0.84625	0.84626			6
2024.06.27	03:11:17.231	0.84624	0.84625			6
2024.06.27	03:11:18.273	0.84625	0.84626			6
2024.06.27	03:11:18.605	0.84624	0.84625			6
2024.06.27	03:11:19.134	0.84625	0.84626			6
2024.06.27	03:11:19.503	0.84624	0.84625			6
2024.06.27	03:11:21.550	0.84625	0.84626			6
2024.06.27	03:11:22.398	0.84624	0.84625			6
2024.06.27	03:11:22.744	0.84625	0.84626			6
2024.06.27	03:11:23.387	0.84624	0.84625			6
2024.06.27	03:11:35.552	0.84623	0.84624			6
2024.06.27	03:11:35.919	0.84624	0.84625			6
2024.06.27	03:11:36.337	0.84623	0.84624			6
2024.06.27	03:11:36.753	0.84624	0.84625			6
2024.06.27	03:11:41.679	0.84623	0.84624			6
2024.06.27	03:11:44.186	0.84624	0.84625			6
2024.06.27	03:11:45.243	0.84625	0.84626			6
2024.06.27	03:11:47.857	0.84624	0.84625			6
2024.06.27	03:11:56.237	0.84625	0.84626			6
2024.06.27	03:12:00.728	0.84625				2
2024.06.27	03:12:01.966	0.84624	0.84625			6
2024.06.27	03:12:02.297	0.84625	0.84626			6
2024.06.27	03:12:02.629	0.84624	0.84625			6
2024.06.27	03:12:03.632	0.84625	0.84626			6
2024.06.27	03:12:04.323	0.84624	0.84625			6
2024.06.27	03:12:04.674	0.84625	0.84626			6
2024.06.27	03:12:05.011	0.84624	0.84625			6
2024.06.27	03:12:09.498	0.84625	0.84626			6
2024.06.27	03:12:15.694	0.84624	0.84625			6
2024.06.27	03:12:16.761	0.84625	0.84626			6
2024.06.27	03:12:17.586	0.84624	0.84625			6
2024.06.27	03:12:19.293	0.84625	0.84626			6
2024.06.27	03:12:19.619	0.84624	0.84625			6
2024.06.27	03:12:21.013	0.84625	0.84626			6
2024.06.27	03:12:21.430	0.84624	0.84625			6
2024.06.27	03:12:33.361	0.84625	0.84626			6
2024.06.27	03:12:36.422	0.84626	0.84627			6
2024.06.27	03:12:41.994	0.84625	0.84626			6
2024.06.27	03:12:42.342	0.84626	0.84627			6
2024.06.27	03:12:44.054	0.84625	0.84626			6
2024.06.27	03:12:44.356	0.84626	0.84627			6
2024.06.27	03:12:45.501	0.84625	0.84626			6
2024.06.27	03:12:45.844	0.84624	0.84625			6
2024.06.27	03:12:47.407	0.84625	0.84626			6
2024.06.27	03:12:47.795	0.84624	0.84625			6
2024.06.27	03:12:49.218	0.84625	0.84626			6
2024.06.27	03:12:54.686	0.84624	0.84625			6
2024.06.27	03:12:58.683	0.84625	0.84626			6
2024.06.27	03:12:59.593	0.84623	0.84624			6
2024.06.27	03:13:00.812	0.84623				2
2024.06.27	03:13:01.218	0.84624	0.84625			6
2024.06.27	03:13:05.809	0.84623	0.84624			6
2024.06.27	03:13:10.547	0.84624	0.84625			6
2024.06.27	03:13:10.952	0.84623	0.84624			6
2024.06.27	03:13:17.097	0.84622	0.84623			6
2024.06.27	03:13:21.039	0.84623	0.84624			6
2024.06.27	03:13:21.342	0.84624	0.84625			6
2024.06.27	03:13:22.372	0.84623	0.84624			6
2024.06.27	03:13:29.562	0.84622	0.84623			6
2024.06.27	03:13:34.939	0.84623	0.84624			6
2024.06.27	03:13:36.214	0.84622	0.84623			6
2024.06.27	03:13:41.509	0.84623	0.84624			6
2024.06.27	03:13:55.776	0.84624	0.84625			6
2024.06.27	03:14:00.414	0.84624				2
2024.06.27	03:14:04.151	0.84625	0.84626			6
2024.06.27	03:14:05.570	0.84624	0.84625			6
2024.06.27	03:14:13.071	0.84625	0.84626			6
2024.06.27	03:14:13.406	0.84624	0.84625			6
2024.06.27	03:14:18.425	0.84625	0.84626			6
2024.06.27	03:14:20.210	0.84624	0.84625			6
2024.06.27	03:14:20.593	0.84625	0.84626			6
2024.06.27	03:14:20.979	0.84624	0.84625			6
2024.06.27	03:14:21.959	0.84625	0.84626			6
2024.06.27	03:14:22.443	0.84624	0.84625			6
2024.06.27	03:14:23.689	0.84625	0.84626			6
2024.06.27	03:14:27.295	0.84624	0.84625			6
2024.06.27	03:14:28.763	0.84625	0.84626			6
2024.06.27	03:14:29.271	0.84624	0.84625			6
2024.06.27	03:14:30.318	0.84623	0.84624			6
2024.06.27	03:14:30.675	0.84624	0.84625			6
2024.06.27	03:14:33.747	0.84625	0.84626			6
2024.06.27	03:14:34.366	0.84624	0.84625			6
2024.06.27	03:14:39.480	0.84625	0.84626			6
2024.06.27	03:14:39.895	0.84624	0.84625			6
2024.06.27	03:14:45.800	0.84625	0.84626			6
2024.06.27	03:14:46.107	0.84624	0.84625			6
2024.06.27	03:14:53.291	0.84625	0.84626			6
2024.06.27	03:14:53.839	0.84624	0.84625			6
2024.06.27	03:14:56.777	0.84625	0.84626			6
2024.06.27	03:14:57.183	0.84624	0.84625			6
2024.06.27	03:14:58.594	0.84625	0.84626			6
2024.06.27	03:15:00.103	0.84625				2
2024.06.27	03:15:01.521	0.84626	0.84627			6
2024.06.27	03:15:01.903	0.84625	0.84626			6
2024.06.27	03:15:05.691	0.84626	0.84627			6
2024.06.27	03:15:06.856	0.84627	0.84628			6
2024.06.27	03:15:12.803	0.84626	0.84627			6
2024.06.27	03:15:13.220	0.84625	0.84626			6
2024.06.27	03:15:15.232	0.84626	0.84627			6
2024.06.27	03:15:24.746	0.84625	0.84626			6
2024.06.27	03:15:49.183	0.84626	0.84627			6
2024.06.27	03:15:49.572	0.84625	0.84626			6
2024.06.27	03:15:52.243	0.84626	0.84627			6
2024.06.27	03:15:52.562	0.84625	0.84626			6
2024.06.27	03:15:53.049	0.84626	0.84627			6
2024.06.27	03:15:53.646	0.84625	0.84626			6
2024.06.27	03:15:54.654	0.84626	0.84627			6
2024.06.27	03:15:55.618	0.84625	0.84626			6
2024.06.27	03:15:58.663	0.84626	0.84627			6
2024.06.27	03:15:59.851	0.84625	0.84626			6
2024.06.27	03:16:00.272	0.84625				2
2024.06.27	03:16:00.593	0.84626	0.84627			6
2024.06.27	03:16:01.292	0.84625	0.84626			6
2024.06.27	03:16:01.851	0.84626	0.84627			6
2024.06.27	03:16:02.514	0.84627	0.84628			6
2024.06.27	03:16:02.822	0.84626	0.84627			6
2024.06.27	03:16:03.145	0.84627	0.84628			6
2024.06.27	03:16:06.071	0.84625	0.84626			6
2024.06.27	03:16:08.013	0.84626	0.84627			6
2024.06.27	03:16:08.319	0.84627	0.84628			6
2024.06.27	03:16:12.509	0.84626				2
2024.06.27	03:16:13.551		0.84627			4
2024.06.27	03:16:14.168	0.84627	0.84628			6
2024.06.27	03:16:15.289	0.84628	0.84629			6
2024.06.27	03:16:20.548	0.84627	0.84628			6
2024.06.27	03:16:20.866	0.84628	0.84629			6
2024.06.27	03:16:21.670	0.84629	0.84630			6
2024.06.27	03:16:24.476	0.84628	0.84629			6
2024.06.27	03:16:25.132	0.84629	0.84630			6
2024.06.27	03:16:29.208	0.84630	0.84631			6
2024.06.27	03:16:29.517	0.84629	0.84630			6
2024.06.27	03:16:30.488	0.84630	0.84631			6
2024.06.27	03:16:33.722	0.84631	0.84632			6
2024.06.27	03:16:34.992	0.84632	0.84633			6
2024.06.27	03:16:35.498	0.84633	0.84634			6
2024.06.27	03:16:35.809	0.84632				2
2024.06.27	03:16:38.694	0.84633				2
2024.06.27	03:16:39.667	0.84632				2
2024.06.27	03:16:40.054	0.84633	0.84635			6
2024.06.27	03:16:49.160	0.84634				2
2024.06.27	03:16:49.506	0.84633				2
2024.06.27	03:16:49.893	0.84632	0.84634			6
2024.06.27	03:16:54.377	0.84633	0.84635			6
2024.06.27	03:16:57.883	0.84632	0.84634			6
2024.06.27	03:16:58.305	0.84633	0.84635			6
2024.06.27	03:17:00.741	0.84632	0.84634			6
2024.06.27	03:17:02.499	0.84633	0.84635			6
2024.06.27	03:17:02.822	0.84632	0.84633			6
2024.06.27	03:17:04.347	0.84631				2
2024.06.27	03:17:04.846	0.84632				2
2024.06.27	03:17:05.160		0.84634			4
2024.06.27	03:17:07.786	0.84633				2
2024.06.27	03:17:08.151	0.84632				2
2024.06.27	03:17:08.844	0.84633				2
2024.06.27	03:17:10.663	0.84632				2
2024.06.27	03:17:11.306	0.84633				2
2024.06.27	03:17:11.628	0.84632				2
2024.06.27	03:17:19.911	0.84631				2
2024.06.27	03:17:20.247	0.84634	0.84635			6
2024.06.27	03:17:20.563	0.84633	0.84634			6
2024.06.27	03:17:22.180	0.84635	0.84636			6
2024.06.27	03:17:22.484	0.84633	0.84634			6
2024.06.27	03:17:22.891	0.84634	0.84635			6
2024.06.27	03:17:24.603	0.84635	0.84636			6
2024.06.27	03:17:26.599	0.84634	0.84635			6
2024.06.27	03:17:27.614	0.84635	0.84636			6
2024.06.27	03:17:28.149	0.84634	0.84635			6
2024.06.27	03:17:31.340	0.84635	0.84636			6
2024.06.27	03:17:33.657	0.84636	0.84637			6
2024.06.27	03:17:34.070	0.84635	0.84636			6
2024.06.27	03:17:40.085	0.84634	0.84635			6
2024.06.27	03:17:41.205	0.84635	0.84636			6
2024.06.27	03:17:41.514	0.84634	0.84635			6
2024.06.27	03:17:43.065	0.84635	0.84636			6
2024.06.27	03:17:46.162	0.84634	0.84635			6
2024.06.27	03:17:46.474	0.84635	0.84636			6
2024.06.27	03:17:48.428	0.84636	0.84637			6
2024.06.27	03:17:49.563	0.84635	0.84636			6
2024.06.27	03:17:53.022	0.84634	0.84635			6
2024.06.27	03:17:53.860	0.84635	0.84636			6
2024.06.27	03:18:00.098	0.84635				2
2024.06.27	03:18:00.429	0.84634	0.84635			6
2024.06.27	03:18:00.865	0.84635	0.84636			6
2024.06.27	03:18:04.138	0.84636	0.84637			6
2024.06.27	03:18:05.335	0.84635	0.84636			6
2024.06.27	03:18:08.350	0.84634				2
2024.06.27	03:18:09.465	0.84633	0.84635			6
2024.06.27	03:18:09.826	0.84634				2
2024.06.27	03:18:10.236	0.84633				2
2024.06.27	03:18:10.559	0.84634				2
2024.06.27	03:18:12.435	0.84633				2
2024.06.27	03:18:14.380	0.84635	0.84636			6
2024.06.27	03:18:14.698	0.84636	0.84637			6
2024.06.27	03:18:15.501	0.84637	0.84638			6
2024.06.27	03:18:15.840	0.84636	0.84637			6
2024.06.27	03:18:16.197	0.84633				2
2024.06.27	03:18:24.206	0.84635				2
2024.06.27	03:18:24.513	0.84636				2
2024.06.27	03:18:24.908	0.84635				2
2024.06.27	03:18:26.787	0.84636				2
2024.06.27	03:18:27.494	0.84635				2
2024.06.27	03:18:27.996	0.84636				2
2024.06.27	03:18:34.593	0.84635				2
2024.06.27	03:18:42.493		0.84636			4
2024.06.27	03:18:42.796		0.84637			4
2024.06.27	03:18:43.102	0.84636				2
2024.06.27	03:18:46.244	0.84635				2
2024.06.27	03:18:47.045	0.84636				2
2024.06.27	03:18:47.372	0.84637	0.84638			6
2024.06.27	03:18:48.179	0.84636				2
2024.06.27	03:18:48.746	0.84635	0.84637			6
2024.06.27	03:18:49.052	0.84636	0.84638			6
2024.06.27	03:18:49.461	0.84635	0.84637			6
2024.06.27	03:18:50.188	0.84636	0.84638			6
2024.06.27	03:18:50.512	0.84635	0.84637			6
2024.06.27	03:18:54.487	0.84636	0.84638			6
2024.06.27	03:19:00.439	0.84636				2
2024.06.27	03:19:05.094	0.84637				2
2024.06.27	03:19:05.513	0.84636				2
2024.06.27	03:19:07.865	0.84637				2
2024.06.27	03:19:09.384	0.84636				2
2024.06.27	03:19:09.844	0.84637				2
2024.06.27	03:19:11.761	0.84636				2
2024.06.27	03:19:12.413	0.84637				2
2024.06.27	03:19:12.714	0.84636				2
2024.06.27	03:19:13.607	0.84637				2
2024.06.27	03:19:17.887	0.84636				2
2024.06.27	03:19:20.316	0.84637				2
2024.06.27	03:19:21.040	0.84636				2
2024.06.27	03:19:26.442	0.84637				2
2024.06.27	03:19:26.793	0.84636				2
2024.06.27	03:19:27.649	0.84637				2
2024.06.27	03:19:29.580	0.84638	0.84639			6
2024.06.27	03:19:33.692	0.84637				2
2024.06.27	03:19:34.019	0.84638				2
2024.06.27	03:19:36.348	0.84637				2
2024.06.27	03:19:37.122	0.84638				2
2024.06.27	03:19:44.701	0.84639	0.84640			6
2024.06.27	03:19:45.059	0.84638	0.84639			6
2024.06.27	03:19:48.044	0.84637				2
2024.06.27	03:19:48.443	0.84638				2
2024.06.27	03:19:56.268	0.84639	0.84640			6
2024.06.27	03:19:56.654	0.84638	0.84639			6
2024.06.27	03:20:00.389	0.84638				2
2024.06.27	03:20:02.135	0.84639	0.84640			6
2024.06.27	03:20:02.877	0.84638	0.84639			6
2024.06.27	03:20:06.322	0.84637				2
2024.06.27	03:20:06.787	0.84638				2
2024.06.27	03:20:14.097	0.84639	0.84640			6
2024.06.27	03:20:14.400	0.84638	0.84639			6
2024.06.27	03:20:16.243	0.84639	0.84640			6
2024.06.27	03:20:25.137	0.84638				2
2024.06.27	03:20:25.461	0.84639				2
2024.06.27	03:20:48.062	0.84638				2
2024.06.27	03:20:49.997	0.84637	0.84639			6
2024.06.27	03:20:50.305	0.84638				2
2024.06.27	03:20:52.795	0.84637				2
2024.06.27	03:20:53.505	0.84638	0.84640			6
2024.06.27	03:20:54.253	0.84640	0.84641			6
2024.06.27	03:20:56.392	0.84639	0.84640			6
2024.06.27	03:20:56.719	0.84640	0.84641			6
2024.06.27	03:20:57.094	0.84639	0.84640			6
2024.06.27	03:20:57.628	0.84640	0.84641			6
2024.06.27	03:20:57.955	0.84639	0.84640			6
2024.06.27	03:21:00.447	0.84639				2
2024.06.27	03:21:02.093		0.84641			4
2024.06.27	03:21:15.978	0.84640				2
2024.06.27	03:21:16.465	0.84639				2
2024.06.27	03:21:17.840	0.84640				2
2024.06.27	03:21:18.215	0.84639				2
2024.06.27	03:21:18.851	0.84640				2
2024.06.27	03:21:20.717	0.84639				2
2024.06.27	03:21:22.328	0.84640				2
2024.06.27	03:21:23.495	0.84639				2
2024.06.27	03:21:25.864	0.84640				2
2024.06.27	03:21:26.348	0.84639				2
2024.06.27	03:21:27.153		0.84640			4
2024.06.27	03:22:00.263	0.84639				2
2024.06.27	03:22:07.699	0.84640	0.84641			6
2024.06.27	03:22:08.695	0.84641	0.84642			6
2024.06.27	03:22:09.842	0.84640	0.84641			6
2024.06.27	03:22:11.299	0.84639	0.84640			6
2024.06.27	03:22:11.967	0.84640	0.84641			6
2024.06.27	03:22:13.024	0.84639	0.84640			6
2024.06.27	03:22:15.114	0.84640	0.84641			6
2024.06.27	03:22:20.076	0.84639	0.84640			6
2024.06.27	03:22:20.740	0.84640	0.84641			6
2024.06.27	03:22:21.631	0.84639	0.84640			6
2024.06.27	03:22:36.813	0.84637	0.84638			6
2024.06.27	03:22:37.474	0.84636	0.84637			6
2024.06.27	03:22:40.597	0.84638	0.84639			6
2024.06.27	03:22:47.869	0.84639	0.84640			6
2024.06.27	03:22:52.123	0.84640	0.84641			6
2024.06.27	03:22:54.000	0.84639	0.84640			6
2024.06.27	03:22:55.993	0.84640	0.84641			6
2024.06.27	03:22:59.939	0.84641	0.84642			6
2024.06.27	03:23:00.282	0.84641				2
2024.06.27	03:23:01.371	0.84642	0.84643			6
2024.06.27	03:23:02.043	0.84641	0.84642			6
2024.06.27	03:23:03.712	0.84642	0.84643			6
2024.06.27	03:23:13.394	0.84643	0.84644			6
2024.06.27	03:23:17.972	0.84640	0.84641			6
2024.06.27	03:23:26.349	0.84641	0.84642			6
2024.06.27	03:23:32.867	0.84643	0.84644			6
2024.06.27	03:23:38.529	0.84644	0.84645			6
2024.06.27	03:23:39.022	0.84643	0.84644			6
2024.06.27	03:23:59.972	0.84642	0.84643			6
2024.06.27	03:24:00.371	0.84643	0.84644			6
2024.06.27	03:24:00.709	0.84642	0.84643			6
2024.06.27	03:24:01.017	0.84643	0.84644			6
2024.06.27	03:24:04.716	0.84645	0.84646			6
2024.06.27	03:24:05.044	0.84644	0.84645			6
2024.06.27	03:24:05.762	0.84645	0.84646			6
2024.06.27	03:24:16.818	0.84644	0.84645			6
2024.06.27	03:24:32.324	0.84643	0.84644			6
2024.06.27	03:24:33.653	0.84644	0.84645			6
2024.06.27	03:24:55.144	0.84645	0.84646			6
2024.06.27	03:24:55.624	0.84644	0.84645			6
2024.06.27	03:24:57.495	0.84645	0.84646			6
2024.06.27	03:24:57.928	0.84644	0.84645			6
2024.06.27	03:25:00.039	0.84644				2
2024.06.27	03:25:00.405	0.84643	0.84644			6
2024.06.27	03:25:00.712	0.84644	0.84645			6
2024.06.27	03:25:22.944	0.84645	0.84646			6
2024.06.27	03:25:24.880	0.84644				2
2024.06.27	03:25:25.231	0.84645				2
2024.06.27	03:25:27.400	0.84646	0.84647			6
2024.06.27	03:25:27.769	0.84645	0.84646			6
2024.06.27	03:25:30.365	0.84644				2
2024.06.27	03:25:32.466	0.84645				2
2024.06.27	03:25:32.767	0.84644				2
2024.06.27	03:25:33.823	0.84645				2
2024.06.27	03:25:35.692	0.84644				2
2024.06.27	03:25:36.185	0.84645				2
2024.06.27	03:25:38.268	0.84644				2
2024.06.27	03:25:39.801	0.84645				2
2024.06.27	03:25:44.193	0.84644				2
2024.06.27	03:25:51.353	0.84645				2
2024.06.27	03:25:53.235	0.84644				2
2024.06.27	03:25:55.294	0.84645				2
2024.06.27	03:25:57.143	0.84644				2
2024.06.27	03:26:00.452	0.84644				2
2024.06.27	03:26:00.939	0.84642	0.84643			6
2024.06.27	03:26:07.971	0.84646	0.84647			6
2024.06.27	03:26:08.329	0.84643	0.84646			6
2024.06.27	03:26:08.987	0.84642				2
2024.06.27	03:26:10.323	0.84643				2
2024.06.27	03:26:13.458	0.84642				2
2024.06.27	03:26:16.344	0.84644				2
2024.06.27	03:26:17.515	0.84642	0.84645			6
2024.06.27	03:26:19.538	0.84640	0.84642			6
2024.06.27	03:26:20.568	0.84642	0.84643			6
2024.06.27	03:26:20.956	0.84641				2
2024.06.27	03:26:23.013	0.84640				2
2024.06.27	03:26:23.807	0.84639	0.84642			6
2024.06.27	03:26:24.173	0.84640				2
2024.06.27	03:26:25.068	0.84639				2
2024.06.27	03:26:25.553	0.84640				2
2024.06.27	03:26:25.940	0.84639				2
2024.06.27	03:26:26.649	0.84640				2
2024.06.27	03:26:27.380	0.84639				2
2024.06.27	03:26:29.949	0.84640				2
2024.06.27	03:26:30.864	0.84639				2
2024.06.27	03:26:36.754	0.84640				2
2024.06.27	03:26:39.349	0.84641				2
2024.06.27	03:26:39.716	0.84640				2
2024.06.27	03:26:41.874	0.84641				2
2024.06.27	03:26:42.243	0.84640				2
2024.06.27	03:26:42.947	0.84639				2
2024.06.27	03:26:43.287	0.84641				2
2024.06.27	03:26:43.930	0.84640				2
2024.06.27	03:26:44.896	0.84641				2
2024.06.27	03:26:47.345	0.84640				2
2024.06.27	03:26:48.107		0.84641			4
2024.06.27	03:26:48.455	0.84639				2
2024.06.27	03:26:49.175	0.84640				2
2024.06.27	03:26:49.619	0.84639				2
2024.06.27	03:26:52.154	0.84640				2
2024.06.27	03:26:53.282	0.84639				2
2024.06.27	03:26:53.995	0.84640				2
2024.06.27	03:27:00.298	0.84640				2
2024.06.27	03:27:00.682	0.84639				2
2024.06.27	03:27:01.323	0.84640				2
2024.06.27	03:27:01.715	0.84639				2
2024.06.27	03:27:04.062	0.84638				2
2024.06.27	03:27:05.737	0.84639				2
2024.06.27	03:27:06.351	0.84641	0.84642			6
2024.06.27	03:27:06.663	0.84642	0.84644			6
2024.06.27	03:27:08.355	0.84640				2
2024.06.27	03:27:10.448		0.84643			4
2024.06.27	03:27:14.860	0.84639				2
2024.06.27	03:27:16.303	0.84641				2
2024.06.27	03:27:22.597	0.84640				2
2024.06.27	03:27:22.971	0.84641				2
2024.06.27	03:27:30.677	0.84640	0.84642			6
2024.06.27	03:27:33.254	0.84641	0.84643			6
2024.06.27	03:27:33.592	0.84640	0.84642			6
2024.06.27	03:27:33.976	0.84641	0.84643			6
2024.06.27	03:27:34.352	0.84640	0.84642			6
2024.06.27	03:27:38.139	0.84641	0.84643			6
2024.06.27	03:27:38.446	0.84640	0.84642			6
2024.06.27	03:27:39.260	0.84641	0.84643			6
2024.06.27	03:27:39.575	0.84640	0.84642			6
2024.06.27	03:27:45.093	0.84641	0.84643			6
2024.06.27	03:27:45.451	0.84640	0.84642			6
2024.06.27	03:27:47.730	0.84641	0.84643			6
2024.06.27	03:27:48.177	0.84639	0.84641			6
2024.06.27	03:27:52.346	0.84640	0.84642			6
2024.06.27	03:27:53.640	0.84639	0.84641			6
2024.06.27	03:27:57.276	0.84640	0.84642			6
2024.06.27	03:27:57.687	0.84639	0.84641			6
2024.06.27	03:27:58.842	0.84640	0.84642			6
2024.06.27	03:28:00.383	0.84640				2
2024.06.27	03:28:00.934	0.84639	0.84641			6
2024.06.27	03:28:01.703		0.84640			4
2024.06.27	03:28:02.011		0.84641			4
2024.06.27	03:28:02.805		0.84642			4
2024.06.27	03:28:04.374		0.84641			4
2024.06.27	03:28:04.689	0.84640	0.84642			6
2024.06.27	03:28:04.994	0.84641	0.84643			6
2024.06.27	03:28:05.301	0.84640	0.84642			6
2024.06.27	03:28:06.382	0.84639	0.84641			6
2024.06.27	03:28:07.022	0.84640	0.84642			6
2024.06.27	03:28:07.376	0.84639	0.84641			6
2024.06.27	03:28:08.961	0.84640	0.84642			6
2024.06.27	03:28:11.090	0.84641				2
2024.06.27	03:28:11.392	0.84640				2
2024.06.27	03:28:11.756	0.84641				2
2024.06.27	03:28:12.104	0.84640				2
2024.06.27	03:28:22.607	0.84639	0.84641			6
2024.06.27	03:28:22.989	0.84640	0.84642			6
2024.06.27	03:28:23.472	0.84639	0.84641			6
2024.06.27	03:28:23.790	0.84640	0.84642			6
2024.06.27	03:28:24.103	0.84639	0.84641			6
2024.06.27	03:28:24.535	0.84640	0.84642			6
2024.06.27	03:28:24.892	0.84639	0.84641			6
2024.06.27	03:28:25.197	0.84640	0.84642			6
2024.06.27	03:28:27.267	0.84639				2
2024.06.27	03:28:27.611		0.84641			4
2024.06.27	03:28:29.579	0.84640	0.84642			6
2024.06.27	03:28:30.205	0.84639	0.84641			6
2024.06.27	03:28:30.544	0.84640	0.84642			6
2024.06.27	03:28:33.374		0.84641			4
2024.06.27	03:28:34.032	0.84641	0.84642			6
2024.06.27	03:28:34.392	0.84640	0.84641			6
2024.06.27	03:28:34.783	0.84641	0.84642			6
2024.06.27	03:28:35.146	0.84640	0.84641			6
2024.06.27	03:28:36.686	0.84641	0.84642			6
2024.06.27	03:28:37.580	0.84640	0.84641			6
2024.06.27	03:28:51.403	0.84641	0.84642			6
2024.06.27	03:28:53.076	0.84640	0.84641			6
2024.06.27	03:28:54.374	0.84641	0.84642			6
2024.06.27	03:28:55.256	0.84640	0.84641			6
2024.06.27	03:29:00.395	0.84639	0.84640			6
2024.06.27	03:29:00.701	0.84640	0.84641			6
2024.06.27	03:29:01.208	0.84639	0.84640			6
2024.06.27	03:29:01.546	0.84640	0.84641			6
2024.06.27	03:29:04.594	0.84641	0.84642			6
2024.06.27	03:29:05.321	0.84640	0.84641			6
2024.06.27	03:29:05.635	0.84641	0.84642			6
2024.06.27	03:29:05.954	0.84640	0.84641			6
2024.06.27	03:29:09.510	0.84641	0.84642			6
2024.06.27	03:29:10.071	0.84640	0.84641			6
2024.06.27	03:29:15.683	0.84641	0.84642			6
2024.06.27	03:29:15.984	0.84640	0.84641			6
2024.06.27	03:29:23.846	0.84641	0.84643			6
2024.06.27	03:29:24.339	0.84640	0.84642			6
2024.06.27	03:29:24.644	0.84641	0.84643			6
2024.06.27	03:29:28.220	0.84642				2
2024.06.27	03:29:28.717	0.84641				2
2024.06.27	03:29:31.847	0.84640	0.84642			6
2024.06.27	03:29:32.421	0.84641	0.84643			6
2024.06.27	03:29:32.767	0.84640	0.84642			6
2024.06.27	03:29:34.202	0.84641	0.84643			6
2024.06.27	03:29:34.568	0.84640	0.84642			6
2024.06.27	03:29:34.874	0.84641	0.84643			6
2024.06.27	03:29:35.394	0.84640	0.84642			6
2024.06.27	03:29:35.743	0.84641	0.84643			6
2024.06.27	03:29:36.118	0.84640	0.84642			6
2024.06.27	03:29:36.424	0.84641	0.84643			6
2024.06.27	03:29:38.275	0.84642				2
2024.06.27	03:29:40.198	0.84641				2
2024.06.27	03:29:41.373	0.84640	0.84642			6
2024.06.27	03:29:41.725	0.84641	0.84643			6
2024.06.27	03:29:42.042	0.84640	0.84642			6
2024.06.27	03:29:43.108	0.84642	0.84643			6
2024.06.27	03:29:43.410	0.84640	0.84642			6
2024.06.27	03:29:44.127	0.84641	0.84643			6
