<DATE>	<TIME>	<BID>	<ASK>	<LAST>	<VOLUME>	<FLAGS>
2024.08.09	00:00:00.100	0.85592	0.85685			6
2024.08.09	00:00:00.431	0.85632	0.85683			6
2024.08.09	00:00:01.150	0.85585	0.85688			6
2024.08.09	00:00:30.886	0.85587	0.85683			6
2024.08.09	00:00:47.609	0.85589				2
2024.08.09	00:01:07.849	0.85587				2
2024.08.09	00:01:33.470		0.85683			4
2024.08.09	00:01:47.406	0.85589				2
2024.08.09	00:02:11.547	0.85589				2
2024.08.09	00:02:37.398		0.85683			4
2024.08.09	00:02:42.419	0.85588				2
2024.08.09	00:03:01.861	0.85588				2
2024.08.09	00:03:44.492		0.85683			4
2024.08.09	00:04:07.940	0.85588				2
2024.08.09	00:05:01.848	0.85588	0.85683			6
2024.08.09	00:05:15.668	0.85590	0.85700			6
2024.08.09	00:06:01.449	0.85590				2
2024.08.09	00:06:10.668	0.85589				2
2024.08.09	00:06:16.359		0.85700			4
2024.08.09	00:07:00.541	0.85589				2
2024.08.09	00:07:19.953		0.85700			4
2024.08.09	00:08:00.687	0.85589				2
2024.08.09	00:08:19.997		0.85700			4
2024.08.09	00:08:57.215	0.85597				2
2024.08.09	00:09:08.351	0.85600				2
2024.08.09	00:09:25.662		0.85700			4
2024.08.09	00:09:42.363	0.85598				2
2024.08.09	00:09:52.354	0.85600				2
2024.08.09	00:09:58.375	0.85601				2
2024.08.09	00:10:00.374	0.85615				2
2024.08.09	00:10:01.542	0.85619				2
2024.08.09	00:10:06.430	0.85620				2
2024.08.09	00:10:12.172	0.85619				2
2024.08.09	00:10:15.434	0.85618				2
2024.08.09	00:10:17.254	0.85617				2
2024.08.09	00:10:20.543	0.85619				2
2024.08.09	00:10:20.942	0.85627				2
2024.08.09	00:10:22.920	0.85628				2
2024.08.09	00:10:26.141	0.85627	0.85700			6
2024.08.09	00:10:34.357	0.85628				2
2024.08.09	00:10:40.951	0.85629				2
2024.08.09	00:10:41.832	0.85628				2
2024.08.09	00:10:43.461	0.85627				2
2024.08.09	00:10:47.246	0.85629				2
2024.08.09	00:10:49.353	0.85628				2
2024.08.09	00:10:54.860	0.85627				2
2024.08.09	00:11:01.645	0.85625				2
2024.08.09	00:11:09.943	0.85617				2
2024.08.09	00:11:15.672	0.85614	0.85683			6
2024.08.09	00:11:16.365	0.85613				2
2024.08.09	00:11:18.345	0.85614				2
2024.08.09	00:11:20.546	0.85617				2
2024.08.09	00:11:23.857	0.85618				2
2024.08.09	00:11:24.240	0.85619				2
2024.08.09	00:11:27.750	0.85622				2
2024.08.09	00:11:29.550	0.85627				2
2024.08.09	00:11:30.264	0.85628				2
2024.08.09	00:11:39.546	0.85632				2
2024.08.09	00:11:41.553	0.85633				2
2024.08.09	00:12:01.523	0.85633				2
2024.08.09	00:12:01.912	0.85632				2
2024.08.09	00:12:02.814	0.85630				2
2024.08.09	00:12:06.348	0.85628				2
2024.08.09	00:12:07.201	0.85629				2
2024.08.09	00:12:15.640	0.85628				2
2024.08.09	00:12:16.374		0.85683			4
2024.08.09	00:12:19.651	0.85627				2
2024.08.09	00:12:39.717	0.85629				2
2024.08.09	00:12:49.003	0.85628				2
2024.08.09	00:12:49.951	0.85629				2
2024.08.09	00:12:54.755	0.85628				2
2024.08.09	00:12:56.252	0.85627				2
2024.08.09	00:13:00.163	0.85627				2
2024.08.09	00:13:14.252	0.85626				2
2024.08.09	00:13:15.670	0.85630	0.85700			6
2024.08.09	00:13:18.413	0.85631				2
2024.08.09	00:13:19.875	0.85630				2
2024.08.09	00:14:01.819	0.85630				2
2024.08.09	00:14:02.267	0.85631				2
2024.08.09	00:14:05.220	0.85632				2
2024.08.09	00:14:15.754		0.85700			4
2024.08.09	00:14:23.743	0.85630				2
2024.08.09	00:14:24.356	0.85631				2
2024.08.09	00:14:35.757	0.85630				2
2024.08.09	00:15:00.373	0.85630				2
2024.08.09	00:15:01.447	0.85626				2
2024.08.09	00:15:01.950	0.85627				2
2024.08.09	00:15:16.204		0.85700			4
2024.08.09	00:15:17.247	0.85628	0.85697			6
2024.08.09	00:15:56.921	0.85625	0.85687			6
2024.08.09	00:15:57.222	0.85623				2
2024.08.09	00:16:01.351	0.85623				2
2024.08.09	00:16:07.051	0.85622				2
2024.08.09	00:16:07.362	0.85624				2
2024.08.09	00:16:08.199	0.85622				2
2024.08.09	00:16:08.958	0.85621	0.85689			6
2024.08.09	00:16:10.350	0.85620				2
2024.08.09	00:16:18.179	0.85618				2
2024.08.09	00:16:19.606		0.85685			4
2024.08.09	00:16:21.824	0.85622	0.85692			6
2024.08.09	00:16:23.852		0.85693			4
2024.08.09	00:16:26.874	0.85618	0.85686			6
2024.08.09	00:16:29.466	0.85619	0.85687			6
2024.08.09	00:16:30.887	0.85617	0.85685			6
2024.08.09	00:16:40.351	0.85614	0.85689			6
2024.08.09	00:16:52.805	0.85619				2
2024.08.09	00:16:55.350	0.85618	0.85690			6
2024.08.09	00:16:57.452	0.85623	0.85691			6
2024.08.09	00:17:01.517	0.85623				2
2024.08.09	00:17:03.455	0.85624				2
2024.08.09	00:17:07.046		0.85692			4
2024.08.09	00:17:09.118	0.85601	0.85658			6
2024.08.09	00:17:10.881		0.85663			4
2024.08.09	00:17:12.106	0.85600				2
2024.08.09	00:17:13.651	0.85601				2
2024.08.09	00:17:17.300		0.85665			4
2024.08.09	00:17:18.600	0.85598	0.85664			6
2024.08.09	00:17:19.227	0.85600	0.85665			6
2024.08.09	00:17:25.488	0.85613	0.85692			6
2024.08.09	00:17:25.825	0.85616	0.85693			6
2024.08.09	00:17:26.354	0.85619	0.85689			6
2024.08.09	00:17:26.678	0.85629	0.85693			6
2024.08.09	00:17:27.337	0.85631	0.85695			6
2024.08.09	00:17:27.696	0.85629	0.85694			6
2024.08.09	00:17:28.192	0.85633	0.85697			6
2024.08.09	00:17:30.871	0.85630	0.85694			6
2024.08.09	00:17:33.371	0.85629				2
2024.08.09	00:17:40.614	0.85619	0.85700			6
2024.08.09	00:17:40.956		0.85705			4
2024.08.09	00:17:41.428	0.85631	0.85694			6
2024.08.09	00:17:41.743	0.85632	0.85695			6
2024.08.09	00:17:42.376	0.85628	0.85692			6
2024.08.09	00:17:46.953	0.85626	0.85690			6
2024.08.09	00:17:47.881	0.85629	0.85693			6
2024.08.09	00:17:48.352	0.85631	0.85694			6
2024.08.09	00:17:49.741		0.85695			4
2024.08.09	00:17:51.338	0.85632	0.85697			6
2024.08.09	00:17:52.416		0.85696			4
2024.08.09	00:17:54.175		0.85697			4
2024.08.09	00:17:56.551	0.85633	0.85698			6
2024.08.09	00:18:00.371	0.85633				2
2024.08.09	00:18:13.374	0.85634	0.85699			6
2024.08.09	00:18:13.949		0.85700			4
2024.08.09	00:18:14.396		0.85699			4
2024.08.09	00:18:20.430	0.85635	0.85701			6
2024.08.09	00:18:21.478		0.85700			4
2024.08.09	00:18:22.696		0.85702			4
2024.08.09	00:18:24.370	0.85636	0.85701			6
2024.08.09	00:18:24.886	0.85635	0.85700			6
2024.08.09	00:18:31.528		0.85699			4
2024.08.09	00:18:33.395	0.85634	0.85700			6
2024.08.09	00:18:39.451	0.85635				2
2024.08.09	00:18:39.823	0.85633	0.85702			6
2024.08.09	00:18:42.018	0.85632	0.85703			6
2024.08.09	00:18:42.946	0.85633	0.85702			6
2024.08.09	00:18:43.515		0.85701			4
2024.08.09	00:18:48.355	0.85634	0.85699			6
2024.08.09	00:19:01.726	0.85634				2
2024.08.09	00:19:03.403	0.85635	0.85700			6
2024.08.09	00:19:07.653	0.85634	0.85699			6
2024.08.09	00:19:10.353	0.85624	0.85706			6
2024.08.09	00:19:10.659	0.85629				2
2024.08.09	00:19:11.060	0.85635	0.85699			6
2024.08.09	00:19:11.435	0.85634	0.85700			6
2024.08.09	00:19:12.730	0.85633	0.85701			6
2024.08.09	00:19:13.061	0.85634	0.85700			6
2024.08.09	00:19:13.932		0.85699			4
2024.08.09	00:19:14.274	0.85632	0.85701			6
2024.08.09	00:19:16.649	0.85633	0.85700			6
2024.08.09	00:19:21.419		0.85701			4
2024.08.09	00:19:22.502		0.85702			4
2024.08.09	00:19:24.152	0.85634	0.85700			6
2024.08.09	00:19:32.577	0.85632	0.85703			6
2024.08.09	00:19:37.436	0.85633	0.85699			6
2024.08.09	00:19:40.953	0.85632	0.85700			6
2024.08.09	00:19:44.349	0.85633	0.85699			6
2024.08.09	00:19:49.341		0.85698			4
2024.08.09	00:19:58.687	0.85631	0.85703			6
2024.08.09	00:19:59.185	0.85630				2
2024.08.09	00:20:00.325	0.85630				2
2024.08.09	00:20:02.371	0.85632	0.85698			6
2024.08.09	00:20:03.475	0.85633	0.85700			6
2024.08.09	00:20:03.784	0.85632	0.85698			6
2024.08.09	00:20:04.104	0.85630	0.85697			6
2024.08.09	00:20:06.172	0.85632	0.85699			6
2024.08.09	00:20:09.926	0.85633	0.85701			6
2024.08.09	00:20:13.953		0.85700			4
2024.08.09	00:20:16.688		0.85701			4
2024.08.09	00:20:19.354		0.85702			4
2024.08.09	00:20:23.515		0.85703			4
2024.08.09	00:20:24.005		0.85700			4
2024.08.09	00:20:25.218	0.85632	0.85699			6
2024.08.09	00:20:26.851		0.85700			4
2024.08.09	00:20:31.981	0.85633	0.85701			6
2024.08.09	00:20:42.572	0.85634	0.85702			6
2024.08.09	00:20:43.047	0.85632	0.85700			6
2024.08.09	00:20:52.444	0.85633	0.85702			6
2024.08.09	00:20:54.529		0.85701			4
2024.08.09	00:20:57.760	0.85632				2
2024.08.09	00:21:01.821	0.85632				2
2024.08.09	00:21:02.563		0.85702			4
2024.08.09	00:21:03.756		0.85705			4
2024.08.09	00:21:05.433	0.85634	0.85702			6
2024.08.09	00:21:06.010	0.85632	0.85704			6
2024.08.09	00:21:07.062	0.85634	0.85702			6
2024.08.09	00:21:10.053	0.85633	0.85701			6
2024.08.09	00:21:12.829	0.85634	0.85702			6
2024.08.09	00:21:13.360	0.85633	0.85704			6
2024.08.09	00:21:14.854		0.85702			4
2024.08.09	00:21:16.349		0.85703			4
2024.08.09	00:21:18.154	0.85634	0.85702			6
2024.08.09	00:21:26.645	0.85632	0.85703			6
2024.08.09	00:21:30.757		0.85702			4
2024.08.09	00:21:36.111	0.85633				2
2024.08.09	00:21:36.893	0.85632	0.85703			6
2024.08.09	00:21:39.310	0.85631	0.85699			6
2024.08.09	00:21:39.751	0.85632	0.85701			6
2024.08.09	00:21:46.394	0.85631				2
2024.08.09	00:21:49.052	0.85632	0.85700			6
2024.08.09	00:21:51.716	0.85633	0.85706			6
2024.08.09	00:21:52.056	0.85632	0.85700			6
2024.08.09	00:21:52.650		0.85701			4
2024.08.09	00:21:55.652		0.85700			4
2024.08.09	00:21:56.242	0.85630	0.85699			6
2024.08.09	00:21:56.784	0.85631				2
2024.08.09	00:22:00.434	0.85631				2
2024.08.09	00:22:02.013	0.85632	0.85700			6
2024.08.09	00:22:02.906	0.85631	0.85699			6
2024.08.09	00:22:03.453	0.85632	0.85702			6
2024.08.09	00:22:05.410	0.85633				2
2024.08.09	00:22:06.753	0.85632	0.85701			6
2024.08.09	00:22:52.953		0.85700			4
2024.08.09	00:23:00.616	0.85632				2
2024.08.09	00:23:01.958		0.85701			4
2024.08.09	00:23:02.988		0.85700			4
2024.08.09	00:23:08.007	0.85631				2
2024.08.09	00:23:11.821	0.85632	0.85702			6
2024.08.09	00:23:12.123		0.85701			4
2024.08.09	00:23:12.453		0.85703			4
2024.08.09	00:23:16.060		0.85702			4
2024.08.09	00:23:17.990	0.85633	0.85701			6
2024.08.09	00:23:18.608	0.85632				2
2024.08.09	00:23:20.252	0.85633				2
2024.08.09	00:23:20.869	0.85632				2
2024.08.09	00:23:21.747	0.85633				2
2024.08.09	00:23:43.954	0.85634				2
2024.08.09	00:23:49.965	0.85633				2
2024.08.09	00:24:02.251	0.85633				2
2024.08.09	00:24:18.555		0.85701			4
2024.08.09	00:24:49.561	0.85628	0.85703			6
2024.08.09	00:24:52.353	0.85626				2
2024.08.09	00:24:52.871	0.85625				2
2024.08.09	00:24:53.312	0.85628				2
2024.08.09	00:24:54.365	0.85626				2
2024.08.09	00:24:54.855	0.85627	0.85702			6
2024.08.09	00:24:57.764		0.85701			4
2024.08.09	00:24:59.530		0.85698			4
2024.08.09	00:24:59.834	0.85624				2
2024.08.09	00:25:00.159	0.85625	0.85701			6
2024.08.09	00:25:03.754	0.85627	0.85699			6
2024.08.09	00:25:04.361	0.85626				2
2024.08.09	00:25:08.131	0.85625	0.85697			6
2024.08.09	00:25:08.857		0.85696			4
2024.08.09	00:25:11.186	0.85622	0.85691			6
2024.08.09	00:25:12.197	0.85620	0.85690			6
2024.08.09	00:25:16.799		0.85689			4
2024.08.09	00:25:27.537	0.85619				2
2024.08.09	00:25:46.057	0.85621	0.85690			6
2024.08.09	00:25:48.449		0.85691			4
2024.08.09	00:25:52.965	0.85622				2
2024.08.09	00:25:57.715	0.85620	0.85690			6
2024.08.09	00:25:58.951	0.85619	0.85689			6
2024.08.09	00:25:59.864	0.85615	0.85685			6
2024.08.09	00:26:00.360	0.85617	0.85686			6
2024.08.09	00:26:00.936	0.85616				2
2024.08.09	00:26:01.352	0.85617	0.85687			6
2024.08.09	00:26:01.979	0.85616	0.85686			6
2024.08.09	00:26:05.064	0.85617	0.85687			6
2024.08.09	00:26:23.282	0.85616				2
2024.08.09	00:26:50.031	0.85618	0.85689			6
2024.08.09	00:26:50.410	0.85619				2
2024.08.09	00:26:55.662		0.85690			4
2024.08.09	00:26:59.467	0.85618	0.85688			6
2024.08.09	00:27:01.298	0.85618				2
2024.08.09	00:27:02.014	0.85617				2
2024.08.09	00:27:03.154	0.85618	0.85689			6
2024.08.09	00:27:05.060		0.85688			4
2024.08.09	00:27:08.550		0.85689			4
2024.08.09	00:27:15.150	0.85619				2
2024.08.09	00:27:22.341	0.85618	0.85688			6
2024.08.09	00:27:30.361		0.85689			4
2024.08.09	00:27:32.777		0.85688			4
2024.08.09	00:27:38.550	0.85619	0.85689			6
2024.08.09	00:27:41.525	0.85618	0.85688			6
2024.08.09	00:27:44.690	0.85619	0.85689			6
2024.08.09	00:27:45.698	0.85620	0.85690			6
2024.08.09	00:27:49.051	0.85619				2
2024.08.09	00:27:50.491	0.85618	0.85689			6
2024.08.09	00:28:00.754	0.85618	0.85688			6
2024.08.09	00:28:01.649	0.85620	0.85690			6
2024.08.09	00:28:03.777	0.85618	0.85688			6
2024.08.09	00:28:13.338	0.85619	0.85689			6
2024.08.09	00:28:17.732	0.85618	0.85688			6
2024.08.09	00:28:34.951	0.85619	0.85689			6
2024.08.09	00:28:43.183	0.85614	0.85684			6
2024.08.09	00:28:44.349	0.85615				2
2024.08.09	00:28:45.620	0.85614				2
2024.08.09	00:28:48.601	0.85613	0.85683			6
2024.08.09	00:28:49.655	0.85614	0.85684			6
2024.08.09	00:28:52.660	0.85613	0.85683			6
2024.08.09	00:28:53.199	0.85615	0.85685			6
2024.08.09	00:29:01.820	0.85615				2
2024.08.09	00:29:26.243	0.85616				2
2024.08.09	00:29:26.552	0.85614	0.85684			6
2024.08.09	00:29:40.970	0.85615				2
2024.08.09	00:29:48.451	0.85614	0.85683			6
2024.08.09	00:29:55.050	0.85616	0.85685			6
2024.08.09	00:30:00.304	0.85615	0.85686			6
2024.08.09	00:30:00.821	0.85611				2
2024.08.09	00:30:01.522	0.85616	0.85685			6
2024.08.09	00:30:01.832	0.85618	0.85687			6
2024.08.09	00:30:06.224	0.85619				2
2024.08.09	00:30:11.251	0.85620	0.85688			6
2024.08.09	00:30:22.094	0.85621	0.85689			6
2024.08.09	00:30:23.232	0.85617	0.85685			6
2024.08.09	00:30:23.925	0.85623	0.85700			6
2024.08.09	00:30:24.241	0.85617	0.85685			6
2024.08.09	00:30:34.197		0.85684			4
2024.08.09	00:30:40.532	0.85616	0.85685			6
2024.08.09	00:30:40.903	0.85615				2
2024.08.09	00:30:44.052	0.85614	0.85684			6
2024.08.09	00:30:46.569	0.85616	0.85683			6
2024.08.09	00:30:56.852		0.85682			4
2024.08.09	00:31:01.473	0.85616				2
2024.08.09	00:31:15.457	0.85617				2
2024.08.09	00:31:19.172		0.85681			4
2024.08.09	00:31:38.854		0.85680			4
2024.08.09	00:31:56.920	0.85618				2
2024.08.09	00:32:00.382	0.85618				2
2024.08.09	00:32:09.438	0.85616	0.85678			6
2024.08.09	00:32:15.760	0.85619	0.85680			6
2024.08.09	00:32:37.278	0.85618	0.85678			6
2024.08.09	00:32:40.053	0.85616	0.85676			6
2024.08.09	00:32:41.522	0.85618	0.85678			6
2024.08.09	00:32:42.683	0.85616	0.85676			6
2024.08.09	00:32:44.182		0.85675			4
2024.08.09	00:32:49.324	0.85614	0.85674			6
2024.08.09	00:32:49.836	0.85616	0.85675			6
2024.08.09	00:32:51.476	0.85614	0.85674			6
2024.08.09	00:32:58.606	0.85606	0.85682			6
2024.08.09	00:32:59.103	0.85611				2
2024.08.09	00:33:01.276	0.85611				2
2024.08.09	00:33:01.670	0.85617	0.85676			6
2024.08.09	00:33:04.315	0.85615	0.85673			6
2024.08.09	00:33:12.501	0.85614				2
2024.08.09	00:33:16.554	0.85607	0.85679			6
2024.08.09	00:33:18.241	0.85610				2
2024.08.09	00:33:19.263	0.85611	0.85676			6
2024.08.09	00:33:20.929	0.85609	0.85678			6
2024.08.09	00:33:23.561	0.85615	0.85672			6
2024.08.09	00:33:23.978	0.85613				2
2024.08.09	00:33:26.085		0.85671			4
2024.08.09	00:33:28.190	0.85612				2
2024.08.09	00:33:34.050		0.85672			4
2024.08.09	00:33:39.451		0.85671			4
2024.08.09	00:33:42.537	0.85613	0.85670			6
2024.08.09	00:33:44.260	0.85612	0.85671			6
2024.08.09	00:33:54.449	0.85613				2
2024.08.09	00:34:00.520	0.85613				2
2024.08.09	00:34:01.348	0.85612	0.85670			6
2024.08.09	00:34:06.152		0.85671			4
2024.08.09	00:34:21.574	0.85613				2
2024.08.09	00:34:28.963		0.85670			4
2024.08.09	00:34:37.658	0.85616				2
2024.08.09	00:34:38.853	0.85615				2
2024.08.09	00:35:00.751	0.85615				2
2024.08.09	00:35:30.333		0.85670			4
2024.08.09	00:35:34.543	0.85616	0.85669			6
2024.08.09	00:35:53.550	0.85618	0.85671			6
2024.08.09	00:36:02.496	0.85618				2
2024.08.09	00:37:00.872	0.85618	0.85670			6
2024.08.09	00:37:01.174	0.85619	0.85672			6
2024.08.09	00:37:01.945	0.85618	0.85670			6
2024.08.09	00:37:06.627	0.85617	0.85669			6
2024.08.09	00:37:20.007	0.85611	0.85664			6
2024.08.09	00:37:20.357	0.85609				2
2024.08.09	00:37:20.871	0.85611	0.85663			6
2024.08.09	00:37:21.530	0.85610				2
2024.08.09	00:37:22.688	0.85607	0.85660			6
2024.08.09	00:37:23.435	0.85605	0.85659			6
2024.08.09	00:37:23.929	0.85606				2
2024.08.09	00:37:27.376	0.85602	0.85663			6
2024.08.09	00:37:28.044	0.85604	0.85661			6
2024.08.09	00:37:28.371	0.85606	0.85659			6
2024.08.09	00:37:29.853		0.85658			4
2024.08.09	00:37:32.256	0.85605	0.85659			6
2024.08.09	00:37:32.597	0.85606	0.85658			6
2024.08.09	00:37:34.508	0.85605	0.85660			6
2024.08.09	00:37:34.941	0.85601	0.85663			6
2024.08.09	00:37:35.482	0.85602				2
2024.08.09	00:37:37.514	0.85605	0.85659			6
2024.08.09	00:37:38.568	0.85606	0.85658			6
2024.08.09	00:37:43.814	0.85605	0.85659			6
2024.08.09	00:37:44.531	0.85606	0.85658			6
2024.08.09	00:37:47.689		0.85657			4
2024.08.09	00:37:48.021	0.85605	0.85656			6
2024.08.09	00:37:55.096		0.85655			4
2024.08.09	00:37:57.543		0.85656			4
2024.08.09	00:38:00.033	0.85605				2
2024.08.09	00:38:00.396		0.85655			4
2024.08.09	00:38:03.155	0.85604	0.85656			6
2024.08.09	00:38:04.716	0.85605	0.85651			6
2024.08.09	00:38:08.251	0.85604				2
2024.08.09	00:38:09.821		0.85654			4
2024.08.09	00:38:14.852	0.85605				2
2024.08.09	00:38:20.597	0.85603	0.85652			6
2024.08.09	00:38:26.303		0.85651			4
2024.08.09	00:38:29.932	0.85602	0.85657			6
2024.08.09	00:38:31.646	0.85599	0.85659			6
2024.08.09	00:38:32.131	0.85606	0.85656			6
2024.08.09	00:38:32.574	0.85604	0.85662			6
2024.08.09	00:38:32.947	0.85606	0.85663			6
2024.08.09	00:38:43.135		0.85664			4
2024.08.09	00:38:44.251	0.85605				2
2024.08.09	00:38:54.684	0.85606				2
2024.08.09	00:38:55.004	0.85608	0.85661			6
2024.08.09	00:38:55.431	0.85607	0.85662			6
2024.08.09	00:38:56.194	0.85603	0.85664			6
2024.08.09	00:39:02.354	0.85603				2
2024.08.09	00:39:11.441	0.85604	0.85663			6
2024.08.09	00:39:25.131		0.85664			4
2024.08.09	00:39:40.684		0.85663			4
2024.08.09	00:39:44.965	0.85605	0.85662			6
2024.08.09	00:39:46.352	0.85604	0.85663			6
2024.08.09	00:39:50.364	0.85606	0.85661			6
2024.08.09	00:40:00.551	0.85607	0.85659			6
2024.08.09	00:40:09.151	0.85608				2
2024.08.09	00:40:10.779	0.85606	0.85657			6
2024.08.09	00:40:13.200	0.85607	0.85658			6
2024.08.09	00:40:18.782	0.85609	0.85660			6
2024.08.09	00:40:23.852		0.85659			4
2024.08.09	00:40:25.270		0.85660			4
2024.08.09	00:40:34.517	0.85610				2
2024.08.09	00:40:39.514	0.85609	0.85661			6
2024.08.09	00:40:40.509		0.85662			4
2024.08.09	00:40:41.518		0.85661			4
2024.08.09	00:40:42.551	0.85610				2
2024.08.09	00:40:48.877		0.85660			4
2024.08.09	00:40:51.571	0.85609				2
2024.08.09	00:40:57.700		0.85659			4
2024.08.09	00:41:00.262	0.85608	0.85661			6
2024.08.09	00:41:03.756	0.85609	0.85660			6
2024.08.09	00:41:06.800		0.85659			4
2024.08.09	00:41:11.251	0.85608				2
2024.08.09	00:41:11.682	0.85606	0.85662			6
2024.08.09	00:41:15.644	0.85608	0.85661			6
2024.08.09	00:41:16.429		0.85660			4
2024.08.09	00:41:20.851	0.85609	0.85661			6
2024.08.09	00:41:24.822	0.85610	0.85660			6
2024.08.09	00:41:33.454	0.85609				2
2024.08.09	00:42:01.474	0.85609				2
2024.08.09	00:42:05.704	0.85607	0.85658			6
2024.08.09	00:42:16.351	0.85606	0.85657			6
2024.08.09	00:42:20.929	0.85607	0.85659			6
2024.08.09	00:42:22.691	0.85608				2
2024.08.09	00:42:24.927	0.85609	0.85660			6
2024.08.09	00:42:26.560	0.85610				2
2024.08.09	00:42:56.750	0.85609				2
2024.08.09	00:43:00.301	0.85609				2
2024.08.09	00:43:01.536	0.85610				2
2024.08.09	00:43:28.357		0.85660			4
2024.08.09	00:44:03.731	0.85610				2
2024.08.09	00:44:17.485	0.85609	0.85659			6
2024.08.09	00:44:18.156		0.85660			4
2024.08.09	00:44:18.462		0.85659			4
2024.08.09	00:44:32.233	0.85608	0.85660			6
2024.08.09	00:44:35.132	0.85609	0.85659			6
2024.08.09	00:45:01.498	0.85607	0.85665			6
2024.08.09	00:45:02.073		0.85663			4
2024.08.09	00:45:02.666	0.85609	0.85659			6
2024.08.09	00:45:06.430	0.85621	0.85647			6
2024.08.09	00:45:10.256	0.85622				2
2024.08.09	00:45:13.596	0.85621				2
2024.08.09	00:45:43.223	0.85622				2
2024.08.09	00:46:02.355	0.85622				2
2024.08.09	00:46:06.685		0.85647			4
2024.08.09	00:46:14.331	0.85621				2
2024.08.09	00:46:18.031	0.85622				2
2024.08.09	00:46:30.104	0.85621	0.85646			6
2024.08.09	00:46:32.662	0.85622	0.85647			6
2024.08.09	00:46:41.617	0.85621				2
2024.08.09	00:46:45.337	0.85622				2
2024.08.09	00:46:47.542	0.85619	0.85649			6
2024.08.09	00:46:49.927		0.85650			4
2024.08.09	00:46:56.524	0.85621	0.85649			6
2024.08.09	00:46:57.047	0.85620	0.85650			6
2024.08.09	00:47:00.007	0.85620				2
2024.08.09	00:47:00.581	0.85621				2
2024.08.09	00:47:01.482	0.85622	0.85657			6
2024.08.09	00:47:02.652	0.85621	0.85650			6
2024.08.09	00:47:03.348	0.85620	0.85651			6
2024.08.09	00:47:28.926	0.85622	0.85648			6
2024.08.09	00:47:29.408	0.85621	0.85650			6
2024.08.09	00:47:35.849	0.85619	0.85651			6
2024.08.09	00:47:44.795	0.85620	0.85650			6
2024.08.09	00:47:47.548		0.85651			4
2024.08.09	00:47:48.163	0.85621	0.85652			6
2024.08.09	00:47:50.446	0.85622				2
2024.08.09	00:48:01.523	0.85622				2
2024.08.09	00:48:22.951	0.85621				2
2024.08.09	00:48:30.000	0.85623	0.85650			6
2024.08.09	00:48:32.814		0.85651			4
2024.08.09	00:48:33.698		0.85650			4
2024.08.09	00:48:34.027		0.85651			4
2024.08.09	00:48:40.329		0.85652			4
2024.08.09	00:48:42.726	0.85624	0.85651			6
2024.08.09	00:49:00.411	0.85623				2
2024.08.09	00:49:37.288	0.85624	0.85652			6
2024.08.09	00:50:02.038	0.85624				2
2024.08.09	00:50:11.572	0.85617	0.85657			6
2024.08.09	00:50:12.410	0.85624	0.85652			6
2024.08.09	00:50:29.439	0.85623	0.85651			6
2024.08.09	00:50:35.851	0.85624	0.85652			6
2024.08.09	00:51:00.375	0.85624				2
2024.08.09	00:51:05.766	0.85623				2
2024.08.09	00:51:15.530	0.85624				2
2024.08.09	00:51:41.821		0.85652			4
2024.08.09	00:51:47.591	0.85623				2
2024.08.09	00:52:03.502	0.85623				2
2024.08.09	00:52:13.679	0.85625	0.85654			6
2024.08.09	00:52:24.439	0.85626	0.85655			6
2024.08.09	00:52:29.234		0.85656			4
2024.08.09	00:52:49.685		0.85655			4
2024.08.09	00:53:04.095	0.85626				2
2024.08.09	00:53:26.469		0.85654			4
2024.08.09	00:53:26.855	0.85625	0.85655			6
2024.08.09	00:53:28.924		0.85656			4
2024.08.09	00:53:29.844		0.85654			4
2024.08.09	00:53:30.242	0.85624	0.85655			6
2024.08.09	00:53:40.321	0.85630	0.85658			6
2024.08.09	00:53:41.128	0.85632	0.85660			6
2024.08.09	00:53:42.930	0.85633	0.85661			6
2024.08.09	00:53:43.331	0.85636	0.85664			6
2024.08.09	00:53:45.807	0.85633	0.85662			6
2024.08.09	00:53:50.526	0.85632	0.85663			6
2024.08.09	00:53:50.868		0.85661			4
2024.08.09	00:53:51.636	0.85633	0.85662			6
2024.08.09	00:53:51.945	0.85632				2
2024.08.09	00:54:00.568	0.85632				2
2024.08.09	00:54:01.627		0.85661			4
2024.08.09	00:54:03.673	0.85631	0.85660			6
2024.08.09	00:54:08.047	0.85630	0.85659			6
2024.08.09	00:54:09.528		0.85660			4
2024.08.09	00:54:20.530	0.85631				2
2024.08.09	00:54:43.352	0.85630	0.85659			6
2024.08.09	00:55:00.724	0.85630				2
2024.08.09	00:55:16.536	0.85631	0.85660			6
2024.08.09	00:56:00.420	0.85631				2
2024.08.09	00:56:16.547		0.85660			4
2024.08.09	00:56:39.309	0.85630	0.85661			6
2024.08.09	00:56:39.619	0.85629	0.85662			6
2024.08.09	00:56:42.222	0.85631	0.85659			6
2024.08.09	00:56:43.814		0.85660			4
2024.08.09	00:56:45.036		0.85659			4
2024.08.09	00:56:47.114		0.85658			4
2024.08.09	00:56:50.553		0.85659			4
2024.08.09	00:56:55.482	0.85630				2
2024.08.09	00:56:58.159	0.85631	0.85658			6
2024.08.09	00:57:01.229	0.85631				2
2024.08.09	00:57:04.142		0.85657			4
2024.08.09	00:57:08.429	0.85630				2
2024.08.09	00:57:14.856	0.85631				2
2024.08.09	00:57:17.436	0.85632	0.85658			6
2024.08.09	00:57:20.294		0.85659			4
2024.08.09	00:57:21.186	0.85633	0.85658			6
2024.08.09	00:57:22.880		0.85659			4
2024.08.09	00:57:24.183	0.85632				2
2024.08.09	00:57:26.062	0.85633	0.85658			6
2024.08.09	00:57:46.398	0.85632				2
2024.08.09	00:57:47.848		0.85659			4
2024.08.09	00:57:48.754		0.85660			4
2024.08.09	00:58:00.063	0.85632				2
2024.08.09	00:58:07.951	0.85633	0.85661			6
2024.08.09	00:58:20.176	0.85632	0.85659			6
2024.08.09	00:58:29.851	0.85633	0.85658			6
2024.08.09	00:59:02.204	0.85633				2
2024.08.09	00:59:07.819		0.85657			4
2024.08.09	00:59:59.619	0.85632				2
2024.08.09	01:00:00.090	0.85632				2
2024.08.09	01:00:00.405	0.85635	0.85660			6
2024.08.09	01:00:00.752	0.85633	0.85659			6
2024.08.09	01:00:01.067	0.85634	0.85661			6
2024.08.09	01:00:01.401	0.85632	0.85663			6
2024.08.09	01:00:01.703	0.85635	0.85662			6
2024.08.09	01:00:02.014	0.85631	0.85665			6
2024.08.09	01:00:03.288	0.85635	0.85662			6
2024.08.09	01:00:03.939	0.85634	0.85661			6
2024.08.09	01:00:04.244	0.85646	0.85672			6
2024.08.09	01:00:04.547	0.85642	0.85673			6
2024.08.09	01:00:04.863	0.85652				2
2024.08.09	01:00:05.168		0.85676			4
2024.08.09	01:00:05.484	0.85646	0.85671			6
2024.08.09	01:00:05.892		0.85670			4
2024.08.09	01:00:06.955	0.85643				2
2024.08.09	01:00:07.272	0.85638	0.85672			6
2024.08.09	01:00:07.694	0.85637	0.85663			6
2024.08.09	01:00:08.067	0.85638	0.85664			6
2024.08.09	01:00:08.397	0.85637	0.85663			6
2024.08.09	01:00:08.912	0.85636	0.85664			6
2024.08.09	01:00:09.232	0.85637	0.85669			6
2024.08.09	01:00:09.543	0.85634	0.85668			6
2024.08.09	01:00:10.024	0.85635	0.85667			6
2024.08.09	01:00:10.377		0.85665			4
2024.08.09	01:00:10.780	0.85632	0.85658			6
2024.08.09	01:00:11.756		0.85657			4
2024.08.09	01:00:12.062	0.85633	0.85658			6
2024.08.09	01:00:13.020	0.85636	0.85662			6
2024.08.09	01:00:15.905	0.85639	0.85661			6
2024.08.09	01:00:16.224	0.85631	0.85660			6
2024.08.09	01:00:16.527	0.85639	0.85662			6
2024.08.09	01:00:16.841	0.85644	0.85665			6
2024.08.09	01:00:17.186		0.85664			4
2024.08.09	01:00:17.630		0.85665			4
2024.08.09	01:00:19.496		0.85666			4
2024.08.09	01:00:21.448		0.85667			4
2024.08.09	01:00:21.761		0.85668			4
2024.08.09	01:00:22.062		0.85667			4
2024.08.09	01:00:22.401		0.85668			4
2024.08.09	01:00:23.604	0.85642	0.85669			6
2024.08.09	01:00:23.925	0.85641				2
2024.08.09	01:00:24.368	0.85638	0.85667			6
2024.08.09	01:00:24.674	0.85634	0.85658			6
2024.08.09	01:00:26.657	0.85631	0.85655			6
2024.08.09	01:00:27.682	0.85630	0.85654			6
2024.08.09	01:00:29.003	0.85631				2
2024.08.09	01:00:31.384	0.85630	0.85655			6
2024.08.09	01:00:31.727		0.85654			4
2024.08.09	01:00:34.862	0.85631				2
2024.08.09	01:00:35.169	0.85630				2
2024.08.09	01:00:36.751	0.85631				2
2024.08.09	01:00:37.164	0.85629				2
2024.08.09	01:00:38.448	0.85631				2
2024.08.09	01:00:39.500		0.85655			4
2024.08.09	01:00:41.252	0.85630	0.85653			6
2024.08.09	01:00:42.754	0.85629	0.85652			6
2024.08.09	01:00:45.768	0.85633	0.85656			6
2024.08.09	01:00:46.219		0.85655			4
2024.08.09	01:00:48.764		0.85656			4
2024.08.09	01:00:49.387	0.85632	0.85655			6
2024.08.09	01:00:49.867	0.85633	0.85658			6
2024.08.09	01:00:50.883	0.85635	0.85657			6
2024.08.09	01:00:51.250	0.85633	0.85658			6
2024.08.09	01:00:51.555	0.85635	0.85657			6
2024.08.09	01:00:51.931	0.85638	0.85660			6
2024.08.09	01:00:53.243	0.85639	0.85661			6
2024.08.09	01:00:54.274	0.85637	0.85663			6
2024.08.09	01:00:54.737	0.85638	0.85664			6
2024.08.09	01:00:55.043	0.85636	0.85662			6
2024.08.09	01:00:56.127		0.85666			4
2024.08.09	01:00:56.442	0.85635	0.85662			6
2024.08.09	01:00:57.385	0.85634	0.85660			6
2024.08.09	01:00:58.241	0.85632	0.85658			6
2024.08.09	01:01:00.141	0.85632				2
2024.08.09	01:01:00.443	0.85633				2
2024.08.09	01:01:01.156		0.85659			4
2024.08.09	01:01:01.796	0.85634	0.85660			6
2024.08.09	01:01:03.285	0.85631	0.85657			6
2024.08.09	01:01:04.393	0.85630				2
2024.08.09	01:01:04.822	0.85629				2
2024.08.09	01:01:05.151	0.85628	0.85658			6
2024.08.09	01:01:05.463	0.85629	0.85654			6
2024.08.09	01:01:08.386	0.85628	0.85653			6
2024.08.09	01:01:11.361		0.85654			4
2024.08.09	01:01:14.227		0.85656			4
2024.08.09	01:01:15.289		0.85655			4
2024.08.09	01:01:17.702		0.85656			4
2024.08.09	01:01:18.106		0.85655			4
2024.08.09	01:01:18.594		0.85656			4
2024.08.09	01:01:20.552	0.85627				2
2024.08.09	01:01:22.716	0.85630	0.85654			6
2024.08.09	01:01:24.358	0.85629	0.85653			6
2024.08.09	01:01:28.409	0.85630				2
2024.08.09	01:01:29.551	0.85629				2
2024.08.09	01:01:30.025	0.85630				2
2024.08.09	01:01:30.441	0.85632	0.85655			6
2024.08.09	01:01:31.502	0.85631				2
2024.08.09	01:01:33.424		0.85654			4
2024.08.09	01:01:36.823	0.85630	0.85653			6
2024.08.09	01:01:37.835	0.85632	0.85655			6
2024.08.09	01:01:41.398	0.85633	0.85656			6
2024.08.09	01:01:42.141	0.85635	0.85658			6
2024.08.09	01:01:42.685		0.85659			4
2024.08.09	01:01:43.789	0.85636				2
2024.08.09	01:01:45.581	0.85634	0.85661			6
2024.08.09	01:01:45.913	0.85633	0.85660			6
2024.08.09	01:01:46.255		0.85658			4
2024.08.09	01:01:46.992	0.85634				2
2024.08.09	01:01:47.397		0.85657			4
2024.08.09	01:01:48.009	0.85633				2
2024.08.09	01:01:48.437		0.85658			4
2024.08.09	01:01:50.393		0.85656			4
2024.08.09	01:01:50.727	0.85631	0.85653			6
2024.08.09	01:01:51.696		0.85656			4
2024.08.09	01:01:59.264	0.85632	0.85654			6
2024.08.09	01:01:59.577		0.85656			4
2024.08.09	01:01:59.892	0.85633	0.85655			6
2024.08.09	01:02:00.314	0.85633	0.85658			6
2024.08.09	01:02:01.375	0.85632				2
2024.08.09	01:02:01.877		0.85656			4
2024.08.09	01:02:04.314		0.85657			4
2024.08.09	01:02:06.182		0.85656			4
2024.08.09	01:02:08.542		0.85658			4
2024.08.09	01:02:09.464		0.85656			4
2024.08.09	01:02:11.374		0.85655			4
2024.08.09	01:02:12.764	0.85631	0.85656			6
2024.08.09	01:02:13.178		0.85655			4
2024.08.09	01:02:15.027	0.85630	0.85654			6
2024.08.09	01:02:17.875		0.85656			4
2024.08.09	01:02:19.459		0.85654			4
2024.08.09	01:02:24.747	0.85629	0.85651			6
2024.08.09	01:02:25.426	0.85630	0.85652			6
2024.08.09	01:02:26.758		0.85653			4
2024.08.09	01:02:29.853		0.85654			4
2024.08.09	01:02:36.754		0.85653			4
2024.08.09	01:02:39.283	0.85628	0.85649			6
2024.08.09	01:02:39.600	0.85625	0.85647			6
2024.08.09	01:02:39.903	0.85624	0.85646			6
2024.08.09	01:02:40.952	0.85625				2
2024.08.09	01:02:41.821	0.85624	0.85647			6
2024.08.09	01:02:42.152	0.85623				2
2024.08.09	01:02:43.027	0.85622	0.85648			6
2024.08.09	01:02:43.357	0.85626				2
2024.08.09	01:02:43.739		0.85647			4
2024.08.09	01:02:48.030	0.85625	0.85646			6
2024.08.09	01:02:50.692		0.85647			4
2024.08.09	01:02:51.653	0.85624				2
2024.08.09	01:02:52.669	0.85627	0.85648			6
2024.08.09	01:02:56.253	0.85625	0.85647			6
2024.08.09	01:02:56.873	0.85627				2
2024.08.09	01:03:00.336	0.85629	0.85649			6
2024.08.09	01:03:00.696	0.85628	0.85648			6
2024.08.09	01:03:01.467		0.85649			4
2024.08.09	01:03:03.452	0.85629				2
2024.08.09	01:03:07.219	0.85630				2
2024.08.09	01:03:08.552	0.85631	0.85651			6
2024.08.09	01:03:08.938	0.85630	0.85652			6
2024.08.09	01:03:09.774	0.85631				2
2024.08.09	01:03:13.051	0.85633	0.85653			6
2024.08.09	01:03:13.955	0.85634				2
2024.08.09	01:03:17.198		0.85654			4
2024.08.09	01:03:19.569	0.85635				2
2024.08.09	01:03:19.878	0.85634				2
2024.08.09	01:03:24.751	0.85635				2
2024.08.09	01:03:31.129	0.85634	0.85653			6
2024.08.09	01:03:35.729		0.85654			4
2024.08.09	01:03:36.451	0.85633	0.85652			6
2024.08.09	01:03:42.751		0.85651			4
2024.08.09	01:03:45.453	0.85632				2
2024.08.09	01:03:47.550	0.85633				2
2024.08.09	01:03:49.051	0.85634	0.85653			6
2024.08.09	01:03:51.452		0.85652			4
2024.08.09	01:03:51.790	0.85633				2
2024.08.09	01:03:54.735		0.85651			4
2024.08.09	01:03:55.872	0.85632				2
2024.08.09	01:03:56.394	0.85633				2
2024.08.09	01:03:56.908		0.85652			4
2024.08.09	01:03:57.953		0.85651			4
2024.08.09	01:03:58.358	0.85632				2
2024.08.09	01:03:58.772	0.85633				2
2024.08.09	01:04:00.380	0.85633				2
2024.08.09	01:04:01.360	0.85632	0.85650			6
2024.08.09	01:04:02.854	0.85633	0.85651			6
2024.08.09	01:04:12.038		0.85652			4
2024.08.09	01:04:13.069	0.85634				2
2024.08.09	01:04:15.446	0.85633				2
2024.08.09	01:04:18.751	0.85634				2
2024.08.09	01:04:19.779	0.85633				2
2024.08.09	01:04:20.601	0.85634				2
2024.08.09	01:04:21.872	0.85633				2
2024.08.09	01:04:23.118		0.85651			4
2024.08.09	01:04:24.114		0.85652			4
2024.08.09	01:04:26.193	0.85634	0.85651			6
2024.08.09	01:04:30.407		0.85652			4
2024.08.09	01:04:35.625		0.85651			4
2024.08.09	01:04:36.865		0.85652			4
2024.08.09	01:04:38.112		0.85651			4
2024.08.09	01:04:41.975	0.85636	0.85654			6
2024.08.09	01:04:42.280	0.85635	0.85653			6
2024.08.09	01:04:56.512	0.85636	0.85654			6
2024.08.09	01:04:57.445		0.85655			4
2024.08.09	01:04:57.752		0.85656			4
2024.08.09	01:05:00.335	0.85634	0.85659			6
2024.08.09	01:05:00.662		0.85656			4
2024.08.09	01:05:01.033	0.85633	0.85655			6
2024.08.09	01:05:02.193	0.85634	0.85654			6
2024.08.09	01:05:13.049	0.85635				2
2024.08.09	01:05:14.453	0.85636	0.85653			6
2024.08.09	01:05:14.845		0.85655			4
2024.08.09	01:05:15.751	0.85635				2
2024.08.09	01:05:19.353	0.85636	0.85654			6
2024.08.09	01:05:21.452		0.85655			4
2024.08.09	01:05:24.450		0.85654			4
2024.08.09	01:05:34.012	0.85638	0.85655			6
2024.08.09	01:05:34.894		0.85654			4
2024.08.09	01:05:35.250		0.85657			4
2024.08.09	01:05:36.031		0.85656			4
2024.08.09	01:05:45.452	0.85639	0.85655			6
2024.08.09	01:05:50.222		0.85657			4
2024.08.09	01:06:00.513	0.85639				2
2024.08.09	01:06:10.985		0.85658			4
2024.08.09	01:06:12.752		0.85657			4
2024.08.09	01:06:16.952		0.85658			4
2024.08.09	01:06:19.384	0.85641	0.85656			6
2024.08.09	01:06:20.069		0.85660			4
2024.08.09	01:06:21.556	0.85642	0.85659			6
2024.08.09	01:06:39.621		0.85658			4
2024.08.09	01:06:44.852	0.85643				2
2024.08.09	01:06:49.351		0.85659			4
2024.08.09	01:07:00.450	0.85643	0.85663			6
2024.08.09	01:07:01.062		0.85661			4
2024.08.09	01:07:01.931	0.85644	0.85662			6
2024.08.09	01:07:03.382	0.85643				2
2024.08.09	01:07:08.483	0.85644				2
2024.08.09	01:07:09.166		0.85660			4
2024.08.09	01:07:10.129	0.85643	0.85661			6
2024.08.09	01:07:12.152		0.85660			4
2024.08.09	01:07:12.886	0.85642	0.85662			6
2024.08.09	01:07:13.350		0.85659			4
2024.08.09	01:07:16.352		0.85660			4
2024.08.09	01:07:18.151		0.85659			4
2024.08.09	01:07:18.604		0.85658			4
2024.08.09	01:07:22.720	0.85640	0.85660			6
2024.08.09	01:07:23.052	0.85639				2
2024.08.09	01:07:23.623		0.85657			4
2024.08.09	01:07:27.151		0.85658			4
2024.08.09	01:07:30.153	0.85638	0.85656			6
2024.08.09	01:07:31.625	0.85637	0.85657			6
2024.08.09	01:07:32.726		0.85654			4
2024.08.09	01:07:34.052		0.85653			4
2024.08.09	01:07:37.375	0.85638	0.85654			6
2024.08.09	01:07:37.677		0.85653			4
2024.08.09	01:07:38.853		0.85655			4
2024.08.09	01:07:42.753		0.85653			4
2024.08.09	01:07:46.654		0.85654			4
2024.08.09	01:07:51.172	0.85639	0.85653			6
2024.08.09	01:07:51.496	0.85640	0.85656			6
2024.08.09	01:07:57.190	0.85642	0.85655			6
2024.08.09	01:08:00.223	0.85641				2
2024.08.09	01:08:00.932		0.85657			4
2024.08.09	01:08:01.351	0.85642				2
2024.08.09	01:08:05.861	0.85643				2
2024.08.09	01:08:22.051	0.85642				2
2024.08.09	01:08:24.568	0.85641	0.85659			6
2024.08.09	01:08:27.251	0.85642	0.85658			6
2024.08.09	01:08:32.623	0.85644				2
2024.08.09	01:08:38.851		0.85659			4
2024.08.09	01:08:39.751	0.85645				2
2024.08.09	01:08:47.442		0.85660			4
2024.08.09	01:08:49.410	0.85646	0.85659			6
2024.08.09	01:08:52.229	0.85648	0.85665			6
2024.08.09	01:08:52.580	0.85651				2
2024.08.09	01:08:54.668	0.85652				2
2024.08.09	01:08:55.680	0.85651	0.85666			6
2024.08.09	01:08:58.051	0.85652				2
2024.08.09	01:08:59.850	0.85653				2
2024.08.09	01:09:00.756	0.85653				2
2024.08.09	01:09:12.156	0.85654				2
2024.08.09	01:09:18.450	0.85653				2
2024.08.09	01:09:21.102	0.85652	0.85667			6
2024.08.09	01:09:21.432	0.85653				2
2024.08.09	01:09:22.216	0.85654				2
2024.08.09	01:09:24.151	0.85655				2
2024.08.09	01:09:27.198		0.85668			4
2024.08.09	01:09:28.373	0.85653				2
2024.08.09	01:09:30.366	0.85654				2
2024.08.09	01:09:32.442	0.85653				2
2024.08.09	01:09:33.140	0.85652	0.85667			6
2024.08.09	01:09:33.505		0.85666			4
2024.08.09	01:09:37.015	0.85651				2
2024.08.09	01:09:41.427	0.85650				2
2024.08.09	01:09:44.472	0.85652				2
2024.08.09	01:09:55.377	0.85653	0.85665			6
2024.08.09	01:10:00.527	0.85653				2
2024.08.09	01:10:01.443	0.85652	0.85666			6
2024.08.09	01:10:09.338	0.85650				2
2024.08.09	01:10:10.340	0.85651				2
2024.08.09	01:10:13.951		0.85665			4
2024.08.09	01:10:25.951	0.85650				2
2024.08.09	01:10:27.251	0.85651				2
2024.08.09	01:10:31.473	0.85650	0.85668			6
2024.08.09	01:10:32.317	0.85653				2
2024.08.09	01:10:36.751	0.85652				2
2024.08.09	01:10:38.551	0.85653				2
2024.08.09	01:10:47.848	0.85654				2
2024.08.09	01:10:48.671	0.85653	0.85667			6
2024.08.09	01:10:48.977		0.85666			4
2024.08.09	01:10:50.373	0.85652				2
2024.08.09	01:10:52.593	0.85650	0.85668			6
2024.08.09	01:10:52.950	0.85651				2
2024.08.09	01:10:53.369	0.85654				2
2024.08.09	01:10:58.259	0.85655				2
2024.08.09	01:10:59.017	0.85652	0.85669			6
2024.08.09	01:11:00.373	0.85652				2
2024.08.09	01:11:06.614		0.85668			4
2024.08.09	01:11:10.653	0.85653				2
2024.08.09	01:11:12.752	0.85654				2
2024.08.09	01:11:16.652	0.85653				2
2024.08.09	01:11:19.785	0.85655	0.85667			6
2024.08.09	01:11:20.103	0.85657	0.85670			6
2024.08.09	01:11:21.235	0.85656	0.85671			6
2024.08.09	01:11:22.375	0.85657	0.85670			6
2024.08.09	01:11:26.259	0.85653				2
2024.08.09	01:11:26.562		0.85669			4
2024.08.09	01:11:29.753	0.85655				2
2024.08.09	01:11:30.769	0.85654				2
2024.08.09	01:11:31.449	0.85653				2
2024.08.09	01:11:32.250	0.85654				2
2024.08.09	01:11:35.623	0.85653				2
2024.08.09	01:11:41.373		0.85668			4
2024.08.09	01:11:48.461	0.85652	0.85669			6
2024.08.09	01:11:52.244	0.85653	0.85667			6
2024.08.09	01:11:53.851		0.85666			4
2024.08.09	01:11:56.553	0.85652				2
2024.08.09	01:12:00.746	0.85651	0.85667			6
2024.08.09	01:12:38.257	0.85642	0.85658			6
2024.08.09	01:12:38.561		0.85654			4
2024.08.09	01:12:38.876	0.85639	0.85652			6
2024.08.09	01:12:41.525	0.85635				2
2024.08.09	01:12:41.858	0.85641	0.85653			6
2024.08.09	01:12:42.491	0.85637				2
2024.08.09	01:12:42.802	0.85635	0.85648			6
2024.08.09	01:12:43.124	0.85626	0.85658			6
2024.08.09	01:12:43.450		0.85656			4
2024.08.09	01:12:44.034		0.85654			4
2024.08.09	01:12:44.552	0.85627				2
2024.08.09	01:12:44.878	0.85628				2
2024.08.09	01:12:45.310	0.85626				2
2024.08.09	01:12:45.663	0.85628	0.85653			6
2024.08.09	01:12:47.855	0.85629	0.85652			6
2024.08.09	01:12:49.401	0.85630				2
2024.08.09	01:12:50.658	0.85633	0.85650			6
2024.08.09	01:12:52.769	0.85632				2
2024.08.09	01:12:53.217	0.85628	0.85647			6
2024.08.09	01:12:53.776	0.85630	0.85645			6
2024.08.09	01:12:54.152	0.85628				2
2024.08.09	01:12:54.783	0.85630	0.85644			6
2024.08.09	01:12:57.155	0.85627	0.85646			6
2024.08.09	01:12:57.462	0.85628	0.85660			6
2024.08.09	01:12:58.238	0.85630				2
2024.08.09	01:13:00.152	0.85630	0.85659			6
2024.08.09	01:13:04.120	0.85632				2
2024.08.09	01:13:05.181		0.85660			4
2024.08.09	01:13:05.554	0.85630	0.85659			6
2024.08.09	01:13:07.353	0.85631	0.85658			6
2024.08.09	01:13:09.471	0.85637	0.85657			6
2024.08.09	01:13:09.803	0.85642	0.85660			6
2024.08.09	01:13:10.361	0.85644	0.85659			6
2024.08.09	01:13:10.735	0.85642				2
2024.08.09	01:13:11.101	0.85644				2
2024.08.09	01:13:14.413	0.85641	0.85657			6
2024.08.09	01:13:17.350	0.85640	0.85659			6
2024.08.09	01:13:18.483	0.85644	0.85658			6
2024.08.09	01:13:23.023	0.85643				2
2024.08.09	01:13:25.504		0.85657			4
2024.08.09	01:13:27.539	0.85644				2
2024.08.09	01:13:34.351	0.85643				2
2024.08.09	01:13:35.086	0.85640	0.85658			6
2024.08.09	01:13:37.052	0.85642				2
2024.08.09	01:13:40.950	0.85643				2
2024.08.09	01:13:50.852	0.85642				2
2024.08.09	01:13:55.486		0.85659			4
2024.08.09	01:13:58.282	0.85644	0.85657			6
2024.08.09	01:13:58.595	0.85639	0.85656			6
2024.08.09	01:14:00.307	0.85639				2
2024.08.09	01:14:04.536	0.85638				2
2024.08.09	01:14:05.955	0.85637	0.85655			6
2024.08.09	01:14:06.753	0.85635				2
2024.08.09	01:14:08.843		0.85656			4
2024.08.09	01:14:10.466	0.85636	0.85653			6
2024.08.09	01:14:16.654	0.85637	0.85654			6
2024.08.09	01:14:18.958	0.85639	0.85655			6
2024.08.09	01:14:19.321	0.85638				2
2024.08.09	01:14:20.674	0.85640				2
2024.08.09	01:14:22.677		0.85654			4
2024.08.09	01:14:22.987	0.85637	0.85653			6
2024.08.09	01:14:27.638	0.85636				2
2024.08.09	01:14:27.971	0.85638	0.85654			6
2024.08.09	01:14:28.700	0.85640	0.85657			6
2024.08.09	01:14:31.387		0.85656			4
2024.08.09	01:14:34.008		0.85657			4
2024.08.09	01:14:35.593	0.85637	0.85660			6
2024.08.09	01:14:36.527	0.85638	0.85659			6
2024.08.09	01:14:37.809	0.85636	0.85661			6
2024.08.09	01:14:38.116	0.85639	0.85660			6
2024.08.09	01:14:39.453	0.85640				2
2024.08.09	01:14:40.373	0.85641	0.85659			6
2024.08.09	01:14:41.532	0.85642				2
2024.08.09	01:14:44.412	0.85643	0.85658			6
2024.08.09	01:14:51.511		0.85656			4
2024.08.09	01:14:52.051	0.85642				2
2024.08.09	01:14:52.484	0.85641	0.85657			6
2024.08.09	01:14:54.415	0.85640				2
2024.08.09	01:14:54.826	0.85641	0.85656			6
2024.08.09	01:14:56.981	0.85640	0.85657			6
2024.08.09	01:15:00.313	0.85639	0.85656			6
2024.08.09	01:15:01.401	0.85637	0.85657			6
2024.08.09	01:15:02.444		0.85656			4
2024.08.09	01:15:03.055		0.85657			4
2024.08.09	01:15:03.358	0.85636				2
2024.08.09	01:15:03.892	0.85635	0.85658			6
2024.08.09	01:15:04.229	0.85636	0.85657			6
2024.08.09	01:15:04.891		0.85658			4
2024.08.09	01:15:08.059		0.85656			4
2024.08.09	01:15:09.491		0.85655			4
2024.08.09	01:15:09.804	0.85633	0.85654			6
2024.08.09	01:15:10.485	0.85634				2
2024.08.09	01:15:11.509		0.85653			4
2024.08.09	01:15:11.840		0.85654			4
2024.08.09	01:15:14.253	0.85635				2
2024.08.09	01:15:14.563	0.85634				2
2024.08.09	01:15:15.177	0.85636				2
2024.08.09	01:15:15.940	0.85635				2
2024.08.09	01:15:16.551		0.85653			4
2024.08.09	01:15:16.925	0.85636	0.85654			6
2024.08.09	01:15:17.391	0.85634				2
2024.08.09	01:15:17.733	0.85636				2
2024.08.09	01:15:18.056		0.85655			4
2024.08.09	01:15:20.675		0.85654			4
2024.08.09	01:15:22.652	0.85637				2
2024.08.09	01:15:25.046	0.85636	0.85653			6
2024.08.09	01:15:25.411	0.85635	0.85654			6
2024.08.09	01:15:29.365		0.85655			4
2024.08.09	01:15:30.355		0.85654			4
2024.08.09	01:15:30.676	0.85636				2
2024.08.09	01:15:33.513	0.85635				2
2024.08.09	01:15:35.473	0.85636				2
2024.08.09	01:15:40.630	0.85635				2
2024.08.09	01:15:42.869	0.85638	0.85655			6
2024.08.09	01:15:43.236	0.85637				2
2024.08.09	01:15:43.652	0.85636				2
2024.08.09	01:15:45.079	0.85637				2
2024.08.09	01:15:48.412	0.85636				2
2024.08.09	01:15:51.373	0.85637				2
2024.08.09	01:15:52.455		0.85656			4
2024.08.09	01:15:52.876	0.85636				2
2024.08.09	01:15:53.292	0.85637				2
2024.08.09	01:15:53.788		0.85655			4
2024.08.09	01:15:55.565		0.85656			4
2024.08.09	01:15:56.405	0.85636				2
2024.08.09	01:15:56.861	0.85637	0.85655			6
2024.08.09	01:15:58.676	0.85636	0.85656			6
2024.08.09	01:15:59.452	0.85637	0.85655			6
2024.08.09	01:16:00.677	0.85636	0.85656			6
2024.08.09	01:16:01.513	0.85637				2
2024.08.09	01:16:02.682		0.85655			4
2024.08.09	01:16:04.341		0.85656			4
2024.08.09	01:16:05.899	0.85636	0.85655			6
2024.08.09	01:16:13.674		0.85656			4
2024.08.09	01:16:14.222	0.85637	0.85655			6
2024.08.09	01:16:14.896	0.85636	0.85656			6
2024.08.09	01:16:17.699		0.85655			4
2024.08.09	01:16:19.442	0.85637				2
2024.08.09	01:16:20.108	0.85636	0.85656			6
2024.08.09	01:16:20.834	0.85637	0.85655			6
2024.08.09	01:16:21.252	0.85636	0.85656			6
2024.08.09	01:16:21.979	0.85637	0.85655			6
2024.08.09	01:16:22.288	0.85636	0.85656			6
2024.08.09	01:16:23.977	0.85637	0.85655			6
2024.08.09	01:16:25.598	0.85636	0.85656			6
2024.08.09	01:16:26.627	0.85637	0.85655			6
2024.08.09	01:16:27.098	0.85638	0.85654			6
2024.08.09	01:16:27.400	0.85637	0.85653			6
2024.08.09	01:16:28.053	0.85635				2
2024.08.09	01:16:28.860	0.85634	0.85654			6
2024.08.09	01:16:29.772	0.85635				2
2024.08.09	01:16:30.958	0.85634				2
2024.08.09	01:16:31.483	0.85635	0.85653			6
2024.08.09	01:16:32.526		0.85654			4
2024.08.09	01:16:36.283	0.85634				2
2024.08.09	01:16:38.714	0.85635	0.85653			6
2024.08.09	01:16:39.714	0.85634	0.85654			6
2024.08.09	01:16:40.881	0.85635	0.85653			6
2024.08.09	01:16:42.455	0.85634	0.85654			6
2024.08.09	01:16:44.337	0.85633	0.85655			6
2024.08.09	01:16:45.060	0.85634	0.85654			6
2024.08.09	01:16:46.486		0.85655			4
2024.08.09	01:16:47.579	0.85633				2
2024.08.09	01:16:48.507	0.85634	0.85654			6
2024.08.09	01:16:49.557	0.85633	0.85655			6
2024.08.09	01:16:50.240	0.85634	0.85654			6
2024.08.09	01:16:50.634	0.85635				2
2024.08.09	01:16:54.296	0.85636				2
2024.08.09	01:16:54.644	0.85635				2
2024.08.09	01:16:55.485	0.85636	0.85653			6
2024.08.09	01:16:55.951	0.85638	0.85655			6
2024.08.09	01:16:56.275	0.85641	0.85658			6
2024.08.09	01:16:56.580	0.85642				2
2024.08.09	01:16:56.904	0.85640	0.85659			6
2024.08.09	01:16:57.381		0.85658			4
2024.08.09	01:16:57.751	0.85642				2
2024.08.09	01:16:58.097	0.85640	0.85659			6
2024.08.09	01:16:58.738	0.85641	0.85658			6
2024.08.09	01:16:59.624	0.85642				2
2024.08.09	01:17:00.058	0.85641				2
2024.08.09	01:17:00.851	0.85643				2
2024.08.09	01:17:01.167	0.85642	0.85659			6
2024.08.09	01:17:02.867	0.85645				2
2024.08.09	01:17:03.439		0.85658			4
2024.08.09	01:17:05.120	0.85646				2
2024.08.09	01:17:05.453	0.85645				2
2024.08.09	01:17:05.791	0.85642	0.85656			6
2024.08.09	01:17:06.107	0.85644				2
2024.08.09	01:17:06.484	0.85643				2
2024.08.09	01:17:06.872	0.85642				2
2024.08.09	01:17:07.235	0.85644				2
2024.08.09	01:17:07.542	0.85641				2
2024.08.09	01:17:08.309	0.85644				2
2024.08.09	01:17:08.641	0.85643				2
2024.08.09	01:17:08.976	0.85644				2
2024.08.09	01:17:10.848	0.85641				2
2024.08.09	01:17:11.569	0.85643				2
2024.08.09	01:17:11.990	0.85641				2
2024.08.09	01:17:12.409	0.85643				2
2024.08.09	01:17:12.794	0.85642				2
2024.08.09	01:17:13.116	0.85643				2
2024.08.09	01:17:13.841	0.85641				2
2024.08.09	01:17:14.711	0.85642				2
2024.08.09	01:17:15.092	0.85641				2
2024.08.09	01:17:15.901	0.85642				2
2024.08.09	01:17:18.001	0.85643				2
2024.08.09	01:17:19.373	0.85641				2
2024.08.09	01:17:20.039	0.85645				2
2024.08.09	01:17:20.467	0.85641	0.85655			6
2024.08.09	01:17:22.521	0.85642				2
2024.08.09	01:17:22.920	0.85641				2
2024.08.09	01:17:23.672	0.85642				2
2024.08.09	01:17:24.193	0.85641				2
2024.08.09	01:17:24.911	0.85642				2
2024.08.09	01:17:25.522	0.85641				2
2024.08.09	01:17:26.631	0.85642				2
2024.08.09	01:17:28.668	0.85641				2
2024.08.09	01:17:30.422	0.85643				2
2024.08.09	01:17:32.588	0.85640				2
2024.08.09	01:17:33.290	0.85642				2
2024.08.09	01:17:33.600	0.85645				2
2024.08.09	01:17:33.921		0.85656			4
2024.08.09	01:17:36.393	0.85641	0.85655			6
2024.08.09	01:17:36.702		0.85656			4
2024.08.09	01:17:37.051	0.85642	0.85655			6
2024.08.09	01:17:38.921	0.85645	0.85656			6
2024.08.09	01:17:40.574	0.85642				2
2024.08.09	01:17:41.651	0.85641				2
2024.08.09	01:17:43.404	0.85640				2
2024.08.09	01:17:45.261	0.85642				2
2024.08.09	01:17:46.807	0.85643				2
2024.08.09	01:17:47.151	0.85642				2
2024.08.09	01:17:47.554	0.85641				2
2024.08.09	01:17:49.633	0.85642				2
2024.08.09	01:17:51.401		0.85654			4
2024.08.09	01:17:52.370		0.85655			4
2024.08.09	01:17:56.815	0.85641				2
2024.08.09	01:17:57.372	0.85642				2
2024.08.09	01:17:59.344	0.85643				2
2024.08.09	01:17:59.887	0.85642				2
2024.08.09	01:18:00.363	0.85642				2
2024.08.09	01:18:11.516	0.85643				2
2024.08.09	01:18:12.553	0.85644				2
2024.08.09	01:18:13.508	0.85642				2
2024.08.09	01:18:19.457	0.85643				2
2024.08.09	01:18:20.051	0.85644				2
2024.08.09	01:18:20.472	0.85643				2
2024.08.09	01:18:21.202	0.85642				2
2024.08.09	01:18:25.146	0.85644				2
2024.08.09	01:18:27.199	0.85642				2
2024.08.09	01:18:27.621	0.85641				2
2024.08.09	01:18:28.382	0.85643				2
2024.08.09	01:18:29.653	0.85644				2
2024.08.09	01:18:35.182	0.85643				2
2024.08.09	01:18:40.921	0.85644				2
2024.08.09	01:18:41.932	0.85642				2
2024.08.09	01:18:42.680	0.85644				2
2024.08.09	01:18:43.201	0.85642				2
2024.08.09	01:18:44.445	0.85643				2
2024.08.09	01:18:44.750	0.85642				2
2024.08.09	01:18:47.063	0.85643				2
2024.08.09	01:18:47.369	0.85642				2
2024.08.09	01:18:47.671	0.85643				2
2024.08.09	01:18:48.286		0.85657			4
2024.08.09	01:18:49.131	0.85641				2
2024.08.09	01:18:50.789	0.85643				2
2024.08.09	01:18:51.093	0.85641				2
2024.08.09	01:18:51.462	0.85643				2
2024.08.09	01:18:52.386	0.85642				2
2024.08.09	01:18:52.817	0.85643				2
2024.08.09	01:18:53.175	0.85642				2
2024.08.09	01:18:54.134	0.85643				2
2024.08.09	01:18:55.801	0.85641				2
2024.08.09	01:18:56.780	0.85643				2
2024.08.09	01:18:57.621	0.85641				2
2024.08.09	01:18:57.953	0.85642				2
2024.08.09	01:19:00.267	0.85642				2
2024.08.09	01:19:04.097	0.85643				2
2024.08.09	01:19:04.402	0.85642				2
2024.08.09	01:19:13.181	0.85641				2
2024.08.09	01:19:13.786	0.85643				2
2024.08.09	01:19:14.092	0.85641				2
2024.08.09	01:19:14.697	0.85642				2
2024.08.09	01:19:19.219	0.85644				2
2024.08.09	01:19:19.632	0.85642				2
2024.08.09	01:19:22.951		0.85655			4
2024.08.09	01:19:24.808	0.85640				2
2024.08.09	01:19:31.681	0.85643	0.85656			6
2024.08.09	01:19:32.042	0.85640	0.85657			6
2024.08.09	01:19:32.438		0.85655			4
2024.08.09	01:19:37.332	0.85642	0.85657			6
2024.08.09	01:19:37.985		0.85655			4
2024.08.09	01:19:39.954	0.85643	0.85656			6
2024.08.09	01:19:40.734		0.85655			4
2024.08.09	01:19:41.083		0.85656			4
2024.08.09	01:19:41.421		0.85655			4
2024.08.09	01:19:41.860	0.85642				2
2024.08.09	01:19:42.181	0.85641				2
2024.08.09	01:19:42.726	0.85642				2
2024.08.09	01:19:43.105	0.85640				2
2024.08.09	01:19:43.410	0.85641				2
2024.08.09	01:19:44.694	0.85645	0.85657			6
2024.08.09	01:19:50.681	0.85644	0.85656			6
2024.08.09	01:19:50.983	0.85645				2
2024.08.09	01:19:52.979	0.85643	0.85657			6
2024.08.09	01:19:54.064	0.85645				2
2024.08.09	01:20:00.040	0.85645				2
2024.08.09	01:20:01.627	0.85646				2
2024.08.09	01:20:04.148	0.85645	0.85658			6
2024.08.09	01:20:04.490	0.85646				2
2024.08.09	01:20:06.922		0.85656			4
2024.08.09	01:20:09.737	0.85645				2
2024.08.09	01:20:10.410	0.85644				2
2024.08.09	01:20:10.766	0.85645				2
2024.08.09	01:20:11.525	0.85644				2
2024.08.09	01:20:12.281		0.85658			4
2024.08.09	01:20:13.191	0.85643	0.85656			6
2024.08.09	01:20:13.557	0.85647	0.85658			6
2024.08.09	01:20:13.861	0.85644				2
2024.08.09	01:20:14.356		0.85656			4
2024.08.09	01:20:14.852	0.85645				2
2024.08.09	01:20:15.293	0.85646				2
2024.08.09	01:20:16.605		0.85658			4
2024.08.09	01:20:17.016		0.85656			4
2024.08.09	01:20:19.951	0.85647	0.85658			6
2024.08.09	01:20:22.378	0.85648				2
2024.08.09	01:20:27.064	0.85646	0.85659			6
2024.08.09	01:20:30.452	0.85645	0.85658			6
2024.08.09	01:20:31.082	0.85646				2
2024.08.09	01:20:31.796	0.85645	0.85657			6
2024.08.09	01:21:00.450	0.85645				2
2024.08.09	01:21:02.051	0.85646	0.85659			6
2024.08.09	01:21:03.773	0.85647				2
2024.08.09	01:21:04.552	0.85646				2
2024.08.09	01:21:12.628	0.85645	0.85658			6
2024.08.09	01:21:12.961	0.85646				2
2024.08.09	01:21:13.353	0.85645				2
2024.08.09	01:21:15.042		0.85659			4
2024.08.09	01:21:15.789	0.85646				2
2024.08.09	01:21:16.135	0.85645				2
2024.08.09	01:21:16.450	0.85646				2
2024.08.09	01:21:16.758	0.85645				2
2024.08.09	01:21:18.896	0.85646				2
2024.08.09	01:21:20.278	0.85645				2
2024.08.09	01:21:20.802		0.85658			4
2024.08.09	01:21:21.450	0.85646				2
2024.08.09	01:21:22.017	0.85645				2
2024.08.09	01:21:22.826		0.85659			4
2024.08.09	01:21:26.480		0.85658			4
2024.08.09	01:21:26.958		0.85659			4
2024.08.09	01:21:27.267		0.85658			4
2024.08.09	01:21:27.611	0.85646				2
2024.08.09	01:21:28.046		0.85659			4
2024.08.09	01:21:29.931	0.85645				2
2024.08.09	01:21:31.264	0.85646				2
2024.08.09	01:21:32.636		0.85658			4
2024.08.09	01:21:39.680	0.85647				2
2024.08.09	01:21:40.136	0.85648	0.85657			6
2024.08.09	01:21:40.446	0.85647	0.85658			6
2024.08.09	01:21:41.431	0.85646				2
2024.08.09	01:21:42.828	0.85647				2
2024.08.09	01:21:45.751	0.85646				2
2024.08.09	01:21:47.945	0.85647				2
2024.08.09	01:21:48.306	0.85646				2
2024.08.09	01:21:55.757	0.85647				2
2024.08.09	01:21:56.379	0.85646				2
2024.08.09	01:21:56.786	0.85647				2
2024.08.09	01:22:00.754	0.85647				2
2024.08.09	01:22:10.497	0.85646				2
2024.08.09	01:22:13.416	0.85647				2
2024.08.09	01:22:13.761	0.85646				2
2024.08.09	01:22:14.853	0.85647				2
2024.08.09	01:22:18.375	0.85646				2
2024.08.09	01:22:18.969	0.85647				2
2024.08.09	01:22:21.730	0.85648				2
2024.08.09	01:22:31.051	0.85646				2
2024.08.09	01:22:34.353	0.85647				2
2024.08.09	01:22:35.251	0.85648				2
2024.08.09	01:22:37.842	0.85646				2
2024.08.09	01:22:38.506	0.85648				2
2024.08.09	01:22:40.028	0.85647				2
2024.08.09	01:22:40.699	0.85646	0.85658			6
2024.08.09	01:22:45.412	0.85645				2
2024.08.09	01:22:48.136	0.85646				2
2024.08.09	01:22:51.449	0.85647				2
2024.08.09	01:22:51.761	0.85649				2
2024.08.09	01:22:59.739	0.85650	0.85657			6
2024.08.09	01:23:00.118	0.85647				2
2024.08.09	01:23:00.837	0.85648	0.85658			6
2024.08.09	01:23:05.752		0.85660			4
2024.08.09	01:23:06.357	0.85646				2
2024.08.09	01:23:06.794	0.85648				2
2024.08.09	01:23:08.536	0.85646				2
2024.08.09	01:23:08.977	0.85648				2
2024.08.09	01:23:09.806	0.85646				2
2024.08.09	01:23:10.654	0.85648				2
2024.08.09	01:23:11.554	0.85647				2
2024.08.09	01:23:12.221	0.85649				2
2024.08.09	01:23:13.002	0.85648				2
2024.08.09	01:23:13.951	0.85649				2
2024.08.09	01:23:14.313	0.85650				2
2024.08.09	01:23:15.546	0.85649				2
2024.08.09	01:23:22.572	0.85648				2
2024.08.09	01:23:33.788	0.85647				2
2024.08.09	01:23:34.207	0.85648				2
2024.08.09	01:23:35.470	0.85649				2
2024.08.09	01:23:43.450	0.85648				2
2024.08.09	01:23:44.168	0.85647				2
2024.08.09	01:23:45.392	0.85648				2
2024.08.09	01:23:45.702	0.85647				2
2024.08.09	01:23:52.404	0.85646				2
2024.08.09	01:23:53.347	0.85649				2
2024.08.09	01:23:56.626	0.85650				2
2024.08.09	01:23:57.007	0.85649				2
2024.08.09	01:23:57.682	0.85650				2
2024.08.09	01:23:59.126	0.85647				2
2024.08.09	01:23:59.432	0.85648	0.85661			6
2024.08.09	01:24:00.045	0.85647	0.85660			6
2024.08.09	01:24:00.414	0.85648				2
2024.08.09	01:24:10.051		0.85661			4
2024.08.09	01:24:11.917	0.85646	0.85660			6
2024.08.09	01:24:12.566	0.85647				2
2024.08.09	01:24:23.337	0.85646				2
2024.08.09	01:24:23.655	0.85647				2
2024.08.09	01:24:25.696	0.85648				2
2024.08.09	01:24:36.890	0.85647				2
2024.08.09	01:24:38.990	0.85648				2
2024.08.09	01:24:40.567	0.85647				2
2024.08.09	01:24:41.843	0.85651	0.85662			6
2024.08.09	01:24:42.149	0.85649	0.85661			6
2024.08.09	01:24:42.455		0.85660			4
2024.08.09	01:24:42.985		0.85661			4
2024.08.09	01:24:43.775	0.85648	0.85660			6
2024.08.09	01:24:44.111	0.85653				2
2024.08.09	01:24:45.411		0.85661			4
2024.08.09	01:24:45.730	0.85647	0.85660			6
2024.08.09	01:24:46.160	0.85653	0.85661			6
2024.08.09	01:24:48.703	0.85650				2
2024.08.09	01:24:51.207	0.85649	0.85659			6
2024.08.09	01:24:55.049	0.85648	0.85660			6
2024.08.09	01:25:00.150	0.85649	0.85659			6
2024.08.09	01:25:00.597		0.85660			4
2024.08.09	01:25:02.394	0.85648				2
2024.08.09	01:25:06.151	0.85649				2
2024.08.09	01:25:10.298		0.85659			4
2024.08.09	01:25:10.947	0.85647				2
2024.08.09	01:25:18.151		0.85660			4
2024.08.09	01:25:21.454	0.85648				2
2024.08.09	01:25:27.873	0.85646	0.85659			6
2024.08.09	01:25:28.186	0.85648	0.85660			6
2024.08.09	01:25:28.506	0.85649	0.85661			6
2024.08.09	01:25:33.866	0.85648	0.85660			6
2024.08.09	01:25:41.961	0.85649				2
2024.08.09	01:25:43.456	0.85648				2
2024.08.09	01:25:43.760	0.85649	0.85659			6
2024.08.09	01:25:44.081	0.85648				2
2024.08.09	01:25:45.599	0.85650	0.85662			6
2024.08.09	01:25:46.699	0.85648				2
2024.08.09	01:25:47.335		0.85660			4
2024.08.09	01:25:54.454		0.85661			4
2024.08.09	01:25:57.769	0.85649				2
2024.08.09	01:25:59.995	0.85648				2
2024.08.09	01:26:00.577	0.85648				2
2024.08.09	01:26:01.492		0.85660			4
2024.08.09	01:26:03.606		0.85661			4
2024.08.09	01:26:05.758	0.85647				2
2024.08.09	01:26:06.827	0.85648				2
2024.08.09	01:26:08.565	0.85649				2
2024.08.09	01:26:08.876	0.85648				2
2024.08.09	01:26:13.139	0.85649				2
2024.08.09	01:26:18.613	0.85648				2
2024.08.09	01:26:23.226	0.85647				2
2024.08.09	01:26:25.460	0.85648				2
2024.08.09	01:26:25.808	0.85647				2
2024.08.09	01:26:26.694	0.85648				2
2024.08.09	01:26:31.795	0.85647				2
2024.08.09	01:26:32.119	0.85648				2
2024.08.09	01:26:33.861	0.85647				2
2024.08.09	01:26:34.253	0.85648				2
2024.08.09	01:26:36.017	0.85647				2
2024.08.09	01:26:38.097	0.85648				2
2024.08.09	01:26:45.510	0.85647				2
2024.08.09	01:26:52.667	0.85649				2
2024.08.09	01:26:56.236		0.85660			4
2024.08.09	01:26:56.544	0.85647				2
2024.08.09	01:27:00.254	0.85648				2
2024.08.09	01:27:07.162	0.85647				2
2024.08.09	01:27:07.904		0.85659			4
2024.08.09	01:27:08.587	0.85648	0.85660			6
2024.08.09	01:27:16.349	0.85649	0.85662			6
2024.08.09	01:27:17.363		0.85661			4
2024.08.09	01:27:17.840		0.85662			4
2024.08.09	01:27:20.000		0.85661			4
2024.08.09	01:27:22.952		0.85662			4
2024.08.09	01:27:24.018	0.85648	0.85661			6
2024.08.09	01:27:25.063	0.85647	0.85662			6
2024.08.09	01:27:27.441	0.85648				2
2024.08.09	01:27:35.209		0.85661			4
2024.08.09	01:27:36.796	0.85647				2
2024.08.09	01:27:37.419	0.85648	0.85660			6
2024.08.09	01:27:38.158	0.85647				2
2024.08.09	01:27:41.851		0.85661			4
2024.08.09	01:27:43.353		0.85660			4
2024.08.09	01:27:46.774		0.85661			4
2024.08.09	01:27:47.501	0.85648	0.85660			6
2024.08.09	01:27:47.810	0.85647				2
2024.08.09	01:27:48.341	0.85648				2
2024.08.09	01:27:48.701	0.85647				2
2024.08.09	01:27:49.017	0.85648				2
2024.08.09	01:27:49.328		0.85662			4
2024.08.09	01:27:49.930	0.85650	0.85660			6
2024.08.09	01:27:50.249	0.85648	0.85661			6
2024.08.09	01:27:51.794		0.85660			4
2024.08.09	01:27:52.108		0.85661			4
2024.08.09	01:27:53.374		0.85662			4
2024.08.09	01:27:54.091	0.85647	0.85660			6
2024.08.09	01:27:54.408	0.85648				2
2024.08.09	01:27:55.203		0.85661			4
2024.08.09	01:27:59.795	0.85649	0.85660			6
2024.08.09	01:28:00.096	0.85648	0.85661			6
2024.08.09	01:28:00.857	0.85649	0.85660			6
2024.08.09	01:28:01.222	0.85648				2
2024.08.09	01:28:01.535		0.85662			4
2024.08.09	01:28:02.835	0.85649	0.85660			6
2024.08.09	01:28:03.152	0.85648	0.85661			6
2024.08.09	01:28:03.489		0.85660			4
2024.08.09	01:28:03.802		0.85661			4
2024.08.09	01:28:04.654		0.85662			4
2024.08.09	01:28:11.594		0.85661			4
2024.08.09	01:28:12.467	0.85649	0.85660			6
2024.08.09	01:28:12.780	0.85648	0.85662			6
2024.08.09	01:28:14.727		0.85661			4
2024.08.09	01:28:15.520	0.85647				2
2024.08.09	01:28:15.874	0.85648				2
2024.08.09	01:28:16.380	0.85647	0.85660			6
2024.08.09	01:28:17.482	0.85648	0.85661			6
2024.08.09	01:28:17.832	0.85647				2
2024.08.09	01:28:18.336	0.85648				2
2024.08.09	01:28:18.659	0.85647				2
2024.08.09	01:28:19.231	0.85648				2
2024.08.09	01:28:20.239	0.85647				2
2024.08.09	01:28:20.922		0.85662			4
2024.08.09	01:28:21.302	0.85648	0.85661			6
2024.08.09	01:28:21.627		0.85662			4
2024.08.09	01:28:23.792		0.85664			4
2024.08.09	01:28:24.117		0.85663			4
2024.08.09	01:28:29.094		0.85662			4
2024.08.09	01:28:32.982		0.85661			4
2024.08.09	01:28:33.367		0.85662			4
2024.08.09	01:28:35.293		0.85661			4
2024.08.09	01:28:36.957		0.85663			4
2024.08.09	01:28:37.338		0.85662			4
2024.08.09	01:28:39.474	0.85649				2
2024.08.09	01:28:39.830	0.85648	0.85663			6
2024.08.09	01:28:40.507		0.85661			4
2024.08.09	01:28:40.821		0.85662			4
2024.08.09	01:28:41.161		0.85661			4
2024.08.09	01:28:42.451		0.85662			4
2024.08.09	01:28:45.184		0.85661			4
2024.08.09	01:28:46.373		0.85662			4
2024.08.09	01:28:47.873		0.85661			4
2024.08.09	01:28:51.655		0.85660			4
2024.08.09	01:28:53.690		0.85661			4
2024.08.09	01:28:55.580		0.85660			4
2024.08.09	01:28:59.086		0.85661			4
2024.08.09	01:28:59.424		0.85660			4
2024.08.09	01:28:59.775		0.85661			4
2024.08.09	01:29:00.134	0.85648				2
2024.08.09	01:29:00.439	0.85650				2
2024.08.09	01:29:00.748	0.85648				2
2024.08.09	01:29:01.542	0.85649				2
2024.08.09	01:29:03.442	0.85650				2
2024.08.09	01:29:04.909	0.85649				2
2024.08.09	01:29:06.191	0.85648	0.85662			6
2024.08.09	01:29:07.744	0.85647				2
2024.08.09	01:29:08.452		0.85661			4
2024.08.09	01:29:14.891	0.85648				2
2024.08.09	01:29:15.970	0.85647				2
2024.08.09	01:29:18.379	0.85648				2
2024.08.09	01:29:22.719	0.85647				2
2024.08.09	01:29:25.617	0.85648				2
2024.08.09	01:29:28.652	0.85649				2
2024.08.09	01:29:29.566	0.85650				2
2024.08.09	01:29:30.621	0.85649	0.85662			6
2024.08.09	01:29:31.462	0.85650	0.85661			6
2024.08.09	01:29:31.778	0.85649				2
2024.08.09	01:29:32.488		0.85662			4
2024.08.09	01:29:34.372	0.85650	0.85661			6
2024.08.09	01:29:35.061	0.85648	0.85662			6
2024.08.09	01:29:35.994	0.85649				2
2024.08.09	01:29:37.013	0.85651				2
2024.08.09	01:29:37.852		0.85661			4
2024.08.09	01:29:38.193	0.85650				2
2024.08.09	01:29:38.516	0.85649	0.85662			6
2024.08.09	01:29:39.139	0.85650	0.85661			6
2024.08.09	01:29:39.488	0.85649	0.85662			6
2024.08.09	01:29:40.176	0.85650	0.85661			6
2024.08.09	01:29:40.525		0.85662			4
2024.08.09	01:29:41.559	0.85649				2
2024.08.09	01:29:42.367	0.85650	0.85661			6
2024.08.09	01:29:42.728	0.85649	0.85662			6
2024.08.09	01:29:43.078	0.85648				2
2024.08.09	01:29:43.431	0.85649	0.85661			6
2024.08.09	01:29:44.383		0.85662			4
2024.08.09	01:29:47.295	0.85650	0.85661			6
2024.08.09	01:29:47.653	0.85651				2
2024.08.09	01:29:48.274	0.85650	0.85660			6
2024.08.09	01:29:49.169	0.85649				2
2024.08.09	01:29:54.729	0.85648				2
2024.08.09	01:30:00.382	0.85648				2
2024.08.09	01:30:01.425	0.85651	0.85658			6
2024.08.09	01:30:02.715	0.85649	0.85659			6
2024.08.09	01:30:03.053		0.85660			4
2024.08.09	01:30:06.634	0.85648				2
2024.08.09	01:30:10.124		0.85659			4
2024.08.09	01:30:10.434		0.85660			4
2024.08.09	01:30:17.282	0.85650				2
2024.08.09	01:30:17.753	0.85651				2
2024.08.09	01:30:18.065	0.85650				2
2024.08.09	01:30:18.379	0.85649	0.85661			6
2024.08.09	01:30:29.454	0.85650				2
2024.08.09	01:30:30.081	0.85649				2
2024.08.09	01:30:30.401	0.85650				2
2024.08.09	01:30:30.709	0.85649				2
2024.08.09	01:30:50.899	0.85650				2
2024.08.09	01:30:52.155	0.85649				2
2024.08.09	01:30:53.024	0.85650				2
2024.08.09	01:30:53.372	0.85649				2
2024.08.09	01:30:59.929	0.85651				2
2024.08.09	01:31:00.418	0.85649				2
2024.08.09	01:31:02.382	0.85648				2
2024.08.09	01:31:06.684	0.85649				2
2024.08.09	01:31:08.990	0.85648				2
2024.08.09	01:31:19.630		0.85661			4
2024.08.09	01:31:22.823		0.85660			4
2024.08.09	01:31:31.954	0.85649	0.85661			6
2024.08.09	01:31:47.375	0.85648				2
2024.08.09	01:31:54.435	0.85649				2
2024.08.09	01:31:54.856	0.85648				2
2024.08.09	01:32:00.325	0.85648				2
2024.08.09	01:32:13.110	0.85649				2
2024.08.09	01:32:15.555	0.85648				2
2024.08.09	01:32:16.724	0.85649				2
2024.08.09	01:32:17.042	0.85650	0.85663			6
2024.08.09	01:32:17.363		0.85664			4
2024.08.09	01:32:18.077	0.85651				2
2024.08.09	01:32:19.653	0.85652	0.85665			6
2024.08.09	01:32:21.819		0.85666			4
2024.08.09	01:32:23.217	0.85655	0.85667			6
2024.08.09	01:32:23.562		0.85668			4
2024.08.09	01:32:27.750	0.85656				2
2024.08.09	01:32:29.928		0.85667			4
2024.08.09	01:32:30.280	0.85657	0.85668			6
2024.08.09	01:32:30.649	0.85658	0.85669			6
2024.08.09	01:32:31.951	0.85657	0.85668			6
2024.08.09	01:32:32.454	0.85655				2
2024.08.09	01:32:32.870	0.85657				2
2024.08.09	01:32:35.297	0.85655				2
2024.08.09	01:32:36.159	0.85657	0.85669			6
2024.08.09	01:32:38.108	0.85656				2
2024.08.09	01:32:39.451	0.85657				2
2024.08.09	01:32:41.853	0.85658				2
2024.08.09	01:32:43.862	0.85655				2
2024.08.09	01:32:44.183	0.85654				2
2024.08.09	01:32:44.739	0.85658	0.85668			6
2024.08.09	01:32:46.117	0.85659				2
2024.08.09	01:32:52.655	0.85657				2
2024.08.09	01:32:53.051	0.85658	0.85669			6
2024.08.09	01:32:53.705	0.85659	0.85667			6
2024.08.09	01:32:54.058	0.85658	0.85668			6
2024.08.09	01:32:57.147	0.85659				2
2024.08.09	01:32:59.704	0.85658	0.85669			6
2024.08.09	01:33:00.220	0.85658				2
2024.08.09	01:33:03.230	0.85660	0.85668			6
2024.08.09	01:33:04.482	0.85659				2
2024.08.09	01:33:07.351	0.85660	0.85669			6
2024.08.09	01:33:08.027	0.85661	0.85668			6
2024.08.09	01:33:13.424	0.85660				2
2024.08.09	01:33:19.052	0.85659	0.85669			6
2024.08.09	01:33:27.143	0.85660				2
2024.08.09	01:33:29.555	0.85658				2
2024.08.09	01:33:32.495	0.85659				2
2024.08.09	01:33:37.496	0.85658				2
2024.08.09	01:33:38.228	0.85657	0.85667			6
2024.08.09	01:33:40.052	0.85654	0.85665			6
2024.08.09	01:33:41.197	0.85655				2
2024.08.09	01:33:41.503		0.85664			4
2024.08.09	01:33:42.889	0.85652	0.85663			6
2024.08.09	01:33:43.226		0.85664			4
2024.08.09	01:33:43.536	0.85651				2
2024.08.09	01:33:44.037	0.85650				2
2024.08.09	01:33:44.454	0.85651				2
2024.08.09	01:33:44.772	0.85649				2
2024.08.09	01:33:45.403	0.85650	0.85657			6
2024.08.09	01:33:45.790	0.85649				2
2024.08.09	01:33:46.152	0.85650				2
2024.08.09	01:33:46.459	0.85649				2
2024.08.09	01:33:47.258	0.85647	0.85655			6
2024.08.09	01:33:50.150	0.85648				2
2024.08.09	01:33:51.101	0.85647	0.85657			6
2024.08.09	01:33:51.404		0.85658			4
2024.08.09	01:33:51.751	0.85650				2
2024.08.09	01:33:52.059		0.85657			4
2024.08.09	01:33:52.453	0.85648				2
2024.08.09	01:33:53.306		0.85658			4
2024.08.09	01:33:54.016	0.85649	0.85657			6
2024.08.09	01:33:54.404	0.85648	0.85658			6
2024.08.09	01:33:54.707		0.85659			4
2024.08.09	01:33:55.085	0.85651	0.85660			6
2024.08.09	01:33:55.402	0.85649	0.85657			6
2024.08.09	01:33:55.724	0.85648				2
2024.08.09	01:33:56.110	0.85650	0.85658			6
2024.08.09	01:33:56.415	0.85649	0.85657			6
2024.08.09	01:34:01.487	0.85649				2
2024.08.09	01:34:02.256	0.85648				2
2024.08.09	01:34:04.352	0.85646	0.85655			6
2024.08.09	01:34:04.664	0.85645	0.85656			6
2024.08.09	01:34:05.102	0.85646	0.85655			6
2024.08.09	01:34:06.202	0.85645				2
2024.08.09	01:34:06.692	0.85646				2
2024.08.09	01:34:07.107		0.85656			4
2024.08.09	01:34:07.507		0.85659			4
2024.08.09	01:34:07.842	0.85645				2
2024.08.09	01:34:08.677	0.85646				2
2024.08.09	01:34:11.145	0.85645				2
2024.08.09	01:34:15.452	0.85647	0.85660			6
2024.08.09	01:34:22.656	0.85648				2
2024.08.09	01:34:25.526		0.85661			4
2024.08.09	01:34:26.310	0.85647				2
2024.08.09	01:34:27.742		0.85660			4
2024.08.09	01:34:29.545		0.85661			4
2024.08.09	01:34:30.767		0.85660			4
2024.08.09	01:34:32.578	0.85648				2
2024.08.09	01:34:32.880	0.85647				2
2024.08.09	01:34:33.569	0.85648				2
2024.08.09	01:34:35.552		0.85661			4
2024.08.09	01:34:35.880	0.85647				2
2024.08.09	01:34:49.403	0.85648				2
2024.08.09	01:34:50.936	0.85647				2
2024.08.09	01:34:53.669	0.85648				2
2024.08.09	01:34:53.973	0.85647				2
2024.08.09	01:34:56.037	0.85648				2
2024.08.09	01:34:56.770	0.85647				2
2024.08.09	01:35:00.464	0.85648				2
2024.08.09	01:35:00.779	0.85647				2
2024.08.09	01:35:02.181	0.85648				2
2024.08.09	01:35:03.619	0.85647				2
2024.08.09	01:35:04.715	0.85648				2
2024.08.09	01:35:05.826	0.85647				2
2024.08.09	01:35:07.122	0.85648				2
2024.08.09	01:35:07.514	0.85647				2
2024.08.09	01:35:09.142	0.85648				2
2024.08.09	01:35:09.752	0.85649				2
2024.08.09	01:35:11.955	0.85648				2
2024.08.09	01:35:20.304	0.85649	0.85662			6
2024.08.09	01:35:20.676	0.85648	0.85661			6
2024.08.09	01:35:22.279	0.85650				2
2024.08.09	01:35:22.815	0.85649				2
2024.08.09	01:35:30.964	0.85650				2
2024.08.09	01:35:39.376		0.85662			4
2024.08.09	01:35:43.053		0.85661			4
2024.08.09	01:35:49.375	0.85651	0.85663			6
2024.08.09	01:35:49.867	0.85650				2
2024.08.09	01:35:50.260	0.85651	0.85664			6
2024.08.09	01:35:53.317	0.85652				2
2024.08.09	01:35:53.622	0.85651				2
2024.08.09	01:35:53.926	0.85652				2
2024.08.09	01:35:59.381	0.85651				2
2024.08.09	01:35:59.798	0.85652				2
2024.08.09	01:36:00.102	0.85651				2
2024.08.09	01:36:00.402	0.85652				2
2024.08.09	01:36:01.015	0.85651				2
2024.08.09	01:36:02.507	0.85652				2
2024.08.09	01:36:03.141	0.85651				2
2024.08.09	01:36:03.447	0.85652				2
2024.08.09	01:36:04.356	0.85651				2
2024.08.09	01:36:06.101	0.85653				2
2024.08.09	01:36:06.900	0.85655	0.85667			6
2024.08.09	01:36:07.206	0.85654	0.85666			6
2024.08.09	01:36:09.997	0.85655				2
2024.08.09	01:36:11.709	0.85656				2
2024.08.09	01:36:12.046	0.85655				2
2024.08.09	01:36:13.152	0.85656				2
2024.08.09	01:36:13.477	0.85655				2
2024.08.09	01:36:14.710	0.85657				2
2024.08.09	01:36:15.075	0.85656				2
2024.08.09	01:36:19.761		0.85667			4
2024.08.09	01:36:20.125	0.85655				2
2024.08.09	01:36:20.503	0.85656				2
2024.08.09	01:36:21.744	0.85655				2
2024.08.09	01:36:22.716	0.85656				2
2024.08.09	01:36:23.770	0.85655				2
2024.08.09	01:36:24.736	0.85656				2
2024.08.09	01:36:25.756	0.85655				2
2024.08.09	01:36:26.412	0.85656				2
2024.08.09	01:36:27.423	0.85655				2
2024.08.09	01:36:28.073	0.85656				2
2024.08.09	01:36:31.625	0.85657	0.85668			6
2024.08.09	01:36:35.163		0.85667			4
2024.08.09	01:36:35.910		0.85668			4
2024.08.09	01:36:36.598	0.85656				2
2024.08.09	01:36:51.827	0.85657				2
2024.08.09	01:36:58.069	0.85656				2
2024.08.09	01:37:00.151	0.85656				2
2024.08.09	01:37:05.353	0.85657				2
2024.08.09	01:37:05.654	0.85658	0.85670			6
2024.08.09	01:37:05.962	0.85661				2
2024.08.09	01:37:06.268	0.85662	0.85671			6
2024.08.09	01:37:06.761	0.85658	0.85670			6
2024.08.09	01:37:12.153	0.85657				2
2024.08.09	01:37:13.651	0.85659				2
2024.08.09	01:37:14.684	0.85658				2
2024.08.09	01:37:15.988	0.85659				2
2024.08.09	01:37:22.051		0.85671			4
2024.08.09	01:37:23.553		0.85670			4
2024.08.09	01:37:29.852	0.85660				2
2024.08.09	01:37:38.413		0.85668			4
2024.08.09	01:37:38.735		0.85669			4
2024.08.09	01:37:40.477	0.85659				2
2024.08.09	01:37:43.854		0.85668			4
2024.08.09	01:37:44.811	0.85658	0.85669			6
2024.08.09	01:37:47.858	0.85660				2
2024.08.09	01:37:49.004	0.85659				2
2024.08.09	01:37:50.371	0.85661				2
2024.08.09	01:37:54.754	0.85659				2
2024.08.09	01:37:56.551	0.85660				2
2024.08.09	01:37:58.298	0.85658	0.85668			6
2024.08.09	01:38:00.325	0.85657	0.85667			6
2024.08.09	01:38:00.689		0.85666			4
2024.08.09	01:38:01.299	0.85658				2
2024.08.09	01:38:01.712	0.85657				2
2024.08.09	01:38:05.350	0.85656				2
2024.08.09	01:38:07.337	0.85657	0.85667			6
2024.08.09	01:38:08.081	0.85656				2
2024.08.09	01:38:11.656	0.85657				2
2024.08.09	01:38:14.531	0.85659	0.85668			6
2024.08.09	01:38:24.890	0.85660				2
2024.08.09	01:38:25.970	0.85658				2
2024.08.09	01:38:26.935	0.85660				2
2024.08.09	01:38:27.872	0.85658				2
2024.08.09	01:38:28.617	0.85660				2
2024.08.09	01:38:29.797	0.85658				2
2024.08.09	01:38:51.451	0.85659				2
2024.08.09	01:39:00.432	0.85658	0.85667			6
2024.08.09	01:39:06.993		0.85668			4
2024.08.09	01:39:10.890		0.85667			4
2024.08.09	01:39:21.349	0.85656				2
2024.08.09	01:39:22.159	0.85657				2
2024.08.09	01:39:25.492	0.85658				2
2024.08.09	01:39:28.056	0.85657	0.85668			6
2024.08.09	01:39:32.851		0.85667			4
2024.08.09	01:39:34.951		0.85668			4
2024.08.09	01:39:46.351	0.85658				2
2024.08.09	01:39:59.732	0.85657				2
2024.08.09	01:40:00.267	0.85658	0.85667			6
2024.08.09	01:40:00.969	0.85657	0.85668			6
2024.08.09	01:40:02.856		0.85667			4
2024.08.09	01:40:03.454	0.85659				2
2024.08.09	01:40:08.751	0.85658				2
2024.08.09	01:40:34.828	0.85657				2
2024.08.09	01:40:35.240	0.85658				2
2024.08.09	01:40:36.305	0.85657				2
2024.08.09	01:40:37.366	0.85660				2
2024.08.09	01:40:46.441	0.85661	0.85668			6
2024.08.09	01:40:46.852	0.85659	0.85669			6
2024.08.09	01:40:51.368		0.85668			4
2024.08.09	01:41:00.899	0.85659				2
2024.08.09	01:41:03.405	0.85658				2
2024.08.09	01:41:09.744	0.85664	0.85671			6
2024.08.09	01:41:10.052		0.85672			4
2024.08.09	01:41:10.665		0.85673			4
2024.08.09	01:41:10.993	0.85663				2
2024.08.09	01:41:13.236	0.85662				2
2024.08.09	01:41:14.158	0.85663				2
2024.08.09	01:41:15.144	0.85662				2
2024.08.09	01:41:15.673	0.85663	0.85672			6
2024.08.09	01:41:16.036	0.85661				2
2024.08.09	01:41:17.000	0.85664				2
2024.08.09	01:41:17.953	0.85662				2
2024.08.09	01:41:18.891	0.85663				2
2024.08.09	01:41:19.733	0.85664				2
2024.08.09	01:41:24.794	0.85662				2
2024.08.09	01:41:25.814	0.85664				2
2024.08.09	01:41:26.897	0.85663				2
2024.08.09	01:41:27.233	0.85664				2
2024.08.09	01:41:27.855	0.85663	0.85671			6
2024.08.09	01:41:28.176	0.85664				2
2024.08.09	01:41:28.581	0.85661				2
2024.08.09	01:41:28.981	0.85662				2
2024.08.09	01:41:29.371	0.85663	0.85674			6
2024.08.09	01:41:29.756	0.85664				2
2024.08.09	01:41:30.698	0.85663				2
2024.08.09	01:41:31.668	0.85662	0.85671			6
2024.08.09	01:41:32.185		0.85672			4
2024.08.09	01:41:32.972	0.85663	0.85671			6
2024.08.09	01:41:33.273		0.85674			4
2024.08.09	01:41:40.319	0.85666				2
2024.08.09	01:41:41.498	0.85667				2
2024.08.09	01:41:42.145	0.85668				2
2024.08.09	01:41:42.727	0.85667				2
2024.08.09	01:41:45.170	0.85668				2
2024.08.09	01:41:48.421	0.85667	0.85673			6
2024.08.09	01:41:56.653		0.85674			4
2024.08.09	01:41:57.819	0.85666				2
2024.08.09	01:42:00.351	0.85666				2
2024.08.09	01:42:02.907		0.85675			4
2024.08.09	01:42:03.953	0.85667	0.85674			6
2024.08.09	01:42:07.216	0.85666				2
2024.08.09	01:42:12.168		0.85673			4
2024.08.09	01:42:14.302	0.85667				2
2024.08.09	01:42:22.386	0.85666				2
2024.08.09	01:42:26.874		0.85674			4
2024.08.09	01:42:27.983	0.85667				2
2024.08.09	01:42:28.314		0.85675			4
2024.08.09	01:42:29.169	0.85665	0.85672			6
2024.08.09	01:42:40.777	0.85664				2
2024.08.09	01:42:43.551		0.85670			4
2024.08.09	01:42:44.620	0.85663				2
2024.08.09	01:42:44.923	0.85661				2
2024.08.09	01:42:45.260	0.85662				2
2024.08.09	01:42:46.311	0.85663	0.85669			6
2024.08.09	01:42:46.623	0.85661	0.85670			6
2024.08.09	01:42:52.267	0.85662	0.85669			6
2024.08.09	01:42:52.660	0.85661				2
2024.08.09	01:42:53.440	0.85659				2
2024.08.09	01:42:54.185	0.85661				2
2024.08.09	01:43:00.423	0.85658	0.85667			6
2024.08.09	01:43:05.016		0.85666			4
2024.08.09	01:43:17.251	0.85659				2
2024.08.09	01:43:20.326	0.85658				2
2024.08.09	01:43:30.756		0.85668			4
2024.08.09	01:43:31.069	0.85659				2
2024.08.09	01:43:32.167	0.85658				2
2024.08.09	01:43:42.518	0.85660	0.85667			6
2024.08.09	01:43:43.087	0.85661	0.85668			6
2024.08.09	01:43:46.937	0.85660				2
2024.08.09	01:43:47.268	0.85661				2
2024.08.09	01:43:50.350	0.85660				2
2024.08.09	01:43:51.117	0.85661				2
2024.08.09	01:43:51.484	0.85660				2
2024.08.09	01:43:51.808		0.85669			4
2024.08.09	01:43:52.124	0.85663	0.85671			6
2024.08.09	01:43:52.674	0.85664				2
2024.08.09	01:43:55.917	0.85662	0.85673			6
2024.08.09	01:43:56.521	0.85663				2
2024.08.09	01:43:59.931	0.85664				2
2024.08.09	01:44:00.252	0.85664				2
2024.08.09	01:44:12.655	0.85662	0.85672			6
2024.08.09	01:44:15.674		0.85671			4
2024.08.09	01:44:20.781	0.85663				2
2024.08.09	01:44:21.825	0.85664				2
2024.08.09	01:44:22.910	0.85663				2
2024.08.09	01:44:25.102	0.85660	0.85670			6
2024.08.09	01:44:25.406		0.85668			4
2024.08.09	01:44:25.733	0.85661				2
2024.08.09	01:44:26.451	0.85659				2
2024.08.09	01:44:26.887	0.85660				2
2024.08.09	01:44:27.193		0.85670			4
2024.08.09	01:44:34.260	0.85661				2
2024.08.09	01:44:34.780	0.85660	0.85669			6
2024.08.09	01:44:35.119		0.85670			4
2024.08.09	01:44:39.625	0.85659				2
2024.08.09	01:44:40.052	0.85658				2
2024.08.09	01:44:49.351	0.85659				2
2024.08.09	01:44:55.062	0.85661				2
2024.08.09	01:44:55.411	0.85659				2
2024.08.09	01:44:56.371	0.85660				2
2024.08.09	01:45:00.289	0.85660				2
2024.08.09	01:45:01.334	0.85661				2
2024.08.09	01:45:03.433	0.85662				2
2024.08.09	01:45:03.761	0.85661				2
2024.08.09	01:45:17.469	0.85662				2
2024.08.09	01:45:18.418	0.85660				2
2024.08.09	01:45:24.828	0.85661				2
2024.08.09	01:45:27.967	0.85662				2
2024.08.09	01:45:31.567	0.85665	0.85671			6
2024.08.09	01:45:31.941	0.85662	0.85670			6
2024.08.09	01:45:37.652	0.85661				2
2024.08.09	01:45:40.630	0.85662				2
2024.08.09	01:45:46.025	0.85661	0.85667			6
2024.08.09	01:45:46.664	0.85660				2
2024.08.09	01:45:48.147	0.85661				2
2024.08.09	01:45:48.458	0.85660				2
2024.08.09	01:45:48.821	0.85661				2
2024.08.09	01:45:49.610	0.85660				2
2024.08.09	01:45:51.360	0.85659	0.85666			6
2024.08.09	01:45:51.865	0.85661	0.85667			6
2024.08.09	01:45:52.493	0.85660				2
2024.08.09	01:45:53.452	0.85661	0.85668			6
2024.08.09	01:45:54.775	0.85662				2
2024.08.09	01:46:00.372	0.85662				2
2024.08.09	01:46:08.678	0.85664	0.85670			6
2024.08.09	01:46:09.312	0.85663				2
2024.08.09	01:46:12.756	0.85662				2
2024.08.09	01:46:13.651	0.85663				2
2024.08.09	01:46:18.162	0.85662				2
2024.08.09	01:46:18.751	0.85663				2
2024.08.09	01:46:20.167	0.85662	0.85671			6
2024.08.09	01:46:20.885		0.85670			4
2024.08.09	01:46:25.459	0.85661				2
2024.08.09	01:46:26.253	0.85664				2
2024.08.09	01:46:30.825	0.85662				2
2024.08.09	01:46:36.344	0.85660				2
2024.08.09	01:46:37.871	0.85661	0.85669			6
2024.08.09	01:46:39.004	0.85662				2
2024.08.09	01:46:55.522	0.85661				2
2024.08.09	01:46:57.381	0.85662				2
2024.08.09	01:46:58.988	0.85661				2
2024.08.09	01:46:59.922	0.85662				2
2024.08.09	01:47:02.069	0.85662				2
2024.08.09	01:47:07.343	0.85663				2
2024.08.09	01:47:12.424	0.85661	0.85668			6
2024.08.09	01:47:22.053	0.85660	0.85669			6
2024.08.09	01:47:27.192	0.85661				2
2024.08.09	01:47:29.074		0.85668			4
2024.08.09	01:47:29.399	0.85660	0.85669			6
2024.08.09	01:47:30.484	0.85659				2
2024.08.09	01:47:32.532	0.85658	0.85667			6
2024.08.09	01:47:32.836	0.85659				2
2024.08.09	01:47:36.400	0.85658				2
2024.08.09	01:47:37.176	0.85659				2
2024.08.09	01:47:37.703	0.85658				2
2024.08.09	01:47:38.391	0.85659				2
2024.08.09	01:47:44.468	0.85658	0.85666			6
2024.08.09	01:47:51.213	0.85661	0.85668			6
2024.08.09	01:47:51.904	0.85663	0.85669			6
2024.08.09	01:47:52.310	0.85661	0.85668			6
2024.08.09	01:48:00.376	0.85662	0.85670			6
2024.08.09	01:48:00.809		0.85669			4
2024.08.09	01:48:03.163	0.85661				2
2024.08.09	01:48:26.191	0.85660				2
2024.08.09	01:48:27.203	0.85661				2
2024.08.09	01:48:28.271	0.85660				2
2024.08.09	01:48:29.252	0.85661				2
2024.08.09	01:48:30.161	0.85660				2
2024.08.09	01:48:31.078	0.85661				2
2024.08.09	01:48:31.607	0.85660				2
2024.08.09	01:48:32.885		0.85668			4
2024.08.09	01:48:59.421	0.85661				2
2024.08.09	01:49:00.259	0.85661				2
2024.08.09	01:49:02.993		0.85669			4
2024.08.09	01:49:06.524	0.85662	0.85668			6
2024.08.09	01:49:08.219	0.85661	0.85669			6
2024.08.09	01:49:11.851		0.85668			4
2024.08.09	01:49:13.979	0.85660	0.85667			6
2024.08.09	01:49:17.585	0.85659				2
2024.08.09	01:49:18.068		0.85668			4
2024.08.09	01:49:24.645	0.85661	0.85669			6
2024.08.09	01:49:26.780	0.85659				2
2024.08.09	01:49:27.715	0.85660				2
2024.08.09	01:49:28.791	0.85659				2
2024.08.09	01:49:29.798	0.85660				2
2024.08.09	01:49:30.793	0.85659				2
2024.08.09	01:49:31.775	0.85660				2
2024.08.09	01:49:32.459	0.85659				2
2024.08.09	01:49:32.798	0.85660				2
2024.08.09	01:49:33.422	0.85659	0.85668			6
2024.08.09	01:49:37.602	0.85660				2
2024.08.09	01:49:39.404	0.85661				2
2024.08.09	01:49:40.051	0.85660				2
2024.08.09	01:49:40.468	0.85659				2
2024.08.09	01:49:42.346	0.85658	0.85667			6
2024.08.09	01:49:51.754		0.85666			4
2024.08.09	01:49:53.994	0.85659	0.85668			6
2024.08.09	01:49:54.739	0.85662				2
2024.08.09	01:50:00.067	0.85662				2
2024.08.09	01:50:02.499	0.85661				2
2024.08.09	01:50:04.229	0.85659				2
2024.08.09	01:50:06.400		0.85669			4
2024.08.09	01:50:10.925	0.85661	0.85667			6
2024.08.09	01:50:11.252	0.85658	0.85666			6
2024.08.09	01:50:12.535		0.85667			4
2024.08.09	01:50:13.733	0.85659	0.85668			6
2024.08.09	01:50:55.835	0.85657				2
2024.08.09	01:50:56.367	0.85659				2
2024.08.09	01:50:57.556	0.85657				2
2024.08.09	01:50:58.377	0.85659				2
2024.08.09	01:51:00.474	0.85659				2
2024.08.09	01:51:09.427	0.85660				2
2024.08.09	01:51:17.390		0.85668			4
2024.08.09	01:51:22.222	0.85659				2
2024.08.09	01:51:22.596		0.85667			4
2024.08.09	01:51:23.590	0.85660	0.85668			6
2024.08.09	01:51:29.775	0.85659				2
2024.08.09	01:51:31.397	0.85660				2
2024.08.09	01:51:36.624	0.85657				2
2024.08.09	01:51:42.761	0.85659				2
2024.08.09	01:51:45.872	0.85657				2
2024.08.09	01:51:47.279	0.85659				2
2024.08.09	01:51:50.202	0.85657				2
2024.08.09	01:51:51.224	0.85658				2
2024.08.09	01:52:00.226	0.85660				2
2024.08.09	01:52:00.543	0.85658				2
2024.08.09	01:52:01.294	0.85661				2
2024.08.09	01:52:01.601	0.85658				2
2024.08.09	01:52:04.938	0.85661	0.85670			6
2024.08.09	01:52:05.250	0.85660				2
2024.08.09	01:52:07.752	0.85659				2
2024.08.09	01:52:08.179	0.85660				2
2024.08.09	01:52:10.365	0.85661				2
2024.08.09	01:52:11.399	0.85659				2
2024.08.09	01:52:12.198	0.85661				2
2024.08.09	01:52:13.363	0.85659				2
2024.08.09	01:52:14.154	0.85661				2
2024.08.09	01:52:15.405	0.85659				2
2024.08.09	01:52:16.496	0.85661				2
2024.08.09	01:52:17.541	0.85659				2
2024.08.09	01:52:18.459	0.85661				2
2024.08.09	01:52:19.502	0.85659				2
2024.08.09	01:52:20.520	0.85661				2
2024.08.09	01:52:21.587	0.85659				2
2024.08.09	01:52:22.607	0.85661				2
2024.08.09	01:52:23.575	0.85659				2
2024.08.09	01:52:24.504	0.85661				2
2024.08.09	01:52:25.114	0.85667	0.85668			6
2024.08.09	01:52:25.466	0.85666	0.85667			6
2024.08.09	01:52:25.768	0.85667	0.85668			6
2024.08.09	01:52:26.736	0.85668	0.85669			6
2024.08.09	01:52:27.087	0.85667	0.85668			6
2024.08.09	01:53:00.083	0.85667				2
2024.08.09	01:53:27.216		0.85668			4
2024.08.09	01:53:32.435	0.85668	0.85669			6
2024.08.09	01:53:34.930	0.85667	0.85668			6
2024.08.09	01:53:38.690	0.85668	0.85669			6
2024.08.09	01:53:42.796	0.85670	0.85671			6
2024.08.09	01:53:43.768	0.85669	0.85670			6
2024.08.09	01:53:44.121	0.85670	0.85671			6
2024.08.09	01:53:55.812	0.85669	0.85670			6
2024.08.09	01:53:56.481	0.85667	0.85668			6
2024.08.09	01:54:00.784	0.85667				2
2024.08.09	01:54:04.658	0.85666	0.85667			6
2024.08.09	01:54:37.718	0.85667	0.85668			6
2024.08.09	01:54:39.061	0.85666	0.85667			6
2024.08.09	01:54:40.145	0.85667	0.85668			6
2024.08.09	01:54:40.817	0.85666	0.85667			6
2024.08.09	01:54:44.955	0.85667	0.85668			6
2024.08.09	01:54:45.300	0.85666	0.85667			6
2024.08.09	01:54:46.188	0.85667	0.85668			6
2024.08.09	01:54:46.785	0.85666	0.85667			6
2024.08.09	01:54:57.356	0.85667	0.85668			6
2024.08.09	01:54:58.765	0.85668	0.85669			6
2024.08.09	01:55:00.618	0.85668				2
2024.08.09	01:55:07.562	0.85670	0.85671			6
2024.08.09	01:55:16.766	0.85671	0.85672			6
2024.08.09	01:55:32.543	0.85672	0.85673			6
2024.08.09	01:56:00.342	0.85672				2
2024.08.09	01:56:11.372	0.85673	0.85674			6
2024.08.09	01:56:12.151	0.85672	0.85673			6
2024.08.09	01:56:36.052	0.85673	0.85674			6
2024.08.09	01:57:00.554	0.85673				2
2024.08.09	01:57:22.378		0.85675			4
2024.08.09	01:57:23.038		0.85676			4
2024.08.09	01:57:23.344	0.85675				2
2024.08.09	01:57:23.725	0.85676	0.85677			6
2024.08.09	01:57:30.241	0.85675	0.85676			6
2024.08.09	01:57:38.624	0.85676	0.85677			6
2024.08.09	01:57:40.539	0.85677	0.85678			6
2024.08.09	01:57:59.126	0.85676	0.85677			6
2024.08.09	01:57:59.580	0.85678	0.85679			6
2024.08.09	01:58:00.937	0.85678				2
2024.08.09	01:58:03.296	0.85677	0.85678			6
2024.08.09	01:58:07.641	0.85678	0.85679			6
2024.08.09	01:58:09.882	0.85680	0.85681			6
2024.08.09	01:58:11.849	0.85681	0.85682			6
2024.08.09	01:58:16.580	0.85680	0.85681			6
2024.08.09	01:58:19.087	0.85681	0.85682			6
2024.08.09	01:58:19.977	0.85682	0.85683			6
2024.08.09	01:58:23.512	0.85681	0.85682			6
2024.08.09	01:58:23.887	0.85680	0.85681			6
2024.08.09	01:58:29.370	0.85679	0.85680			6
2024.08.09	01:58:30.950	0.85681	0.85682			6
2024.08.09	01:58:31.251	0.85679	0.85680			6
2024.08.09	01:58:38.979	0.85680	0.85681			6
2024.08.09	01:58:44.711	0.85681	0.85682			6
2024.08.09	01:59:00.371	0.85681				2
2024.08.09	01:59:01.927	0.85682	0.85683			6
2024.08.09	01:59:05.379	0.85680	0.85681			6
2024.08.09	01:59:05.682	0.85681	0.85682			6
2024.08.09	01:59:25.326	0.85683	0.85684			6
2024.08.09	01:59:25.633	0.85681	0.85682			6
2024.08.09	01:59:27.636	0.85682	0.85683			6
2024.08.09	01:59:36.062	0.85683	0.85684			6
2024.08.09	01:59:36.454	0.85682	0.85683			6
2024.08.09	01:59:38.382	0.85681	0.85682			6
2024.08.09	01:59:40.503	0.85682	0.85683			6
2024.08.09	01:59:44.391	0.85683	0.85684			6
2024.08.09	01:59:45.544	0.85682	0.85683			6
2024.08.09	01:59:47.394	0.85681	0.85682			6
2024.08.09	01:59:48.642	0.85680	0.85681			6
2024.08.09	01:59:49.620	0.85679	0.85680			6
2024.08.09	01:59:51.887	0.85680	0.85681			6
2024.08.09	02:00:00.177	0.85681	0.85682			6
2024.08.09	02:00:00.845	0.85680	0.85681			6
2024.08.09	02:00:01.515	0.85681	0.85682			6
2024.08.09	02:00:33.517	0.85682	0.85683			6
2024.08.09	02:00:36.825	0.85681	0.85682			6
2024.08.09	02:00:37.492	0.85682	0.85683			6
2024.08.09	02:00:38.751	0.85683	0.85684			6
2024.08.09	02:00:39.071	0.85682	0.85683			6
2024.08.09	02:00:54.465	0.85681	0.85682			6
2024.08.09	02:00:56.396	0.85683	0.85684			6
2024.08.09	02:00:58.983	0.85684	0.85685			6
2024.08.09	02:01:00.396	0.85684				2
2024.08.09	02:01:10.448	0.85685	0.85686			6
2024.08.09	02:01:14.064	0.85684	0.85685			6
2024.08.09	02:01:28.251	0.85685	0.85686			6
2024.08.09	02:01:28.561	0.85684	0.85685			6
2024.08.09	02:01:31.054	0.85686	0.85687			6
2024.08.09	02:01:34.372	0.85684	0.85685			6
2024.08.09	02:01:35.946	0.85683	0.85684			6
2024.08.09	02:01:40.352	0.85684	0.85685			6
2024.08.09	02:01:53.544	0.85683	0.85684			6
2024.08.09	02:01:54.170	0.85684	0.85685			6
2024.08.09	02:02:00.689	0.85684				2
2024.08.09	02:02:01.236	0.85685	0.85686			6
2024.08.09	02:02:04.381	0.85683	0.85684			6
2024.08.09	02:02:06.235	0.85684	0.85685			6
2024.08.09	02:02:09.125	0.85685	0.85686			6
2024.08.09	02:02:09.501	0.85684	0.85685			6
2024.08.09	02:02:10.542	0.85683	0.85684			6
2024.08.09	02:02:10.842	0.85684	0.85685			6
2024.08.09	02:02:12.407	0.85683	0.85684			6
2024.08.09	02:02:16.584	0.85684	0.85685			6
2024.08.09	02:02:17.251	0.85683	0.85684			6
2024.08.09	02:02:19.185	0.85684	0.85685			6
2024.08.09	02:02:24.215	0.85683	0.85684			6
2024.08.09	02:02:25.282	0.85684	0.85685			6
2024.08.09	02:02:40.187	0.85682	0.85683			6
2024.08.09	02:02:43.486	0.85681	0.85682			6
2024.08.09	02:02:46.796	0.85682	0.85683			6
2024.08.09	02:02:50.704	0.85683	0.85684			6
2024.08.09	02:02:56.214	0.85682	0.85683			6
2024.08.09	02:02:57.058	0.85683	0.85684			6
2024.08.09	02:02:59.618	0.85682	0.85683			6
2024.08.09	02:02:59.922	0.85683	0.85684			6
2024.08.09	02:03:00.393	0.85682				2
2024.08.09	02:03:01.183	0.85681				2
2024.08.09	02:03:01.616	0.85682	0.85683			6
2024.08.09	02:03:11.228	0.85681	0.85682			6
2024.08.09	02:03:26.982	0.85678	0.85679			6
2024.08.09	02:03:27.823	0.85679	0.85680			6
2024.08.09	02:03:28.389	0.85678	0.85679			6
2024.08.09	02:03:30.714	0.85679	0.85680			6
2024.08.09	02:03:32.402	0.85678	0.85679			6
2024.08.09	02:03:38.713	0.85677	0.85678			6
2024.08.09	02:03:44.264	0.85678	0.85679			6
2024.08.09	02:03:44.567	0.85677	0.85678			6
2024.08.09	02:03:53.265	0.85678	0.85679			6
2024.08.09	02:04:00.394	0.85678				2
2024.08.09	02:04:00.736	0.85677	0.85678			6
2024.08.09	02:04:01.074	0.85676	0.85677			6
2024.08.09	02:04:04.207	0.85677	0.85678			6
2024.08.09	02:04:20.379		0.85679			4
2024.08.09	02:04:21.883		0.85678			4
2024.08.09	02:04:23.742	0.85678	0.85679			6
2024.08.09	02:04:28.080	0.85676	0.85678			6
2024.08.09	02:04:28.738		0.85677			4
2024.08.09	02:04:29.061		0.85678			4
2024.08.09	02:04:29.365	0.85677				2
2024.08.09	02:04:31.787	0.85676	0.85677			6
2024.08.09	02:04:54.289	0.85677	0.85678			6
2024.08.09	02:04:55.867	0.85676	0.85677			6
2024.08.09	02:04:59.464	0.85677	0.85678			6
2024.08.09	02:05:00.647	0.85677				2
2024.08.09	02:05:08.008	0.85676	0.85677			6
2024.08.09	02:05:29.601	0.85675	0.85676			6
2024.08.09	02:05:47.409	0.85674	0.85675			6
2024.08.09	02:05:47.726	0.85675	0.85676			6
2024.08.09	02:06:00.085	0.85675				2
2024.08.09	02:06:11.602	0.85676	0.85677			6
2024.08.09	02:06:12.338	0.85675	0.85676			6
2024.08.09	02:06:28.307	0.85676	0.85677			6
2024.08.09	02:06:29.170	0.85675	0.85676			6
2024.08.09	02:06:29.471	0.85676	0.85677			6
2024.08.09	02:06:30.611	0.85677	0.85678			6
2024.08.09	02:06:53.909	0.85676	0.85677			6
2024.08.09	02:06:54.222	0.85677	0.85678			6
2024.08.09	02:06:55.340	0.85676	0.85677			6
2024.08.09	02:07:00.717	0.85676				2
2024.08.09	02:07:08.151	0.85674	0.85675			6
2024.08.09	02:07:14.487	0.85673	0.85674			6
2024.08.09	02:07:17.477	0.85674	0.85675			6
2024.08.09	02:07:25.828	0.85673	0.85674			6
2024.08.09	02:07:51.185	0.85674	0.85675			6
2024.08.09	02:08:00.039	0.85674				2
2024.08.09	02:08:03.929	0.85673	0.85674			6
2024.08.09	02:08:10.216	0.85672	0.85673			6
2024.08.09	02:08:10.750	0.85673	0.85674			6
2024.08.09	02:08:13.565	0.85672	0.85673			6
2024.08.09	02:08:15.810	0.85671	0.85672			6
2024.08.09	02:08:22.679	0.85672	0.85673			6
2024.08.09	02:08:23.413	0.85671	0.85672			6
2024.08.09	02:08:27.820	0.85670	0.85671			6
2024.08.09	02:08:28.165	0.85671	0.85672			6
2024.08.09	02:08:40.248	0.85672	0.85673			6
2024.08.09	02:08:47.251	0.85671	0.85672			6
2024.08.09	02:08:47.883	0.85672	0.85673			6
2024.08.09	02:08:48.194	0.85670	0.85671			6
2024.08.09	02:08:55.642	0.85671	0.85672			6
2024.08.09	02:09:00.151	0.85671				2
2024.08.09	02:09:21.112	0.85672	0.85673			6
2024.08.09	02:09:22.781	0.85671	0.85672			6
2024.08.09	02:09:27.622	0.85670	0.85671			6
2024.08.09	02:09:38.158	0.85671	0.85672			6
2024.08.09	02:09:38.902	0.85670	0.85671			6
2024.08.09	02:09:45.116	0.85669	0.85670			6
2024.08.09	02:09:47.315	0.85668	0.85669			6
2024.08.09	02:09:49.051	0.85669	0.85670			6
2024.08.09	02:10:00.240	0.85669				2
2024.08.09	02:10:34.691	0.85670	0.85671			6
2024.08.09	02:11:00.374	0.85670				2
2024.08.09	02:11:03.734	0.85671	0.85672			6
2024.08.09	02:11:04.039	0.85670	0.85671			6
2024.08.09	02:11:38.402	0.85667	0.85668			6
2024.08.09	02:11:38.719	0.85666	0.85667			6
2024.08.09	02:11:50.697	0.85664	0.85665			6
2024.08.09	02:11:51.311	0.85665	0.85666			6
2024.08.09	02:11:55.066	0.85664	0.85665			6
2024.08.09	02:11:55.372	0.85663	0.85664			6
2024.08.09	02:11:55.842	0.85664	0.85665			6
2024.08.09	02:11:56.894	0.85662	0.85663			6
2024.08.09	02:11:59.556	0.85663	0.85664			6
2024.08.09	02:12:00.347	0.85662	0.85663			6
2024.08.09	02:12:01.382	0.85663	0.85664			6
2024.08.09	02:12:02.435	0.85659	0.85660			6
2024.08.09	02:12:11.555	0.85660	0.85661			6
2024.08.09	02:12:11.888	0.85659	0.85660			6
2024.08.09	02:12:12.227	0.85660	0.85661			6
2024.08.09	02:12:12.562	0.85659	0.85660			6
2024.08.09	02:12:20.453	0.85652	0.85654			6
2024.08.09	02:12:20.764	0.85653				2
2024.08.09	02:12:21.773	0.85652	0.85653			6
2024.08.09	02:12:22.085	0.85651	0.85652			6
2024.08.09	02:12:23.412	0.85654	0.85655			6
2024.08.09	02:12:26.671	0.85655	0.85656			6
2024.08.09	02:12:32.740	0.85654	0.85655			6
2024.08.09	02:12:33.729	0.85650	0.85653			6
2024.08.09	02:12:34.094		0.85652			4
2024.08.09	02:12:34.403	0.85651				2
2024.08.09	02:12:34.818	0.85650				2
2024.08.09	02:12:35.501	0.85651				2
2024.08.09	02:12:36.142	0.85650				2
2024.08.09	02:12:37.117	0.85651				2
2024.08.09	02:12:38.437	0.85650				2
2024.08.09	02:12:38.748	0.85651				2
2024.08.09	02:12:41.213	0.85650	0.85651			6
2024.08.09	02:12:55.806	0.85649	0.85650			6
2024.08.09	02:12:56.806	0.85648	0.85649			6
2024.08.09	02:12:57.112	0.85649	0.85650			6
2024.08.09	02:13:00.369	0.85649				2
2024.08.09	02:13:03.687	0.85650	0.85651			6
2024.08.09	02:13:05.388	0.85654	0.85655			6
2024.08.09	02:13:06.333	0.85653	0.85654			6
2024.08.09	02:13:06.933	0.85654	0.85655			6
2024.08.09	02:13:09.173	0.85653	0.85654			6
2024.08.09	02:13:09.795	0.85654	0.85655			6
2024.08.09	02:13:11.631	0.85653	0.85654			6
2024.08.09	02:13:14.414	0.85654	0.85655			6
2024.08.09	02:13:16.667	0.85649	0.85650			6
2024.08.09	02:13:22.902	0.85650	0.85651			6
2024.08.09	02:13:27.172	0.85649	0.85650			6
2024.08.09	02:13:27.474	0.85648	0.85649			6
2024.08.09	02:13:31.566	0.85649	0.85650			6
2024.08.09	02:13:32.221	0.85648	0.85649			6
2024.08.09	02:13:32.524	0.85646	0.85647			6
2024.08.09	02:13:33.096	0.85645	0.85646			6
2024.08.09	02:13:41.629	0.85644	0.85645			6
2024.08.09	02:13:42.552	0.85643	0.85644			6
2024.08.09	02:13:42.895	0.85644	0.85645			6
2024.08.09	02:13:49.252	0.85643	0.85644			6
2024.08.09	02:13:49.562	0.85641	0.85642			6
2024.08.09	02:13:50.357	0.85643	0.85644			6
2024.08.09	02:13:56.177	0.85641	0.85642			6
2024.08.09	02:13:56.478	0.85643	0.85644			6
2024.08.09	02:13:57.915	0.85640	0.85641			6
2024.08.09	02:13:58.223	0.85638	0.85639			6
2024.08.09	02:14:00.809	0.85638				2
2024.08.09	02:14:01.129	0.85640	0.85641			6
2024.08.09	02:14:01.468	0.85635	0.85636			6
2024.08.09	02:14:02.238	0.85636	0.85637			6
2024.08.09	02:14:05.294	0.85635	0.85636			6
2024.08.09	02:14:09.059	0.85636	0.85637			6
2024.08.09	02:14:21.723	0.85640	0.85641			6
2024.08.09	02:14:23.668	0.85641	0.85642			6
2024.08.09	02:14:25.896	0.85640	0.85641			6
2024.08.09	02:14:26.931	0.85641	0.85642			6
2024.08.09	02:14:38.603	0.85640	0.85641			6
2024.08.09	02:14:42.354	0.85641	0.85642			6
2024.08.09	02:14:43.264	0.85640	0.85641			6
2024.08.09	02:14:51.793	0.85639	0.85640			6
2024.08.09	02:14:55.434	0.85640	0.85641			6
2024.08.09	02:15:00.277	0.85640				2
2024.08.09	02:15:01.593	0.85639	0.85640			6
2024.08.09	02:15:01.951	0.85640	0.85641			6
2024.08.09	02:15:16.643	0.85643	0.85644			6
2024.08.09	02:15:17.301	0.85642	0.85643			6
2024.08.09	02:15:18.459	0.85641	0.85642			6
2024.08.09	02:15:28.127	0.85643	0.85644			6
2024.08.09	02:15:41.518	0.85644	0.85645			6
2024.08.09	02:15:55.863	0.85643	0.85644			6
2024.08.09	02:15:58.303	0.85642	0.85643			6
2024.08.09	02:16:00.799	0.85642				2
2024.08.09	02:16:10.162	0.85643	0.85644			6
2024.08.09	02:16:15.061	0.85644	0.85645			6
2024.08.09	02:16:16.652	0.85643	0.85644			6
2024.08.09	02:16:17.037	0.85644	0.85645			6
2024.08.09	02:16:18.779	0.85643	0.85644			6
2024.08.09	02:16:31.005	0.85644	0.85645			6
2024.08.09	02:16:32.031	0.85643	0.85644			6
2024.08.09	02:16:43.529	0.85644	0.85645			6
2024.08.09	02:16:57.703	0.85643	0.85644			6
2024.08.09	02:17:00.374	0.85643	0.85646			6
2024.08.09	02:17:01.946		0.85644			4
2024.08.09	02:17:03.035	0.85644	0.85645			6
2024.08.09	02:17:03.337	0.85645	0.85646			6
2024.08.09	02:17:10.150	0.85644	0.85645			6
2024.08.09	02:17:20.577	0.85645	0.85646			6
2024.08.09	02:17:33.833	0.85644	0.85645			6
2024.08.09	02:17:34.920	0.85645	0.85646			6
2024.08.09	02:17:58.557	0.85649	0.85650			6
2024.08.09	02:18:00.362	0.85649				2
2024.08.09	02:18:01.228	0.85648	0.85649			6
2024.08.09	02:18:12.302	0.85649	0.85650			6
2024.08.09	02:18:16.076	0.85648	0.85649			6
2024.08.09	02:18:20.742	0.85647	0.85648			6
2024.08.09	02:18:21.178	0.85646	0.85647			6
2024.08.09	02:18:26.195	0.85647	0.85648			6
2024.08.09	02:18:34.221	0.85648	0.85649			6
2024.08.09	02:18:34.955	0.85647	0.85648			6
2024.08.09	02:18:45.330	0.85648	0.85649			6
2024.08.09	02:18:50.798	0.85647	0.85648			6
2024.08.09	02:18:52.357	0.85648	0.85649			6
2024.08.09	02:18:52.701	0.85649	0.85650			6
2024.08.09	02:19:01.771	0.85649				2
2024.08.09	02:19:05.382	0.85646	0.85649			6
2024.08.09	02:19:08.609	0.85649	0.85650			6
2024.08.09	02:19:10.416	0.85647	0.85649			6
2024.08.09	02:19:11.455		0.85648			4
2024.08.09	02:19:11.833	0.85649	0.85650			6
2024.08.09	02:19:12.167	0.85651	0.85652			6
2024.08.09	02:19:17.077	0.85650	0.85651			6
2024.08.09	02:19:19.739	0.85651	0.85652			6
2024.08.09	02:19:22.344	0.85650	0.85651			6
2024.08.09	02:19:33.579	0.85651	0.85652			6
2024.08.09	02:19:35.258	0.85650	0.85651			6
2024.08.09	02:19:36.696	0.85649	0.85650			6
2024.08.09	02:19:37.082	0.85650	0.85651			6
2024.08.09	02:20:00.486	0.85650				2
2024.08.09	02:20:38.380		0.85651			4
2024.08.09	02:20:58.997	0.85649	0.85650			6
2024.08.09	02:20:59.354	0.85650	0.85651			6
2024.08.09	02:21:00.119	0.85650				2
2024.08.09	02:21:02.030	0.85652	0.85653			6
2024.08.09	02:21:05.103	0.85651	0.85652			6
2024.08.09	02:21:05.466	0.85652	0.85653			6
2024.08.09	02:21:21.035	0.85651	0.85652			6
2024.08.09	02:21:27.892	0.85650	0.85651			6
2024.08.09	02:21:29.889	0.85651	0.85652			6
2024.08.09	02:21:32.584	0.85652	0.85653			6
2024.08.09	02:21:36.673	0.85651	0.85652			6
2024.08.09	02:21:38.662	0.85652	0.85653			6
2024.08.09	02:21:38.981	0.85651	0.85652			6
2024.08.09	02:21:39.338	0.85652	0.85653			6
2024.08.09	02:22:00.751	0.85652				2
2024.08.09	02:22:14.593	0.85650	0.85651			6
2024.08.09	02:22:14.895	0.85652	0.85653			6
2024.08.09	02:22:19.845	0.85650	0.85651			6
2024.08.09	02:22:20.294	0.85652	0.85653			6
2024.08.09	02:22:21.458	0.85650	0.85652			6
2024.08.09	02:22:21.761	0.85652	0.85653			6
2024.08.09	02:22:22.571	0.85650	0.85651			6
2024.08.09	02:22:31.230	0.85648				2
2024.08.09	02:22:31.542	0.85649	0.85652			6
2024.08.09	02:22:38.885	0.85650	0.85651			6
2024.08.09	02:22:39.187	0.85651	0.85652			6
2024.08.09	02:22:41.220	0.85649				2
2024.08.09	02:22:42.242	0.85650				2
2024.08.09	02:22:47.974		0.85651			4
2024.08.09	02:22:48.907	0.85651	0.85652			6
2024.08.09	02:23:00.437	0.85651				2
2024.08.09	02:23:11.284	0.85650	0.85651			6
2024.08.09	02:23:11.684	0.85651	0.85652			6
2024.08.09	02:23:12.151	0.85649	0.85650			6
2024.08.09	02:23:12.788	0.85650	0.85651			6
2024.08.09	02:23:19.727	0.85651	0.85652			6
2024.08.09	02:23:29.218	0.85649	0.85650			6
2024.08.09	02:23:31.905	0.85650	0.85651			6
2024.08.09	02:23:32.727	0.85649	0.85650			6
2024.08.09	02:23:35.422	0.85650	0.85651			6
2024.08.09	02:23:35.763	0.85649	0.85650			6
2024.08.09	02:23:36.780	0.85650	0.85651			6
2024.08.09	02:23:43.028	0.85648	0.85652			6
2024.08.09	02:23:44.699	0.85649				2
2024.08.09	02:23:48.257		0.85651			4
2024.08.09	02:23:54.293	0.85651	0.85652			6
2024.08.09	02:23:54.669	0.85650	0.85651			6
2024.08.09	02:24:00.432	0.85650				2
2024.08.09	02:24:02.971	0.85651	0.85652			6
2024.08.09	02:24:07.170	0.85650	0.85651			6
2024.08.09	02:24:07.689	0.85651	0.85652			6
2024.08.09	02:24:11.572	0.85650	0.85651			6
2024.08.09	02:24:12.069	0.85651	0.85652			6
2024.08.09	02:24:12.460	0.85650	0.85651			6
2024.08.09	02:24:39.676	0.85651	0.85652			6
2024.08.09	02:24:39.983	0.85649	0.85650			6
2024.08.09	02:24:40.914	0.85650	0.85651			6
2024.08.09	02:25:00.307	0.85650				2
2024.08.09	02:25:28.201	0.85646	0.85649			6
2024.08.09	02:25:28.504	0.85647				2
2024.08.09	02:25:30.014	0.85648				2
2024.08.09	02:25:31.394	0.85649	0.85650			6
2024.08.09	02:25:31.892	0.85648	0.85649			6
2024.08.09	02:25:32.662	0.85650	0.85651			6
2024.08.09	02:25:48.432	0.85651	0.85652			6
2024.08.09	02:25:48.830	0.85650	0.85651			6
2024.08.09	02:25:54.120	0.85651	0.85652			6
2024.08.09	02:25:55.051	0.85650	0.85651			6
2024.08.09	02:25:55.364	0.85649	0.85650			6
2024.08.09	02:25:55.685	0.85650	0.85651			6
