<DATE>	<TIME>	<BID>	<ASK>	<LAST>	<VOLUME>	<FLAGS>
2024.09.11	00:00:00.091	0.84225	0.84262			6
2024.09.11	00:00:00.404	0.84205	0.84328			6
2024.09.11	00:00:01.106	0.84159	0.84336			6
2024.09.11	00:00:02.128	0.84167	0.84328			6
2024.09.11	00:00:05.602	0.84164	0.84332			6
2024.09.11	00:00:31.205	0.84207	0.84337			6
2024.09.11	00:00:35.453	0.84208				2
2024.09.11	00:00:42.173		0.84332			4
2024.09.11	00:01:02.930	0.84208				2
2024.09.11	00:01:17.355		0.84327			4
2024.09.11	00:01:30.433	0.84207				2
2024.09.11	00:01:39.174		0.84324			4
2024.09.11	00:01:58.147		0.84321			4
2024.09.11	00:02:11.596	0.84207				2
2024.09.11	00:02:25.442	0.84209				2
2024.09.11	00:02:49.430		0.84319			4
2024.09.11	00:03:11.703	0.84209				2
2024.09.11	00:03:20.444	0.84207				2
2024.09.11	00:03:33.421		0.84316			4
2024.09.11	00:03:40.716		0.84311			4
2024.09.11	00:04:01.675	0.84207				2
2024.09.11	00:04:15.446	0.84208				2
2024.09.11	00:04:41.826		0.84311			4
2024.09.11	00:05:00.898	0.84208				2
2024.09.11	00:05:01.514		0.84309			4
2024.09.11	00:05:01.823		0.84304			4
2024.09.11	00:05:30.762		0.84296			4
2024.09.11	00:05:31.062		0.84298			4
2024.09.11	00:05:34.298		0.84297			4
2024.09.11	00:05:35.410		0.84298			4
2024.09.11	00:05:40.320		0.84300			4
2024.09.11	00:05:41.001		0.84292			4
2024.09.11	00:05:41.360		0.84294			4
2024.09.11	00:05:42.391		0.84292			4
2024.09.11	00:05:46.514		0.84294			4
2024.09.11	00:05:49.458	0.84207				2
2024.09.11	00:05:50.002		0.84295			4
2024.09.11	00:05:51.630		0.84294			4
2024.09.11	00:05:55.297		0.84286			4
2024.09.11	00:05:57.161		0.84288			4
2024.09.11	00:05:58.403		0.84304			4
2024.09.11	00:06:00.332	0.84207				2
2024.09.11	00:06:01.582	0.84208				2
2024.09.11	00:06:33.666	0.84207				2
2024.09.11	00:06:58.075		0.84301			4
2024.09.11	00:07:00.576	0.84207				2
2024.09.11	00:07:28.879	0.84209				2
2024.09.11	00:07:56.421	0.84207				2
2024.09.11	00:07:59.226		0.84301			4
2024.09.11	00:08:07.354	0.84207				2
2024.09.11	00:08:44.763		0.84306			4
2024.09.11	00:08:45.755		0.84311			4
2024.09.11	00:09:08.579	0.84207				2
2024.09.11	00:09:46.506		0.84311			4
2024.09.11	00:09:47.928		0.84309			4
2024.09.11	00:10:00.356	0.84207				2
2024.09.11	00:10:01.322	0.84205				2
2024.09.11	00:10:41.497	0.84207				2
2024.09.11	00:10:48.357		0.84309			4
2024.09.11	00:10:52.114		0.84313			4
2024.09.11	00:11:00.430	0.84207				2
2024.09.11	00:11:20.817	0.84217				2
2024.09.11	00:11:52.123		0.84313			4
2024.09.11	00:11:59.595		0.84314			4
2024.09.11	00:12:01.024	0.84217				2
2024.09.11	00:12:03.059	0.84218				2
2024.09.11	00:12:28.581	0.84227				2
2024.09.11	00:12:29.720	0.84229				2
2024.09.11	00:12:39.338	0.84232				2
2024.09.11	00:12:40.396	0.84227				2
2024.09.11	00:12:41.391	0.84229				2
2024.09.11	00:12:41.876	0.84227				2
2024.09.11	00:12:42.871	0.84229				2
2024.09.11	00:12:43.374	0.84227				2
2024.09.11	00:12:44.383	0.84229				2
2024.09.11	00:12:52.107		0.84301			4
2024.09.11	00:13:00.126	0.84229				2
2024.09.11	00:13:06.091	0.84226	0.84278			6
2024.09.11	00:13:10.378	0.84223				2
2024.09.11	00:13:12.204	0.84222				2
2024.09.11	00:13:14.349	0.84223				2
2024.09.11	00:13:15.577	0.84225				2
2024.09.11	00:13:16.297	0.84226				2
2024.09.11	00:13:20.119	0.84233				2
2024.09.11	00:13:46.400	0.84230	0.84275			6
2024.09.11	00:13:47.009	0.84228				2
2024.09.11	00:13:48.211	0.84229				2
2024.09.11	00:13:48.555	0.84231				2
2024.09.11	00:13:50.781	0.84233				2
2024.09.11	00:13:51.225	0.84231				2
2024.09.11	00:13:54.096	0.84233				2
2024.09.11	00:13:54.507	0.84231				2
2024.09.11	00:13:56.006	0.84232				2
2024.09.11	00:14:00.405	0.84233				2
2024.09.11	00:14:10.107	0.84231				2
2024.09.11	00:14:17.003	0.84232				2
2024.09.11	00:14:21.724	0.84233				2
2024.09.11	00:14:22.103	0.84232				2
2024.09.11	00:14:29.306	0.84233				2
2024.09.11	00:14:29.913	0.84232				2
2024.09.11	00:14:33.725	0.84233				2
2024.09.11	00:14:34.109	0.84232				2
2024.09.11	00:14:36.507	0.84233				2
2024.09.11	00:14:37.018	0.84232				2
2024.09.11	00:14:39.514	0.84233				2
2024.09.11	00:14:45.726	0.84234				2
2024.09.11	00:14:46.103	0.84233				2
2024.09.11	00:14:48.725		0.84275			4
2024.09.11	00:14:55.409	0.84234				2
2024.09.11	00:14:56.004	0.84233				2
2024.09.11	00:15:00.415	0.84236				2
2024.09.11	00:15:00.809	0.84235				2
2024.09.11	00:15:01.704	0.84230				2
2024.09.11	00:15:02.139	0.84229				2
2024.09.11	00:15:02.608	0.84228				2
2024.09.11	00:15:05.510	0.84229				2
2024.09.11	00:15:05.851	0.84227				2
2024.09.11	00:15:06.531	0.84229				2
2024.09.11	00:15:09.421	0.84228				2
2024.09.11	00:15:13.658	0.84226				2
2024.09.11	00:15:17.548	0.84228				2
2024.09.11	00:15:18.203	0.84227				2
2024.09.11	00:15:19.420	0.84228				2
2024.09.11	00:15:28.961	0.84229				2
2024.09.11	00:15:29.311	0.84228				2
2024.09.11	00:15:30.802	0.84229				2
2024.09.11	00:15:32.516	0.84228				2
2024.09.11	00:15:32.822	0.84229				2
2024.09.11	00:15:36.204	0.84230				2
2024.09.11	00:15:42.724	0.84231				2
2024.09.11	00:15:43.107	0.84230				2
2024.09.11	00:15:48.726		0.84275			4
2024.09.11	00:15:49.926	0.84231				2
2024.09.11	00:15:50.304	0.84230				2
2024.09.11	00:16:00.360	0.84230				2
2024.09.11	00:16:03.205	0.84231				2
2024.09.11	00:16:07.892	0.84230				2
2024.09.11	00:16:08.905	0.84231				2
2024.09.11	00:16:09.507	0.84232				2
2024.09.11	00:16:10.703	0.84231				2
2024.09.11	00:16:12.728	0.84232				2
2024.09.11	00:16:13.408	0.84231				2
2024.09.11	00:16:19.926	0.84232				2
2024.09.11	00:16:20.306	0.84231				2
2024.09.11	00:16:30.725	0.84232				2
2024.09.11	00:16:32.304	0.84231				2
2024.09.11	00:16:37.107	0.84232				2
2024.09.11	00:16:49.103		0.84275			4
2024.09.11	00:16:57.381	0.84235				2
2024.09.11	00:17:00.425	0.84236				2
2024.09.11	00:17:02.149	0.84235				2
2024.09.11	00:17:11.109	0.84236				2
2024.09.11	00:17:11.487	0.84235				2
2024.09.11	00:17:12.471	0.84237				2
2024.09.11	00:17:17.951	0.84236				2
2024.09.11	00:17:19.113	0.84235				2
2024.09.11	00:17:27.722	0.84236				2
2024.09.11	00:17:29.005	0.84235				2
2024.09.11	00:17:33.723	0.84236				2
2024.09.11	00:17:35.311	0.84235				2
2024.09.11	00:17:45.127	0.84236				2
2024.09.11	00:17:46.403	0.84235				2
2024.09.11	00:17:48.685	0.84236				2
2024.09.11	00:17:50.311	0.84235	0.84275			6
2024.09.11	00:17:53.024	0.84236				2
2024.09.11	00:17:55.708	0.84235				2
2024.09.11	00:18:00.725	0.84235				2
2024.09.11	00:18:02.128	0.84232				2
2024.09.11	00:18:03.414	0.84231				2
2024.09.11	00:18:04.703	0.84232				2
2024.09.11	00:18:06.418	0.84230				2
2024.09.11	00:18:12.257	0.84228				2
2024.09.11	00:18:20.751	0.84227				2
2024.09.11	00:18:21.722	0.84228				2
2024.09.11	00:18:22.103	0.84227				2
2024.09.11	00:18:24.728	0.84228				2
2024.09.11	00:18:25.106	0.84227				2
2024.09.11	00:18:26.733	0.84230				2
2024.09.11	00:18:27.271	0.84229				2
2024.09.11	00:18:27.804	0.84228				2
2024.09.11	00:18:29.904	0.84230				2
2024.09.11	00:18:32.910	0.84228				2
2024.09.11	00:18:50.612	0.84227	0.84275			6
2024.09.11	00:18:54.512	0.84228				2
2024.09.11	00:18:55.109	0.84227				2
2024.09.11	00:18:57.104	0.84229				2
2024.09.11	00:18:57.436	0.84227				2
2024.09.11	00:19:01.735	0.84227				2
2024.09.11	00:19:03.725	0.84228				2
2024.09.11	00:19:04.445	0.84227				2
2024.09.11	00:19:07.342	0.84229				2
2024.09.11	00:19:12.221	0.84227				2
2024.09.11	00:19:17.011	0.84226				2
2024.09.11	00:19:19.708	0.84227				2
2024.09.11	00:19:44.781	0.84217				2
2024.09.11	00:19:49.347		0.84277			4
2024.09.11	00:20:00.726	0.84217				2
2024.09.11	00:20:31.524	0.84224				2
2024.09.11	00:20:32.237	0.84225				2
2024.09.11	00:20:32.905	0.84224				2
2024.09.11	00:20:36.431	0.84225				2
2024.09.11	00:20:37.993	0.84224				2
2024.09.11	00:20:43.717	0.84226				2
2024.09.11	00:20:44.282	0.84225				2
2024.09.11	00:20:44.609	0.84224				2
2024.09.11	00:20:49.351		0.84277			4
2024.09.11	00:20:51.505	0.84225				2
2024.09.11	00:20:51.822	0.84224				2
2024.09.11	00:20:54.725	0.84225				2
2024.09.11	00:21:00.508	0.84225				2
2024.09.11	00:21:02.307	0.84224				2
2024.09.11	00:21:10.703	0.84225				2
2024.09.11	00:21:20.910	0.84226				2
2024.09.11	00:21:22.104	0.84225				2
2024.09.11	00:21:22.703	0.84226				2
2024.09.11	00:21:23.532	0.84224				2
2024.09.11	00:21:26.304	0.84222				2
2024.09.11	00:21:29.304	0.84220				2
2024.09.11	00:21:29.640	0.84219				2
2024.09.11	00:21:31.129	0.84220				2
2024.09.11	00:21:32.605	0.84219				2
2024.09.11	00:21:33.354	0.84218				2
2024.09.11	00:21:35.113	0.84217				2
2024.09.11	00:21:45.276		0.84276			4
2024.09.11	00:21:47.199	0.84218	0.84277			6
2024.09.11	00:21:47.625	0.84217				2
2024.09.11	00:21:48.444	0.84219				2
2024.09.11	00:21:50.004	0.84220				2
2024.09.11	00:21:51.503	0.84219				2
2024.09.11	00:21:52.455	0.84217				2
2024.09.11	00:21:56.294		0.84271			4
2024.09.11	00:21:56.596		0.84272			4
2024.09.11	00:21:59.753		0.84273			4
2024.09.11	00:22:00.064	0.84217	0.84272			6
2024.09.11	00:22:00.365		0.84273			4
2024.09.11	00:22:04.427		0.84277			4
2024.09.11	00:22:06.515	0.84218				2
2024.09.11	00:22:09.025	0.84220				2
2024.09.11	00:22:23.429	0.84223				2
2024.09.11	00:22:25.791	0.84222	0.84276			6
2024.09.11	00:22:29.200	0.84223	0.84277			6
2024.09.11	00:22:29.503	0.84224				2
2024.09.11	00:22:59.909	0.84223				2
2024.09.11	00:23:01.114	0.84223				2
2024.09.11	00:23:10.734	0.84222				2
2024.09.11	00:23:22.967	0.84224				2
2024.09.11	00:23:23.902	0.84222				2
2024.09.11	00:23:24.379	0.84223				2
2024.09.11	00:23:26.556	0.84221				2
2024.09.11	00:23:30.724		0.84277			4
2024.09.11	00:24:00.227	0.84221				2
2024.09.11	00:24:00.663	0.84219	0.84261			6
2024.09.11	00:24:01.670	0.84218				2
2024.09.11	00:24:03.040	0.84217				2
2024.09.11	00:24:08.110	0.84218				2
2024.09.11	00:24:09.202	0.84217				2
2024.09.11	00:24:14.303	0.84218				2
2024.09.11	00:24:15.506	0.84217				2
2024.09.11	00:24:16.939	0.84220				2
2024.09.11	00:24:21.382	0.84219				2
2024.09.11	00:24:21.695	0.84217				2
2024.09.11	00:24:28.543	0.84215				2
2024.09.11	00:24:38.825	0.84212				2
2024.09.11	00:24:47.981		0.84259			4
2024.09.11	00:25:00.271	0.84212				2
2024.09.11	00:25:30.125	0.84209				2
2024.09.11	00:25:48.727		0.84259			4
2024.09.11	00:25:58.923	0.84213	0.84265			6
2024.09.11	00:25:59.249	0.84215				2
2024.09.11	00:25:59.905	0.84214				2
2024.09.11	00:26:00.316	0.84214				2
2024.09.11	00:26:01.425	0.84218				2
2024.09.11	00:26:01.839	0.84217				2
2024.09.11	00:26:17.430	0.84213				2
2024.09.11	00:26:19.839	0.84198				2
2024.09.11	00:26:26.230	0.84199				2
2024.09.11	00:26:27.130	0.84200				2
2024.09.11	00:26:28.624	0.84201				2
2024.09.11	00:26:29.292	0.84203				2
2024.09.11	00:26:30.820	0.84204				2
2024.09.11	00:26:31.326	0.84205				2
2024.09.11	00:26:31.687	0.84212				2
2024.09.11	00:26:33.512	0.84213				2
2024.09.11	00:26:36.729	0.84212				2
2024.09.11	00:26:38.006	0.84213				2
2024.09.11	00:26:39.503	0.84212				2
2024.09.11	00:26:56.652	0.84227				2
2024.09.11	00:26:58.902	0.84219				2
2024.09.11	00:26:59.220	0.84220	0.84265			6
2024.09.11	00:27:00.105	0.84220				2
2024.09.11	00:27:03.503	0.84221				2
2024.09.11	00:27:20.303	0.84220				2
2024.09.11	00:27:21.725	0.84221				2
2024.09.11	00:27:31.412	0.84222				2
2024.09.11	00:27:36.617	0.84223				2
2024.09.11	00:27:37.252	0.84224				2
2024.09.11	00:27:37.834	0.84225				2
2024.09.11	00:27:44.911	0.84224				2
2024.09.11	00:28:00.452	0.84224	0.84265			6
2024.09.11	00:28:05.003	0.84223				2
2024.09.11	00:28:22.704	0.84224				2
2024.09.11	00:28:32.274	0.84222				2
2024.09.11	00:28:32.582	0.84225				2
2024.09.11	00:28:43.043	0.84223	0.84268			6
2024.09.11	00:28:49.779	0.84222				2
2024.09.11	00:28:53.827	0.84221				2
2024.09.11	00:28:55.711	0.84220				2
2024.09.11	00:29:00.353	0.84219				2
2024.09.11	00:29:01.707	0.84220				2
2024.09.11	00:29:02.144	0.84219				2
2024.09.11	00:29:27.204	0.84220				2
2024.09.11	00:29:30.726	0.84219				2
2024.09.11	00:29:31.286	0.84220				2
2024.09.11	00:29:43.408		0.84268			4
2024.09.11	00:29:57.486	0.84221				2
2024.09.11	00:30:00.382	0.84218				2
2024.09.11	00:30:11.095	0.84217				2
2024.09.11	00:30:11.434	0.84216				2
2024.09.11	00:30:13.281	0.84217				2
2024.09.11	00:30:14.460		0.84262			4
2024.09.11	00:30:14.905	0.84218				2
2024.09.11	00:30:16.598	0.84217				2
2024.09.11	00:30:22.442	0.84216				2
2024.09.11	00:30:26.605	0.84217				2
2024.09.11	00:30:31.111	0.84218				2
2024.09.11	00:31:01.405	0.84218				2
2024.09.11	00:31:08.917	0.84219				2
2024.09.11	00:31:16.111		0.84262			4
2024.09.11	00:31:29.471	0.84218				2
2024.09.11	00:31:33.018	0.84219				2
2024.09.11	00:31:33.639	0.84218				2
2024.09.11	00:31:37.697	0.84219				2
2024.09.11	00:31:41.906	0.84218				2
2024.09.11	00:31:43.104	0.84219				2
2024.09.11	00:31:54.814	0.84220				2
2024.09.11	00:32:00.371	0.84220				2
2024.09.11	00:32:01.406	0.84219				2
2024.09.11	00:32:03.507	0.84220				2
2024.09.11	00:32:17.003		0.84262			4
2024.09.11	00:32:21.120	0.84219				2
2024.09.11	00:32:21.817	0.84221				2
2024.09.11	00:32:23.304	0.84220				2
2024.09.11	00:32:32.607	0.84221				2
2024.09.11	00:32:59.420		0.84256			4
2024.09.11	00:33:00.204	0.84221				2
2024.09.11	00:33:09.945	0.84220				2
2024.09.11	00:33:23.577	0.84219	0.84255			6
2024.09.11	00:33:24.807	0.84218				2
2024.09.11	00:33:44.307	0.84217				2
2024.09.11	00:33:59.607	0.84218				2
2024.09.11	00:34:02.018	0.84218				2
2024.09.11	00:34:18.699		0.84261			4
2024.09.11	00:34:39.655	0.84219	0.84262			6
2024.09.11	00:34:40.704	0.84218				2
2024.09.11	00:34:43.103	0.84219				2
2024.09.11	00:34:52.404		0.84263			4
2024.09.11	00:34:57.210	0.84220				2
2024.09.11	00:34:58.103	0.84221	0.84264			6
2024.09.11	00:35:00.472	0.84221	0.84265			6
2024.09.11	00:35:06.207	0.84222				2
2024.09.11	00:35:08.175	0.84221	0.84264			6
2024.09.11	00:35:35.620		0.84263			4
2024.09.11	00:35:37.103		0.84264			4
2024.09.11	00:35:37.470		0.84263			4
2024.09.11	00:35:49.330		0.84264			4
2024.09.11	00:35:50.471		0.84263			4
2024.09.11	00:35:55.861	0.84224	0.84266			6
2024.09.11	00:35:56.485	0.84225	0.84267			6
2024.09.11	00:35:58.636	0.84226	0.84268			6
2024.09.11	00:36:01.709	0.84226				2
2024.09.11	00:36:04.709	0.84225				2
2024.09.11	00:36:07.429	0.84226				2
2024.09.11	00:36:09.067	0.84225				2
2024.09.11	00:36:09.803		0.84267			4
2024.09.11	00:36:10.868		0.84268			4
2024.09.11	00:36:12.993	0.84226				2
2024.09.11	00:36:14.906	0.84225				2
2024.09.11	00:36:19.710	0.84226				2
2024.09.11	00:36:21.074		0.84267			4
2024.09.11	00:36:22.705	0.84225	0.84268			6
2024.09.11	00:36:33.221	0.84226	0.84267			6
2024.09.11	00:36:38.906		0.84268			4
2024.09.11	00:36:40.410		0.84267			4
2024.09.11	00:36:47.296	0.84225	0.84268			6
2024.09.11	00:36:49.103	0.84226				2
2024.09.11	00:36:50.305	0.84225				2
2024.09.11	00:36:53.606	0.84226	0.84267			6
2024.09.11	00:36:56.914		0.84268			4
2024.09.11	00:36:58.706	0.84225				2
2024.09.11	00:37:00.806	0.84226				2
2024.09.11	00:37:02.305		0.84267			4
2024.09.11	00:37:04.564		0.84268			4
2024.09.11	00:37:06.481		0.84269			4
2024.09.11	00:37:10.721		0.84268			4
2024.09.11	00:37:12.437	0.84227	0.84267			6
2024.09.11	00:37:18.231	0.84226				2
2024.09.11	00:37:18.804		0.84266			4
2024.09.11	00:37:20.007		0.84267			4
2024.09.11	00:37:22.520		0.84266			4
2024.09.11	00:37:22.909	0.84227	0.84267			6
2024.09.11	00:37:23.225		0.84268			4
2024.09.11	00:37:32.954	0.84228				2
2024.09.11	00:37:34.652	0.84227				2
2024.09.11	00:37:35.769		0.84269			4
2024.09.11	00:37:36.207		0.84268			4
2024.09.11	00:37:42.845		0.84269			4
2024.09.11	00:37:43.656	0.84228	0.84268			6
2024.09.11	00:37:48.934		0.84267			4
2024.09.11	00:37:50.269	0.84227	0.84268			6
2024.09.11	00:37:50.610	0.84228	0.84267			6
2024.09.11	00:37:53.997	0.84229	0.84268			6
2024.09.11	00:37:54.325	0.84230	0.84270			6
2024.09.11	00:37:54.735	0.84231				2
2024.09.11	00:37:55.409		0.84272			4
2024.09.11	00:37:56.005	0.84230	0.84273			6
2024.09.11	00:37:57.808	0.84231	0.84272			6
2024.09.11	00:37:59.456	0.84232	0.84271			6
2024.09.11	00:37:59.831	0.84231	0.84274			6
2024.09.11	00:38:01.602	0.84231	0.84273			6
2024.09.11	00:38:02.977		0.84275			4
2024.09.11	00:38:07.041		0.84272			4
2024.09.11	00:38:08.608	0.84232				2
2024.09.11	00:38:12.642	0.84230	0.84270			6
2024.09.11	00:38:17.486		0.84269			4
2024.09.11	00:38:19.050	0.84229				2
2024.09.11	00:38:19.431	0.84228	0.84271			6
2024.09.11	00:38:21.129	0.84229	0.84270			6
2024.09.11	00:38:23.007	0.84228	0.84271			6
2024.09.11	00:38:24.504		0.84270			4
2024.09.11	00:38:26.004	0.84229				2
2024.09.11	00:38:28.406	0.84228	0.84271			6
2024.09.11	00:38:29.021	0.84229	0.84270			6
2024.09.11	00:38:30.511		0.84269			4
2024.09.11	00:38:32.608		0.84270			4
2024.09.11	00:38:53.906	0.84228				2
2024.09.11	00:38:54.983	0.84229	0.84269			6
2024.09.11	00:38:56.482		0.84268			4
2024.09.11	00:39:00.669	0.84229	0.84269			6
2024.09.11	00:39:05.905	0.84228				2
2024.09.11	00:39:08.572		0.84270			4
2024.09.11	00:39:15.816	0.84227				2
2024.09.11	00:39:17.520	0.84228				2
2024.09.11	00:39:17.915		0.84269			4
2024.09.11	00:39:18.344		0.84268			4
2024.09.11	00:39:20.010		0.84267			4
2024.09.11	00:39:33.204	0.84227	0.84268			6
2024.09.11	00:39:37.273	0.84228	0.84267			6
2024.09.11	00:39:40.262	0.84229				2
2024.09.11	00:39:40.593	0.84228	0.84269			6
2024.09.11	00:39:44.869		0.84268			4
2024.09.11	00:39:49.875	0.84229				2
2024.09.11	00:39:50.903	0.84228	0.84269			6
2024.09.11	00:39:52.274	0.84229	0.84268			6
2024.09.11	00:39:56.606	0.84228	0.84269			6
2024.09.11	00:40:00.501	0.84226	0.84265			6
2024.09.11	00:40:00.821		0.84264			4
2024.09.11	00:40:04.751	0.84225	0.84263			6
2024.09.11	00:40:21.811	0.84224	0.84262			6
2024.09.11	00:41:00.068	0.84224				2
2024.09.11	00:41:07.287	0.84223	0.84261			6
2024.09.11	00:41:09.402	0.84224	0.84262			6
2024.09.11	00:41:44.777	0.84223	0.84263			6
2024.09.11	00:41:45.209		0.84262			4
2024.09.11	00:41:46.068	0.84224				2
2024.09.11	00:41:47.477	0.84223	0.84261			6
2024.09.11	00:41:59.230		0.84262			4
2024.09.11	00:42:00.219	0.84223				2
2024.09.11	00:42:20.591	0.84222	0.84261			6
2024.09.11	00:42:40.269		0.84262			4
2024.09.11	00:42:55.254	0.84223	0.84263			6
2024.09.11	00:42:55.704	0.84222				2
2024.09.11	00:42:57.808	0.84221				2
2024.09.11	00:43:00.507	0.84221				2
2024.09.11	00:43:24.158	0.84222	0.84262			6
2024.09.11	00:43:25.228	0.84221				2
2024.09.11	00:43:27.205		0.84263			4
2024.09.11	00:43:30.988	0.84220				2
2024.09.11	00:43:41.522		0.84264			4
2024.09.11	00:43:44.567	0.84221	0.84263			6
2024.09.11	00:43:44.879		0.84262			4
2024.09.11	00:43:45.370	0.84220	0.84263			6
2024.09.11	00:43:58.404		0.84264			4
2024.09.11	00:44:00.205	0.84220				2
2024.09.11	00:44:02.305		0.84263			4
2024.09.11	00:44:15.209	0.84221				2
2024.09.11	00:44:22.109	0.84220	0.84264			6
2024.09.11	00:44:22.856	0.84219				2
2024.09.11	00:44:26.909	0.84220				2
2024.09.11	00:44:32.198		0.84263			4
2024.09.11	00:44:32.499	0.84219	0.84264			6
2024.09.11	00:44:33.706		0.84265			4
2024.09.11	00:44:35.551		0.84264			4
2024.09.11	00:44:36.547		0.84265			4
2024.09.11	00:44:40.917	0.84218				2
2024.09.11	00:44:46.402	0.84217				2
2024.09.11	00:44:46.897	0.84218	0.84264			6
2024.09.11	00:44:47.507	0.84217				2
2024.09.11	00:44:47.902	0.84218				2
2024.09.11	00:45:01.406	0.84218				2
2024.09.11	00:45:01.743	0.84216	0.84261			6
2024.09.11	00:45:03.191	0.84218	0.84264			6
2024.09.11	00:45:06.596	0.84230	0.84252			6
2024.09.11	00:45:14.903	0.84229				2
2024.09.11	00:45:16.103	0.84230				2
2024.09.11	00:45:18.047	0.84229				2
2024.09.11	00:45:20.306	0.84230				2
2024.09.11	00:45:20.766		0.84251			4
2024.09.11	00:45:21.524		0.84252			4
2024.09.11	00:45:25.278		0.84251			4
2024.09.11	00:45:26.349		0.84252			4
2024.09.11	00:45:27.209	0.84229	0.84253			6
2024.09.11	00:45:29.006		0.84252			4
2024.09.11	00:45:35.799	0.84228	0.84253			6
2024.09.11	00:45:39.670	0.84229				2
2024.09.11	00:45:46.875	0.84230	0.84252			6
2024.09.11	00:45:47.907	0.84229	0.84253			6
2024.09.11	00:45:52.638	0.84230	0.84252			6
2024.09.11	00:45:55.403	0.84229	0.84253			6
2024.09.11	00:46:02.207	0.84229				2
2024.09.11	00:46:20.903	0.84228	0.84254			6
2024.09.11	00:46:22.280	0.84229	0.84253			6
2024.09.11	00:46:36.803	0.84230	0.84252			6
2024.09.11	00:46:40.828	0.84229				2
2024.09.11	00:46:42.357		0.84253			4
2024.09.11	00:46:48.890		0.84252			4
2024.09.11	00:46:50.011		0.84253			4
2024.09.11	00:47:01.403	0.84229				2
2024.09.11	00:47:01.752	0.84226	0.84248			6
2024.09.11	00:47:03.206	0.84229	0.84252			6
2024.09.11	00:47:03.843	0.84228	0.84253			6
2024.09.11	00:47:05.603	0.84229				2
2024.09.11	00:47:13.194		0.84252			4
2024.09.11	00:47:15.075	0.84228	0.84253			6
2024.09.11	00:47:16.103	0.84229				2
2024.09.11	00:47:23.256		0.84252			4
2024.09.11	00:47:30.032	0.84230	0.84251			6
2024.09.11	00:47:30.803	0.84229	0.84252			6
2024.09.11	00:47:32.866		0.84253			4
2024.09.11	00:47:33.515	0.84228				2
2024.09.11	00:47:34.283	0.84229	0.84252			6
2024.09.11	00:47:39.807		0.84253			4
2024.09.11	00:47:52.378	0.84230	0.84252			6
2024.09.11	00:47:55.877	0.84231	0.84251			6
2024.09.11	00:47:57.704	0.84230	0.84253			6
2024.09.11	00:48:00.369	0.84230				2
2024.09.11	00:48:09.070		0.84252			4
2024.09.11	00:48:09.505		0.84250			4
2024.09.11	00:48:20.923	0.84229				2
2024.09.11	00:48:23.475	0.84230				2
2024.09.11	00:48:30.890	0.84229				2
2024.09.11	00:48:32.352	0.84230				2
2024.09.11	00:48:32.891	0.84229				2
2024.09.11	00:48:35.006		0.84251			4
2024.09.11	00:48:39.219		0.84253			4
2024.09.11	00:48:45.763	0.84228	0.84254			6
2024.09.11	00:48:46.174	0.84229	0.84253			6
2024.09.11	00:49:04.881	0.84228	0.84254			6
2024.09.11	00:49:10.558	0.84227	0.84255			6
2024.09.11	00:49:15.419	0.84226	0.84256			6
2024.09.11	00:49:16.462	0.84227	0.84255			6
2024.09.11	00:49:23.571	0.84226	0.84256			6
2024.09.11	00:49:27.514	0.84227	0.84255			6
2024.09.11	00:49:28.893		0.84256			4
2024.09.11	00:49:29.304	0.84226	0.84257			6
2024.09.11	00:49:33.073	0.84227				2
2024.09.11	00:49:41.703	0.84228	0.84255			6
2024.09.11	00:49:49.706		0.84254			4
2024.09.11	00:49:52.109	0.84229				2
2024.09.11	00:49:53.172		0.84253			4
2024.09.11	00:49:54.209	0.84228	0.84254			6
2024.09.11	00:50:00.377	0.84228				2
2024.09.11	00:50:01.703		0.84255			4
2024.09.11	00:50:03.084	0.84227	0.84256			6
2024.09.11	00:50:03.433	0.84228				2
2024.09.11	00:50:03.750		0.84254			4
2024.09.11	00:50:04.104	0.84229	0.84256			6
2024.09.11	00:50:05.151	0.84228	0.84257			6
2024.09.11	00:50:06.970		0.84256			4
2024.09.11	00:50:11.006	0.84227	0.84257			6
2024.09.11	00:50:11.881	0.84228	0.84256			6
2024.09.11	00:50:15.510	0.84229				2
2024.09.11	00:50:32.303	0.84228				2
2024.09.11	00:50:43.027		0.84257			4
2024.09.11	00:50:43.951		0.84256			4
2024.09.11	00:50:50.008	0.84229				2
2024.09.11	00:50:58.120	0.84228	0.84257			6
2024.09.11	00:51:00.101	0.84228				2
2024.09.11	00:51:01.302	0.84227				2
2024.09.11	00:51:01.876	0.84228	0.84256			6
2024.09.11	00:51:05.009		0.84257			4
2024.09.11	00:51:06.970		0.84256			4
2024.09.11	00:51:09.815	0.84227	0.84257			6
2024.09.11	00:51:11.909	0.84228	0.84256			6
2024.09.11	00:51:14.458	0.84227	0.84257			6
2024.09.11	00:51:15.505	0.84228	0.84256			6
2024.09.11	00:51:25.571	0.84227				2
2024.09.11	00:51:28.408	0.84228				2
2024.09.11	00:51:40.385	0.84227				2
2024.09.11	00:51:41.431	0.84228				2
2024.09.11	00:51:43.340	0.84229	0.84255			6
2024.09.11	00:51:44.003		0.84254			4
2024.09.11	00:51:46.708	0.84228				2
2024.09.11	00:51:50.206		0.84255			4
2024.09.11	00:51:57.923		0.84254			4
2024.09.11	00:52:00.203	0.84229				2
2024.09.11	00:52:03.509	0.84228				2
2024.09.11	00:52:03.826	0.84229				2
2024.09.11	00:52:05.240		0.84256			4
2024.09.11	00:52:07.484	0.84228				2
2024.09.11	00:52:09.676	0.84229	0.84255			6
2024.09.11	00:52:11.008	0.84228				2
2024.09.11	00:52:12.122		0.84256			4
2024.09.11	00:52:28.111		0.84255			4
2024.09.11	00:52:38.242		0.84257			4
2024.09.11	00:52:38.785	0.84229	0.84255			6
2024.09.11	00:52:40.499	0.84228				2
2024.09.11	00:52:41.225	0.84230	0.84253			6
2024.09.11	00:52:42.511	0.84227	0.84258			6
2024.09.11	00:52:42.824	0.84229	0.84255			6
2024.09.11	00:52:46.540	0.84228	0.84256			6
2024.09.11	00:52:46.999		0.84255			4
2024.09.11	00:52:47.320		0.84257			4
2024.09.11	00:52:48.315	0.84227	0.84256			6
2024.09.11	00:52:48.654	0.84228	0.84255			6
2024.09.11	00:52:59.318		0.84256			4
2024.09.11	00:53:00.361	0.84228				2
2024.09.11	00:53:00.803	0.84227				2
2024.09.11	00:53:02.904	0.84228				2
2024.09.11	00:53:08.172	0.84227				2
2024.09.11	00:53:09.411		0.84257			4
2024.09.11	00:53:13.269	0.84228	0.84256			6
2024.09.11	00:53:16.242	0.84229	0.84253			6
2024.09.11	00:53:17.952	0.84227	0.84255			6
2024.09.11	00:53:26.643	0.84228	0.84254			6
2024.09.11	00:53:27.187		0.84255			4
2024.09.11	00:53:28.105		0.84256			4
2024.09.11	00:53:30.068	0.84229	0.84255			6
2024.09.11	00:53:31.274	0.84230	0.84254			6
2024.09.11	00:53:32.905	0.84229	0.84255			6
2024.09.11	00:53:35.606	0.84230	0.84254			6
2024.09.11	00:53:37.303	0.84229	0.84255			6
2024.09.11	00:53:38.344		0.84256			4
2024.09.11	00:53:39.907	0.84230	0.84261			6
2024.09.11	00:53:40.231	0.84229				2
2024.09.11	00:53:40.780	0.84228	0.84262			6
2024.09.11	00:53:41.438	0.84229				2
2024.09.11	00:53:43.048	0.84231	0.84257			6
2024.09.11	00:53:43.362	0.84230	0.84263			6
2024.09.11	00:53:44.528	0.84229	0.84264			6
2024.09.11	00:53:45.829		0.84265			4
2024.09.11	00:53:46.332		0.84261			4
2024.09.11	00:53:46.646		0.84266			4
2024.09.11	00:53:48.679		0.84261			4
2024.09.11	00:53:49.271		0.84264			4
2024.09.11	00:53:50.645	0.84232	0.84262			6
2024.09.11	00:53:54.469	0.84231	0.84263			6
2024.09.11	00:53:55.962	0.84234	0.84264			6
2024.09.11	00:53:57.812	0.84235				2
2024.09.11	00:53:59.449	0.84234	0.84263			6
2024.09.11	00:54:00.802	0.84234				2
2024.09.11	00:54:01.403		0.84264			4
2024.09.11	00:54:03.558	0.84232				2
2024.09.11	00:54:03.867	0.84231	0.84265			6
2024.09.11	00:54:04.492	0.84233	0.84264			6
2024.09.11	00:54:04.806	0.84234	0.84262			6
2024.09.11	00:54:05.189		0.84265			4
2024.09.11	00:54:06.377		0.84264			4
2024.09.11	00:54:07.231		0.84263			4
2024.09.11	00:54:08.182	0.84233	0.84265			6
2024.09.11	00:54:09.506	0.84234				2
2024.09.11	00:54:11.508		0.84261			4
2024.09.11	00:54:12.805	0.84233	0.84262			6
2024.09.11	00:54:13.500	0.84234	0.84265			6
2024.09.11	00:54:15.132	0.84231	0.84263			6
2024.09.11	00:54:15.504		0.84262			4
2024.09.11	00:54:16.836	0.84230	0.84260			6
2024.09.11	00:54:17.604	0.84229				2
2024.09.11	00:54:19.411	0.84230	0.84259			6
2024.09.11	00:54:20.947		0.84258			4
2024.09.11	00:54:22.501		0.84261			4
2024.09.11	00:54:24.207		0.84262			4
2024.09.11	00:54:26.233		0.84258			4
2024.09.11	00:54:34.485	0.84231	0.84259			6
2024.09.11	00:54:36.803	0.84230				2
2024.09.11	00:54:38.903	0.84231	0.84265			6
2024.09.11	00:54:39.222		0.84264			4
2024.09.11	00:54:39.582	0.84233	0.84263			6
2024.09.11	00:54:39.984	0.84232	0.84269			6
2024.09.11	00:54:42.140	0.84231	0.84259			6
2024.09.11	00:54:44.604		0.84258			4
2024.09.11	00:54:47.181		0.84261			4
2024.09.11	00:54:51.389		0.84258			4
2024.09.11	00:55:00.405	0.84231				2
2024.09.11	00:55:00.801		0.84259			4
2024.09.11	00:55:02.300	0.84232	0.84257			6
2024.09.11	00:55:19.598	0.84231	0.84258			6
2024.09.11	00:55:20.609	0.84232	0.84257			6
2024.09.11	00:55:23.320	0.84231	0.84258			6
2024.09.11	00:55:25.285		0.84255			4
2024.09.11	00:55:26.007		0.84254			4
2024.09.11	00:55:27.241		0.84255			4
2024.09.11	00:55:27.803	0.84230	0.84256			6
2024.09.11	00:55:36.411		0.84255			4
2024.09.11	00:55:41.001		0.84256			4
2024.09.11	00:55:42.128	0.84229	0.84257			6
2024.09.11	00:55:43.173	0.84228	0.84258			6
2024.09.11	00:55:45.372	0.84230	0.84257			6
2024.09.11	00:55:47.008	0.84229				2
2024.09.11	00:55:47.769	0.84230				2
2024.09.11	00:55:49.216		0.84256			4
2024.09.11	00:55:53.858	0.84231	0.84255			6
2024.09.11	00:55:57.121	0.84230				2
2024.09.11	00:55:59.060		0.84256			4
2024.09.11	00:56:01.461	0.84230				2
2024.09.11	00:56:02.606		0.84255			4
2024.09.11	00:56:08.346	0.84229	0.84259			6
2024.09.11	00:56:12.240	0.84228	0.84256			6
2024.09.11	00:56:13.877	0.84229	0.84255			6
2024.09.11	00:56:16.406	0.84228	0.84256			6
2024.09.11	00:56:18.672	0.84229	0.84255			6
2024.09.11	00:56:24.007	0.84228	0.84256			6
2024.09.11	00:56:28.275	0.84229	0.84255			6
2024.09.11	00:56:30.310	0.84228	0.84260			6
2024.09.11	00:56:30.941	0.84227				2
2024.09.11	00:56:31.459		0.84257			4
2024.09.11	00:56:32.489	0.84230				2
2024.09.11	00:56:32.837	0.84231	0.84258			6
2024.09.11	00:56:33.341	0.84228	0.84260			6
2024.09.11	00:56:33.642	0.84227				2
2024.09.11	00:56:35.523	0.84229	0.84258			6
2024.09.11	00:56:36.015	0.84228	0.84260			6
2024.09.11	00:56:36.504	0.84227	0.84259			6
2024.09.11	00:56:38.609	0.84229	0.84257			6
2024.09.11	00:56:39.594	0.84228	0.84259			6
2024.09.11	00:56:53.009	0.84227				2
2024.09.11	00:57:00.404	0.84229	0.84257			6
2024.09.11	00:57:00.733	0.84228	0.84258			6
2024.09.11	00:57:01.062	0.84229	0.84257			6
2024.09.11	00:57:01.397	0.84228	0.84258			6
2024.09.11	00:57:05.004	0.84229				2
2024.09.11	00:57:07.283		0.84257			4
2024.09.11	00:57:10.292	0.84230	0.84256			6
2024.09.11	00:57:17.840	0.84231	0.84255			6
2024.09.11	00:57:19.890		0.84256			4
2024.09.11	00:57:20.496	0.84230				2
2024.09.11	00:57:21.369		0.84254			4
2024.09.11	00:57:23.309		0.84255			4
2024.09.11	00:57:25.710		0.84254			4
2024.09.11	00:57:28.453	0.84231				2
2024.09.11	00:57:29.214	0.84230	0.84255			6
2024.09.11	00:57:35.004	0.84231	0.84254			6
2024.09.11	00:57:38.309	0.84230				2
2024.09.11	00:57:39.076	0.84231	0.84255			6
2024.09.11	00:57:39.802		0.84254			4
2024.09.11	00:57:42.505		0.84253			4
2024.09.11	00:57:44.181	0.84230	0.84254			6
2024.09.11	00:57:45.057	0.84231	0.84253			6
2024.09.11	00:57:46.525	0.84230	0.84254			6
2024.09.11	00:57:46.978	0.84231	0.84253			6
2024.09.11	00:57:48.969		0.84254			4
2024.09.11	00:57:50.905	0.84232	0.84253			6
2024.09.11	00:58:00.070	0.84231	0.84254			6
2024.09.11	00:58:02.172	0.84232	0.84253			6
2024.09.11	00:58:09.371	0.84233	0.84252			6
2024.09.11	00:58:27.582	0.84232	0.84253			6
2024.09.11	00:58:33.804	0.84233				2
2024.09.11	00:58:37.472	0.84232				2
2024.09.11	00:58:39.374	0.84231				2
2024.09.11	00:58:39.774		0.84252			4
2024.09.11	00:58:44.653	0.84234	0.84254			6
2024.09.11	00:58:45.286	0.84235	0.84255			6
2024.09.11	00:58:45.803	0.84236	0.84256			6
2024.09.11	00:58:48.203		0.84255			4
2024.09.11	00:58:49.545	0.84235	0.84254			6
2024.09.11	00:58:50.312	0.84236	0.84255			6
2024.09.11	00:58:52.659		0.84256			4
2024.09.11	00:59:00.025	0.84237				2
2024.09.11	00:59:10.272	0.84236				2
2024.09.11	00:59:11.647		0.84257			4
2024.09.11	00:59:12.954		0.84256			4
2024.09.11	00:59:25.250		0.84255			4
2024.09.11	00:59:26.004	0.84237	0.84256			6
2024.09.11	00:59:27.276	0.84238	0.84258			6
2024.09.11	00:59:28.341	0.84239	0.84259			6
2024.09.11	00:59:29.375	0.84240	0.84260			6
2024.09.11	00:59:30.313	0.84239	0.84261			6
2024.09.11	00:59:30.685	0.84240	0.84262			6
2024.09.11	00:59:33.642	0.84241	0.84263			6
2024.09.11	00:59:36.253	0.84244	0.84266			6
2024.09.11	00:59:36.557	0.84246	0.84268			6
2024.09.11	00:59:38.501	0.84247	0.84269			6
2024.09.11	00:59:42.503	0.84248	0.84271			6
2024.09.11	00:59:43.281	0.84249				2
2024.09.11	00:59:46.565	0.84248	0.84270			6
2024.09.11	00:59:46.919		0.84265			4
2024.09.11	00:59:47.996		0.84271			4
2024.09.11	00:59:48.965		0.84265			4
2024.09.11	00:59:51.181		0.84264			4
2024.09.11	00:59:55.703	0.84246	0.84262			6
2024.09.11	01:00:00.245	0.84239	0.84272			6
2024.09.11	01:00:01.212	0.84235	0.84265			6
2024.09.11	01:00:01.523	0.84238				2
2024.09.11	01:00:01.831	0.84239	0.84271			6
2024.09.11	01:00:02.141	0.84235	0.84266			6
2024.09.11	01:00:02.472	0.84236				2
2024.09.11	01:00:03.171	0.84238				2
2024.09.11	01:00:03.597	0.84242	0.84270			6
2024.09.11	01:00:05.505		0.84269			4
2024.09.11	01:00:05.860		0.84270			4
2024.09.11	01:00:06.477	0.84244	0.84268			6
2024.09.11	01:00:06.873		0.84269			4
2024.09.11	01:00:08.222		0.84268			4
2024.09.11	01:00:08.606	0.84248				2
2024.09.11	01:00:09.383		0.84269			4
2024.09.11	01:00:09.780		0.84273			4
2024.09.11	01:00:10.083	0.84249				2
2024.09.11	01:00:10.384	0.84248	0.84269			6
2024.09.11	01:00:11.794	0.84249				2
2024.09.11	01:00:13.040	0.84248				2
2024.09.11	01:00:13.793	0.84249	0.84267			6
2024.09.11	01:00:14.104	0.84247				2
2024.09.11	01:00:14.463	0.84241	0.84263			6
2024.09.11	01:00:14.858	0.84239				2
2024.09.11	01:00:15.175		0.84262			4
2024.09.11	01:00:15.865	0.84236				2
2024.09.11	01:00:17.301		0.84276			4
2024.09.11	01:00:17.615		0.84259			4
2024.09.11	01:00:18.781		0.84257			4
2024.09.11	01:00:20.981	0.84235				2
2024.09.11	01:00:23.174		0.84256			4
2024.09.11	01:00:23.852	0.84236	0.84255			6
2024.09.11	01:00:24.328		0.84254			4
2024.09.11	01:00:25.171		0.84255			4
2024.09.11	01:00:25.639		0.84254			4
2024.09.11	01:00:26.156	0.84235				2
2024.09.11	01:00:30.358		0.84255			4
2024.09.11	01:00:31.852	0.84236				2
2024.09.11	01:00:32.381		0.84253			4
2024.09.11	01:00:33.342		0.84255			4
2024.09.11	01:00:36.378	0.84235	0.84253			6
2024.09.11	01:00:42.803		0.84254			4
2024.09.11	01:00:43.108	0.84238	0.84251			6
2024.09.11	01:00:43.423	0.84236	0.84250			6
2024.09.11	01:00:43.738	0.84239	0.84254			6
2024.09.11	01:00:44.102	0.84237	0.84247			6
2024.09.11	01:00:44.432		0.84246			4
2024.09.11	01:00:44.997		0.84248			4
2024.09.11	01:00:51.524	0.84242	0.84252			6
2024.09.11	01:00:56.976	0.84240				2
2024.09.11	01:00:57.500	0.84243				2
2024.09.11	01:01:00.316	0.84243				2
2024.09.11	01:01:00.762	0.84241				2
2024.09.11	01:01:02.800	0.84243				2
2024.09.11	01:01:03.295	0.84242				2
2024.09.11	01:01:08.326	0.84240				2
2024.09.11	01:01:08.860	0.84242				2
2024.09.11	01:01:10.388	0.84240				2
2024.09.11	01:01:10.919	0.84243				2
2024.09.11	01:01:14.295	0.84244	0.84255			6
2024.09.11	01:01:28.929	0.84243				2
2024.09.11	01:01:31.442	0.84242	0.84252			6
2024.09.11	01:01:41.523	0.84243				2
2024.09.11	01:01:42.500	0.84244				2
2024.09.11	01:01:43.157	0.84243				2
2024.09.11	01:01:50.157	0.84244				2
2024.09.11	01:01:52.388	0.84243				2
2024.09.11	01:02:00.912	0.84244				2
2024.09.11	01:02:01.551	0.84245				2
2024.09.11	01:02:08.600	0.84246	0.84254			6
2024.09.11	01:02:08.938	0.84245				2
2024.09.11	01:02:12.694	0.84246				2
2024.09.11	01:02:13.381		0.84256			4
2024.09.11	01:02:13.693	0.84247				2
2024.09.11	01:02:14.115		0.84255			4
2024.09.11	01:02:14.695	0.84243	0.84251			6
2024.09.11	01:02:15.007	0.84241	0.84249			6
2024.09.11	01:02:16.045	0.84240				2
2024.09.11	01:02:20.357		0.84253			4
2024.09.11	01:02:21.203		0.84249			4
2024.09.11	01:02:30.699	0.84242				2
2024.09.11	01:02:40.958	0.84243	0.84252			6
2024.09.11	01:02:43.632	0.84241				2
2024.09.11	01:02:45.809		0.84253			4
2024.09.11	01:02:46.553		0.84252			4
2024.09.11	01:02:49.364	0.84243				2
2024.09.11	01:02:55.868	0.84241				2
2024.09.11	01:02:59.124	0.84243				2
2024.09.11	01:03:00.429	0.84244				2
2024.09.11	01:03:23.068	0.84246	0.84253			6
2024.09.11	01:03:24.505	0.84244	0.84252			6
2024.09.11	01:03:38.260	0.84240	0.84247			6
2024.09.11	01:03:38.599	0.84237				2
2024.09.11	01:03:50.354	0.84240	0.84251			6
2024.09.11	01:03:50.665	0.84241				2
2024.09.11	01:03:51.418		0.84250			4
2024.09.11	01:03:54.207	0.84240				2
2024.09.11	01:03:54.874		0.84251			4
2024.09.11	01:04:03.803	0.84240				2
2024.09.11	01:04:25.571	0.84241	0.84249			6
2024.09.11	01:04:27.376		0.84252			4
2024.09.11	01:04:30.660	0.84248	0.84255			6
2024.09.11	01:04:31.038		0.84254			4
2024.09.11	01:04:31.819	0.84247				2
2024.09.11	01:04:32.303		0.84256			4
2024.09.11	01:04:32.634	0.84248				2
2024.09.11	01:04:33.123	0.84247	0.84257			6
2024.09.11	01:04:37.106		0.84258			4
2024.09.11	01:04:39.195	0.84248				2
2024.09.11	01:04:42.367		0.84257			4
2024.09.11	01:04:47.814		0.84258			4
2024.09.11	01:04:48.505		0.84257			4
2024.09.11	01:04:56.986	0.84249	0.84255			6
2024.09.11	01:04:58.446		0.84256			4
2024.09.11	01:05:01.103	0.84249				2
2024.09.11	01:05:01.531	0.84248				2
2024.09.11	01:05:06.453	0.84252	0.84258			6
2024.09.11	01:05:06.756		0.84259			4
2024.09.11	01:05:07.086		0.84261			4
2024.09.11	01:05:15.386	0.84251	0.84260			6
2024.09.11	01:05:15.730	0.84250				2
2024.09.11	01:05:17.714		0.84259			4
2024.09.11	01:05:19.103	0.84251				2
2024.09.11	01:05:26.007		0.84260			4
2024.09.11	01:05:41.663		0.84259			4
2024.09.11	01:05:49.199		0.84261			4
2024.09.11	01:05:49.703	0.84252				2
2024.09.11	01:05:50.079		0.84260			4
2024.09.11	01:06:01.631	0.84252				2
2024.09.11	01:06:08.976	0.84253	0.84263			6
2024.09.11	01:06:09.481		0.84264			4
2024.09.11	01:06:24.503		0.84263			4
2024.09.11	01:06:26.317	0.84252	0.84259			6
2024.09.11	01:06:27.803	0.84253				2
2024.09.11	01:06:31.920	0.84252				2
2024.09.11	01:06:34.909		0.84261			4
2024.09.11	01:06:35.609	0.84253				2
2024.09.11	01:06:38.003	0.84254				2
2024.09.11	01:06:50.906	0.84253				2
2024.09.11	01:06:53.566	0.84254	0.84262			6
2024.09.11	01:06:54.541		0.84263			4
2024.09.11	01:07:02.602	0.84254				2
2024.09.11	01:07:31.350	0.84256				2
2024.09.11	01:07:31.656	0.84257				2
2024.09.11	01:07:33.205	0.84259	0.84264			6
2024.09.11	01:08:00.400	0.84259				2
2024.09.11	01:08:22.803	0.84258				2
2024.09.11	01:08:28.895		0.84266			4
2024.09.11	01:08:36.588	0.84259				2
2024.09.11	01:08:41.903	0.84260	0.84267			6
2024.09.11	01:08:49.727	0.84259				2
2024.09.11	01:08:51.806	0.84260				2
2024.09.11	01:09:00.396	0.84260				2
2024.09.11	01:09:42.342		0.84267			4
2024.09.11	01:09:48.795	0.84255	0.84262			6
2024.09.11	01:09:49.413	0.84254	0.84261			6
2024.09.11	01:09:53.008	0.84253				2
2024.09.11	01:09:57.396		0.84260			4
2024.09.11	01:10:00.370	0.84253				2
2024.09.11	01:10:04.024		0.84261			4
2024.09.11	01:10:04.373	0.84254				2
2024.09.11	01:10:07.449		0.84262			4
2024.09.11	01:10:08.018	0.84255				2
2024.09.11	01:10:12.810	0.84254				2
2024.09.11	01:11:02.032	0.84254				2
2024.09.11	01:11:08.907		0.84262			4
2024.09.11	01:11:14.608		0.84263			4
2024.09.11	01:11:15.613		0.84262			4
2024.09.11	01:11:19.103	0.84253				2
2024.09.11	01:11:29.605	0.84254				2
2024.09.11	01:11:33.958	0.84252	0.84261			6
2024.09.11	01:11:38.303	0.84251				2
2024.09.11	01:11:43.651	0.84253				2
2024.09.11	01:11:49.103	0.84252				2
2024.09.11	01:12:00.441	0.84252				2
2024.09.11	01:12:14.093	0.84251				2
2024.09.11	01:12:15.746	0.84252				2
2024.09.11	01:12:19.159	0.84251				2
2024.09.11	01:12:34.156		0.84261			4
2024.09.11	01:12:53.906		0.84260			4
2024.09.11	01:12:54.929	0.84246	0.84254			6
2024.09.11	01:12:57.505	0.84245	0.84253			6
2024.09.11	01:13:00.112	0.84245				2
2024.09.11	01:13:02.399		0.84252			4
2024.09.11	01:13:03.266	0.84243				2
2024.09.11	01:13:13.704	0.84244				2
2024.09.11	01:13:14.352		0.84251			4
2024.09.11	01:13:14.990		0.84252			4
2024.09.11	01:13:19.599	0.84243				2
2024.09.11	01:13:23.092	0.84242				2
2024.09.11	01:13:23.659	0.84241	0.84249			6
2024.09.11	01:13:23.965	0.84240	0.84248			6
2024.09.11	01:13:26.360	0.84241				2
2024.09.11	01:13:29.375	0.84240	0.84249			6
2024.09.11	01:13:35.310	0.84241				2
2024.09.11	01:13:48.204	0.84240				2
2024.09.11	01:13:58.879	0.84249	0.84259			6
2024.09.11	01:13:59.195	0.84252				2
2024.09.11	01:14:00.315	0.84252				2
2024.09.11	01:14:12.512	0.84253				2
2024.09.11	01:14:26.372	0.84252				2
2024.09.11	01:14:35.392	0.84250	0.84256			6
2024.09.11	01:14:36.683	0.84249				2
2024.09.11	01:14:47.630		0.84257			4
2024.09.11	01:14:48.075		0.84256			4
2024.09.11	01:14:49.710	0.84248				2
2024.09.11	01:14:51.511	0.84249				2
2024.09.11	01:14:55.583		0.84257			4
2024.09.11	01:14:55.884		0.84258			4
2024.09.11	01:14:57.134		0.84257			4
2024.09.11	01:15:00.322	0.84250	0.84256			6
2024.09.11	01:15:02.874	0.84251				2
2024.09.11	01:15:03.922	0.84250				2
2024.09.11	01:15:06.408	0.84249				2
2024.09.11	01:15:10.529	0.84248	0.84253			6
2024.09.11	01:15:10.836	0.84245				2
2024.09.11	01:15:14.194	0.84246				2
2024.09.11	01:15:19.703	0.84245				2
2024.09.11	01:15:22.483	0.84247	0.84254			6
2024.09.11	01:15:33.207	0.84248				2
2024.09.11	01:15:50.801	0.84247				2
2024.09.11	01:15:59.022	0.84248				2
2024.09.11	01:15:59.557	0.84245	0.84248			6
2024.09.11	01:16:00.368	0.84245				2
2024.09.11	01:16:00.804	0.84244				2
2024.09.11	01:16:10.784		0.84247			4
2024.09.11	01:16:14.304	0.84243				2
2024.09.11	01:16:14.908		0.84249			4
2024.09.11	01:16:15.818	0.84244				2
2024.09.11	01:16:36.127	0.84243	0.84248			6
2024.09.11	01:16:41.539		0.84249			4
2024.09.11	01:16:58.403	0.84244				2
2024.09.11	01:17:00.432	0.84244				2
2024.09.11	01:17:42.980		0.84250			4
2024.09.11	01:18:00.686	0.84244	0.84249			6
2024.09.11	01:18:14.981	0.84246	0.84252			6
2024.09.11	01:18:21.592		0.84250			4
2024.09.11	01:18:36.803	0.84247				2
2024.09.11	01:18:37.961		0.84252			4
2024.09.11	01:18:52.617		0.84253			4
2024.09.11	01:18:57.418		0.84252			4
2024.09.11	01:19:00.184	0.84247				2
2024.09.11	01:19:00.804	0.84246				2
2024.09.11	01:19:09.561	0.84247	0.84253			6
2024.09.11	01:19:09.914	0.84246	0.84252			6
2024.09.11	01:19:24.832	0.84245	0.84253			6
2024.09.11	01:19:26.921	0.84246	0.84252			6
2024.09.11	01:19:35.605	0.84245				2
2024.09.11	01:19:42.001	0.84246				2
2024.09.11	01:20:00.381	0.84246				2
2024.09.11	01:20:03.467	0.84247				2
2024.09.11	01:20:05.045		0.84253			4
2024.09.11	01:20:10.472	0.84246	0.84252			6
2024.09.11	01:20:23.305	0.84247				2
2024.09.11	01:20:44.610	0.84246				2
2024.09.11	01:21:00.048	0.84246				2
2024.09.11	01:21:10.621		0.84252			4
2024.09.11	01:21:27.803		0.84251			4
2024.09.11	01:21:37.106		0.84252			4
2024.09.11	01:21:39.670	0.84248	0.84254			6
2024.09.11	01:21:39.983	0.84249	0.84255			6
2024.09.11	01:21:41.905	0.84250				2
2024.09.11	01:21:43.060	0.84251				2
2024.09.11	01:21:43.958		0.84256			4
2024.09.11	01:21:52.431	0.84250				2
2024.09.11	01:22:01.081	0.84249	0.84254			6
2024.09.11	01:22:02.220	0.84248				2
2024.09.11	01:22:06.206	0.84249				2
2024.09.11	01:22:14.793	0.84248				2
2024.09.11	01:22:18.158	0.84249				2
2024.09.11	01:22:44.606		0.84255			4
2024.09.11	01:22:50.905		0.84254			4
2024.09.11	01:22:51.630		0.84253			4
2024.09.11	01:23:00.187	0.84249	0.84254			6
2024.09.11	01:23:05.374	0.84248				2
2024.09.11	01:23:05.906	0.84249				2
2024.09.11	01:23:10.899	0.84248				2
2024.09.11	01:23:13.811		0.84255			4
2024.09.11	01:23:14.574	0.84250	0.84256			6
2024.09.11	01:23:25.349	0.84251	0.84255			6
2024.09.11	01:23:29.009	0.84252				2
2024.09.11	01:23:30.387	0.84250	0.84256			6
2024.09.11	01:23:30.705	0.84252				2
2024.09.11	01:23:32.906	0.84251				2
2024.09.11	01:23:43.704	0.84250				2
2024.09.11	01:23:50.004		0.84258			4
2024.09.11	01:23:58.703	0.84251				2
2024.09.11	01:23:59.005	0.84252				2
2024.09.11	01:23:59.627	0.84251				2
2024.09.11	01:24:00.366	0.84251				2
2024.09.11	01:24:05.031	0.84252	0.84257			6
2024.09.11	01:24:07.403	0.84251	0.84256			6
2024.09.11	01:24:15.971	0.84250	0.84258			6
2024.09.11	01:24:16.284	0.84251				2
2024.09.11	01:24:16.624	0.84252	0.84257			6
2024.09.11	01:24:17.370	0.84251	0.84256			6
2024.09.11	01:24:18.024		0.84255			4
2024.09.11	01:24:19.703	0.84250				2
2024.09.11	01:24:20.049	0.84249	0.84254			6
2024.09.11	01:24:30.817	0.84248				2
2024.09.11	01:24:36.806	0.84249				2
2024.09.11	01:24:39.795	0.84248				2
2024.09.11	01:24:40.308	0.84249				2
2024.09.11	01:25:01.641	0.84249				2
2024.09.11	01:25:04.131	0.84247	0.84253			6
2024.09.11	01:25:05.377	0.84249	0.84254			6
2024.09.11	01:25:14.394	0.84247	0.84252			6
2024.09.11	01:25:22.027		0.84253			4
2024.09.11	01:25:28.757	0.84246	0.84252			6
2024.09.11	01:25:35.198	0.84247	0.84253			6
2024.09.11	01:25:43.105	0.84246	0.84252			6
2024.09.11	01:25:47.340		0.84253			4
2024.09.11	01:25:52.783		0.84252			4
2024.09.11	01:26:00.203	0.84246				2
2024.09.11	01:26:12.398	0.84247	0.84253			6
2024.09.11	01:26:20.903	0.84246				2
2024.09.11	01:26:24.351	0.84247				2
2024.09.11	01:26:36.587	0.84248				2
2024.09.11	01:26:37.142		0.84254			4
2024.09.11	01:26:41.006	0.84247	0.84253			6
2024.09.11	01:27:00.908	0.84247				2
2024.09.11	01:27:04.269		0.84252			4
2024.09.11	01:27:09.806	0.84246				2
2024.09.11	01:27:18.511		0.84251			4
2024.09.11	01:27:22.966	0.84244	0.84250			6
2024.09.11	01:27:27.802	0.84245				2
2024.09.11	01:27:29.761	0.84244				2
2024.09.11	01:27:35.005	0.84245				2
2024.09.11	01:27:37.174	0.84244	0.84249			6
2024.09.11	01:27:54.158	0.84243				2
2024.09.11	01:27:57.024	0.84244				2
2024.09.11	01:27:59.602	0.84243	0.84248			6
2024.09.11	01:28:00.127	0.84243				2
2024.09.11	01:28:08.600	0.84242	0.84249			6
2024.09.11	01:28:13.602	0.84243				2
2024.09.11	01:28:23.834	0.84242				2
2024.09.11	01:28:33.804	0.84243				2
2024.09.11	01:28:36.291		0.84248			4
2024.09.11	01:28:42.437		0.84249			4
2024.09.11	01:28:42.748	0.84242	0.84247			6
2024.09.11	01:28:43.921	0.84241	0.84246			6
2024.09.11	01:28:58.924	0.84242	0.84249			6
2024.09.11	01:29:00.202	0.84243				2
2024.09.11	01:29:04.047	0.84246	0.84251			6
2024.09.11	01:29:04.369	0.84247				2
2024.09.11	01:29:05.765	0.84246				2
2024.09.11	01:29:07.712	0.84245	0.84250			6
2024.09.11	01:29:08.332		0.84251			4
2024.09.11	01:29:08.765	0.84246				2
2024.09.11	01:29:17.933	0.84245	0.84250			6
2024.09.11	01:29:19.893	0.84246	0.84251			6
2024.09.11	01:29:24.296		0.84250			4
2024.09.11	01:29:31.703	0.84245				2
2024.09.11	01:29:32.010	0.84246	0.84252			6
2024.09.11	01:29:36.017	0.84247				2
2024.09.11	01:29:39.126	0.84246	0.84253			6
2024.09.11	01:29:40.127	0.84247				2
2024.09.11	01:29:47.719	0.84249				2
2024.09.11	01:29:52.936	0.84250				2
2024.09.11	01:29:53.448	0.84249				2
2024.09.11	01:29:57.524	0.84250				2
2024.09.11	01:29:57.868	0.84249				2
2024.09.11	01:30:00.309	0.84249				2
2024.09.11	01:30:00.661	0.84250				2
2024.09.11	01:30:01.171	0.84249	0.84252			6
2024.09.11	01:30:01.532	0.84248				2
2024.09.11	01:30:03.301	0.84249				2
2024.09.11	01:30:04.272		0.84253			4
2024.09.11	01:30:04.860		0.84252			4
2024.09.11	01:30:22.863	0.84248	0.84251			6
2024.09.11	01:30:23.576		0.84252			4
2024.09.11	01:30:24.260	0.84249	0.84250			6
2024.09.11	01:30:28.542	0.84248				2
2024.09.11	01:30:28.846	0.84249				2
2024.09.11	01:30:39.508		0.84251			4
2024.09.11	01:30:43.342	0.84248				2
2024.09.11	01:30:43.748	0.84249				2
2024.09.11	01:30:48.059	0.84248				2
2024.09.11	01:30:48.370	0.84246	0.84249			6
2024.09.11	01:30:49.057	0.84245				2
2024.09.11	01:30:53.160		0.84248			4
2024.09.11	01:30:54.411	0.84244	0.84247			6
2024.09.11	01:30:54.960		0.84248			4
2024.09.11	01:30:57.503		0.84247			4
2024.09.11	01:30:59.790	0.84245	0.84248			6
2024.09.11	01:31:00.338	0.84245				2
2024.09.11	01:31:05.485	0.84244				2
2024.09.11	01:31:06.463		0.84247			4
2024.09.11	01:31:07.781		0.84248			4
2024.09.11	01:31:16.552		0.84247			4
2024.09.11	01:31:21.300	0.84245	0.84249			6
2024.09.11	01:31:25.774	0.84244				2
2024.09.11	01:31:30.744		0.84248			4
2024.09.11	01:31:36.380	0.84247	0.84249			6
2024.09.11	01:31:40.627	0.84246				2
2024.09.11	01:31:41.250	0.84247				2
2024.09.11	01:31:41.605	0.84246				2
2024.09.11	01:31:41.935	0.84247				2
2024.09.11	01:32:02.903	0.84247				2
2024.09.11	01:32:04.785	0.84246				2
2024.09.11	01:32:12.049	0.84244				2
2024.09.11	01:32:15.026		0.84248			4
2024.09.11	01:32:17.904		0.84247			4
2024.09.11	01:32:28.615	0.84243				2
2024.09.11	01:32:28.925	0.84244	0.84246			6
2024.09.11	01:32:29.498	0.84243				2
2024.09.11	01:32:35.003		0.84245			4
2024.09.11	01:32:42.369	0.84241				2
2024.09.11	01:32:46.563	0.84242				2
2024.09.11	01:32:53.991		0.84246			4
2024.09.11	01:33:02.507	0.84242				2
2024.09.11	01:33:06.804		0.84245			4
2024.09.11	01:33:27.089	0.84243				2
2024.09.11	01:33:30.376	0.84242	0.84247			6
2024.09.11	01:33:36.203		0.84246			4
2024.09.11	01:33:49.326	0.84243				2
2024.09.11	01:33:55.721	0.84242				2
2024.09.11	01:34:01.980	0.84242				2
2024.09.11	01:34:09.575	0.84243				2
2024.09.11	01:34:15.424	0.84242				2
2024.09.11	01:34:22.203	0.84243	0.84247			6
2024.09.11	01:34:45.211		0.84248			4
2024.09.11	01:34:59.009	0.84244				2
2024.09.11	01:35:02.334	0.84244				2
2024.09.11	01:35:05.914		0.84249			4
2024.09.11	01:35:08.167		0.84248			4
2024.09.11	01:35:20.083	0.84243				2
2024.09.11	01:35:20.539		0.84247			4
2024.09.11	01:35:42.626		0.84246			4
2024.09.11	01:35:56.454	0.84242				2
2024.09.11	01:36:03.110	0.84242				2
2024.09.11	01:36:13.721	0.84243				2
2024.09.11	01:36:23.070	0.84242				2
2024.09.11	01:36:35.950	0.84243				2
2024.09.11	01:36:38.803	0.84242				2
2024.09.11	01:36:39.597	0.84243				2
2024.09.11	01:36:43.930		0.84246			4
2024.09.11	01:37:00.023	0.84243				2
2024.09.11	01:37:02.895	0.84242				2
2024.09.11	01:37:09.386	0.84243	0.84245			6
2024.09.11	01:37:21.804		0.84246			4
2024.09.11	01:37:33.530	0.84244				2
2024.09.11	01:37:59.885		0.84247			4
2024.09.11	01:38:00.201	0.84243				2
2024.09.11	01:38:01.541	0.84244				2
2024.09.11	01:38:33.522	0.84245	0.84248			6
2024.09.11	01:39:02.690	0.84245				2
2024.09.11	01:39:15.858		0.84249			4
2024.09.11	01:39:29.275		0.84248			4
2024.09.11	01:40:00.427	0.84245				2
2024.09.11	01:40:08.556	0.84244				2
2024.09.11	01:40:19.041	0.84243				2
2024.09.11	01:40:23.097		0.84247			4
2024.09.11	01:40:31.617		0.84245			4
2024.09.11	01:40:33.437	0.84244	0.84247			6
2024.09.11	01:41:00.408	0.84244				2
2024.09.11	01:41:01.681		0.84246			4
2024.09.11	01:41:15.033	0.84242				2
2024.09.11	01:41:21.986	0.84241				2
2024.09.11	01:41:31.712	0.84242				2
2024.09.11	01:41:51.040	0.84241	0.84244			6
2024.09.11	01:41:51.346		0.84243			4
2024.09.11	01:41:54.153		0.84242			4
2024.09.11	01:42:00.891	0.84240				2
2024.09.11	01:42:11.395		0.84243			4
2024.09.11	01:42:12.851	0.84239				2
2024.09.11	01:42:13.226	0.84240	0.84244			6
2024.09.11	01:42:13.546	0.84241				2
2024.09.11	01:42:13.858	0.84240				2
2024.09.11	01:42:24.204	0.84241				2
2024.09.11	01:42:25.231		0.84245			4
2024.09.11	01:43:02.277	0.84241				2
2024.09.11	01:43:23.221		0.84244			4
2024.09.11	01:43:57.633		0.84245			4
2024.09.11	01:44:00.530	0.84239	0.84243			6
2024.09.11	01:44:00.880	0.84238	0.84242			6
2024.09.11	01:44:01.616		0.84243			4
2024.09.11	01:44:03.631	0.84237				2
2024.09.11	01:44:05.697	0.84238	0.84244			6
2024.09.11	01:44:09.958	0.84237				2
2024.09.11	01:44:28.752	0.84238				2
2024.09.11	01:44:35.979	0.84237				2
2024.09.11	01:44:39.372	0.84238				2
2024.09.11	01:45:01.586	0.84238				2
2024.09.11	01:45:06.219		0.84244			4
2024.09.11	01:45:11.037	0.84241	0.84246			6
2024.09.11	01:45:28.016	0.84242	0.84247			6
2024.09.11	01:45:36.208	0.84243				2
2024.09.11	01:45:53.903	0.84242				2
2024.09.11	01:45:56.477	0.84243	0.84248			6
2024.09.11	01:45:58.605	0.84242				2
2024.09.11	01:46:01.632	0.84242				2
2024.09.11	01:46:31.104	0.84241				2
2024.09.11	01:46:37.110		0.84247			4
2024.09.11	01:47:01.033	0.84241				2
2024.09.11	01:47:01.525		0.84248			4
2024.09.11	01:47:38.038	0.84242				2
2024.09.11	01:47:45.969	0.84241				2
2024.09.11	01:47:46.620	0.84242				2
2024.09.11	01:47:50.534		0.84249			4
2024.09.11	01:48:00.902	0.84242				2
2024.09.11	01:48:14.982		0.84248			4
2024.09.11	01:48:16.778	0.84243				2
2024.09.11	01:48:30.802	0.84244	0.84249			6
2024.09.11	01:48:42.476	0.84243				2
2024.09.11	01:48:47.467		0.84248			4
2024.09.11	01:48:55.710	0.84244				2
2024.09.11	01:49:03.091	0.84244				2
2024.09.11	01:49:07.129	0.84243				2
2024.09.11	01:49:07.708	0.84242				2
2024.09.11	01:49:09.880	0.84238	0.84243			6
2024.09.11	01:49:12.256	0.84239				2
2024.09.11	01:49:27.682	0.84238	0.84244			6
2024.09.11	01:49:27.982		0.84243			4
2024.09.11	01:49:29.604		0.84244			4
2024.09.11	01:49:38.112	0.84239				2
2024.09.11	01:49:43.036	0.84238				2
2024.09.11	01:49:48.022	0.84239				2
2024.09.11	01:49:48.549	0.84238				2
2024.09.11	01:49:52.223	0.84239				2
2024.09.11	01:50:00.740	0.84238				2
2024.09.11	01:50:01.368	0.84237	0.84243			6
2024.09.11	01:50:02.033	0.84238				2
2024.09.11	01:50:02.476		0.84244			4
2024.09.11	01:50:04.347		0.84243			4
2024.09.11	01:50:09.945	0.84239				2
2024.09.11	01:50:21.528		0.84242			4
2024.09.11	01:51:00.037	0.84239				2
2024.09.11	01:51:21.819		0.84242			4
2024.09.11	01:52:00.192	0.84239				2
2024.09.11	01:52:07.385		0.84244			4
2024.09.11	01:52:07.706	0.84243	0.84245			6
2024.09.11	01:52:14.794		0.84246			4
2024.09.11	01:52:23.761	0.84242	0.84245			6
2024.09.11	01:52:24.779	0.84243				2
2024.09.11	01:52:26.180		0.84246			4
2024.09.11	01:52:46.838		0.84245			4
2024.09.11	01:52:58.670		0.84244			4
2024.09.11	01:53:00.360	0.84243				2
2024.09.11	01:53:02.005	0.84241				2
2024.09.11	01:53:18.372	0.84242				2
2024.09.11	01:53:19.352	0.84241				2
2024.09.11	01:53:23.925	0.84242				2
2024.09.11	01:53:26.597	0.84241				2
2024.09.11	01:53:40.134	0.84242				2
2024.09.11	01:53:40.462	0.84241				2
2024.09.11	01:53:59.350		0.84244			4
2024.09.11	01:54:01.820	0.84241				2
2024.09.11	01:54:40.987	0.84243				2
2024.09.11	01:54:42.458		0.84245			4
2024.09.11	01:54:48.738		0.84246			4
2024.09.11	01:54:52.002	0.84242				2
2024.09.11	01:54:58.738		0.84245			4
2024.09.11	01:55:00.280	0.84242				2
2024.09.11	01:55:05.234		0.84246			4
2024.09.11	01:55:09.965	0.84243				2
2024.09.11	01:55:10.371	0.84242				2
2024.09.11	01:55:11.734		0.84245			4
2024.09.11	01:55:12.496	0.84243	0.84246			6
2024.09.11	01:55:15.436		0.84247			4
2024.09.11	01:55:22.609		0.84246			4
2024.09.11	01:55:24.736		0.84245			4
2024.09.11	01:55:31.180	0.84244				2
2024.09.11	01:55:39.254		0.84246			4
2024.09.11	01:55:42.337	0.84243	0.84245			6
2024.09.11	01:56:00.374	0.84243				2
2024.09.11	01:56:06.378	0.84242				2
2024.09.11	01:56:25.703	0.84243	0.84246			6
2024.09.11	01:56:28.493		0.84247			4
2024.09.11	01:56:28.816	0.84244	0.84249			6
2024.09.11	01:56:55.034		0.84247			4
2024.09.11	01:57:00.678	0.84244				2
2024.09.11	01:57:02.177		0.84248			4
2024.09.11	01:57:02.692	0.84243	0.84247			6
2024.09.11	01:57:23.594	0.84240	0.84243			6
2024.09.11	01:57:24.104	0.84241	0.84244			6
2024.09.11	01:57:24.415	0.84242	0.84245			6
2024.09.11	01:57:53.218	0.84244	0.84249			6
2024.09.11	01:57:55.367		0.84248			4
2024.09.11	01:58:01.632	0.84244				2
2024.09.11	01:58:02.186	0.84245				2
2024.09.11	01:58:11.691		0.84249			4
2024.09.11	01:58:26.030	0.84243	0.84248			6
2024.09.11	01:58:26.397	0.84244				2
2024.09.11	01:58:39.203		0.84249			4
2024.09.11	01:58:40.752		0.84248			4
2024.09.11	01:59:00.786	0.84244				2
2024.09.11	01:59:02.574	0.84243				2
2024.09.11	01:59:04.116	0.84242				2
2024.09.11	01:59:10.202	0.84243	0.84247			6
2024.09.11	01:59:11.179	0.84242				2
2024.09.11	01:59:15.672	0.84243				2
2024.09.11	01:59:17.657	0.84242				2
2024.09.11	01:59:17.968	0.84243				2
2024.09.11	01:59:19.387	0.84242				2
2024.09.11	01:59:21.516	0.84243				2
2024.09.11	01:59:27.884	0.84242				2
2024.09.11	01:59:30.932	0.84243				2
2024.09.11	01:59:53.190	0.84242				2
2024.09.11	01:59:53.566	0.84241	0.84246			6
2024.09.11	01:59:54.498	0.84242	0.84247			6
2024.09.11	02:00:00.368	0.84243				2
2024.09.11	02:00:06.380	0.84242				2
2024.09.11	02:00:07.513		0.84244			4
2024.09.11	02:00:13.220	0.84241				2
2024.09.11	02:00:39.261	0.84242				2
2024.09.11	02:00:41.124	0.84239	0.84242			6
2024.09.11	02:00:51.902	0.84240				2
2024.09.11	02:00:52.278	0.84239				2
2024.09.11	02:00:52.631	0.84241	0.84243			6
2024.09.11	02:01:01.628	0.84242				2
2024.09.11	02:01:02.113	0.84241	0.84245			6
2024.09.11	02:01:02.666	0.84242				2
2024.09.11	02:01:05.745	0.84243				2
2024.09.11	02:01:10.606	0.84242				2
2024.09.11	02:01:13.787	0.84243				2
2024.09.11	02:01:15.337	0.84242				2
2024.09.11	02:01:20.217	0.84243				2
2024.09.11	02:01:26.646	0.84242				2
2024.09.11	02:01:27.211	0.84243				2
2024.09.11	02:01:30.540	0.84242				2
2024.09.11	02:01:31.525		0.84246			4
2024.09.11	02:01:32.832	0.84243	0.84245			6
2024.09.11	02:01:34.261	0.84242				2
2024.09.11	02:01:47.252	0.84243				2
2024.09.11	02:01:54.742	0.84242				2
2024.09.11	02:02:00.378	0.84242				2
2024.09.11	02:02:29.800	0.84243				2
2024.09.11	02:02:30.383	0.84242				2
2024.09.11	02:02:30.773	0.84243				2
2024.09.11	02:02:33.819		0.84245			4
2024.09.11	02:02:38.937	0.84242	0.84244			6
2024.09.11	02:02:41.530		0.84245			4
2024.09.11	02:02:45.516		0.84244			4
2024.09.11	02:02:54.154	0.84240				2
2024.09.11	02:02:55.670	0.84242				2
2024.09.11	02:02:56.006	0.84241				2
2024.09.11	02:02:57.143		0.84243			4
2024.09.11	02:03:00.437	0.84241				2
2024.09.11	02:03:01.526	0.84240				2
2024.09.11	02:03:15.776		0.84245			4
2024.09.11	02:03:20.990		0.84244			4
2024.09.11	02:03:22.301	0.84241				2
2024.09.11	02:03:26.067	0.84240				2
2024.09.11	02:03:36.183		0.84243			4
2024.09.11	02:03:40.523	0.84239	0.84242			6
2024.09.11	02:03:42.428	0.84238				2
2024.09.11	02:03:43.470	0.84239				2
2024.09.11	02:03:49.457		0.84241			4
2024.09.11	02:03:52.541	0.84240				2
2024.09.11	02:04:00.376	0.84240				2
2024.09.11	02:04:19.397	0.84241	0.84243			6
2024.09.11	02:04:21.923	0.84240	0.84244			6
2024.09.11	02:04:23.407	0.84241	0.84243			6
2024.09.11	02:04:24.088	0.84243	0.84245			6
2024.09.11	02:04:38.392		0.84247			4
2024.09.11	02:04:42.735		0.84245			4
2024.09.11	02:04:43.077		0.84246			4
2024.09.11	02:04:47.668		0.84247			4
2024.09.11	02:04:48.223		0.84248			4
2024.09.11	02:04:50.180	0.84244				2
2024.09.11	02:04:55.014		0.84247			4
2024.09.11	02:04:59.602		0.84246			4
2024.09.11	02:05:00.210	0.84244				2
2024.09.11	02:05:05.375		0.84247			4
2024.09.11	02:05:08.477		0.84248			4
2024.09.11	02:05:10.362		0.84247			4
2024.09.11	02:05:15.017		0.84246			4
2024.09.11	02:05:41.524		0.84245			4
2024.09.11	02:06:00.603	0.84244				2
2024.09.11	02:06:15.960		0.84246			4
2024.09.11	02:06:41.528		0.84245			4
2024.09.11	02:06:50.272	0.84243				2
2024.09.11	02:06:51.529		0.84246			4
2024.09.11	02:06:57.368	0.84244				2
2024.09.11	02:07:00.881	0.84244				2
2024.09.11	02:07:01.627		0.84247			4
2024.09.11	02:07:01.994	0.84245				2
2024.09.11	02:07:15.815	0.84248	0.84251			6
2024.09.11	02:07:21.452		0.84250			4
2024.09.11	02:07:22.718		0.84251			4
2024.09.11	02:07:33.924		0.84250			4
2024.09.11	02:07:39.461		0.84251			4
2024.09.11	02:07:42.958	0.84249				2
2024.09.11	02:07:43.794	0.84248				2
2024.09.11	02:08:01.524	0.84248				2
2024.09.11	02:08:24.941		0.84250			4
2024.09.11	02:08:25.269	0.84246	0.84247			6
2024.09.11	02:08:33.905	0.84249	0.84252			6
2024.09.11	02:08:34.279	0.84248				2
2024.09.11	02:08:36.553	0.84247	0.84248			6
2024.09.11	02:09:07.503	0.84247				2
2024.09.11	02:09:19.348		0.84249			4
2024.09.11	02:09:29.859		0.84248			4
2024.09.11	02:09:33.210		0.84249			4
2024.09.11	02:09:40.527		0.84248			4
2024.09.11	02:09:41.097		0.84249			4
2024.09.11	02:09:47.922	0.84245	0.84248			6
2024.09.11	02:09:49.000	0.84243	0.84244			6
2024.09.11	02:09:53.091		0.84245			4
2024.09.11	02:09:55.361	0.84244				2
2024.09.11	02:09:58.153	0.84243				2
2024.09.11	02:10:00.320	0.84243				2
2024.09.11	02:10:14.013	0.84244				2
2024.09.11	02:10:15.134	0.84243				2
2024.09.11	02:10:19.386	0.84244				2
2024.09.11	02:10:20.452	0.84243				2
2024.09.11	02:10:39.041	0.84244	0.84247			6
2024.09.11	02:10:48.901		0.84245			4
2024.09.11	02:10:49.248	0.84243				2
2024.09.11	02:11:01.222	0.84243				2
2024.09.11	02:11:05.625	0.84242	0.84244			6
2024.09.11	02:11:15.383		0.84245			4
2024.09.11	02:11:23.456	0.84243				2
2024.09.11	02:11:30.409	0.84242				2
2024.09.11	02:11:43.972	0.84243				2
2024.09.11	02:11:48.931	0.84242				2
2024.09.11	02:12:01.443	0.84242				2
2024.09.11	02:12:15.534		0.84245			4
2024.09.11	02:12:16.117		0.84246			4
2024.09.11	02:12:18.947	0.84243				2
2024.09.11	02:12:39.130	0.84244				2
2024.09.11	02:12:41.821	0.84243				2
2024.09.11	02:13:05.151	0.84243				2
2024.09.11	02:13:18.237	0.84244	0.84247			6
2024.09.11	02:13:31.280	0.84243				2
2024.09.11	02:13:35.343	0.84246	0.84249			6
2024.09.11	02:13:53.822	0.84243	0.84245			6
2024.09.11	02:13:55.033		0.84244			4
2024.09.11	02:13:58.131		0.84246			4
2024.09.11	02:13:59.268	0.84242				2
2024.09.11	02:14:00.320	0.84242				2
2024.09.11	02:14:07.962	0.84244				2
2024.09.11	02:14:08.301	0.84243				2
2024.09.11	02:14:25.200	0.84244	0.84250			6
2024.09.11	02:14:28.049		0.84247			4
2024.09.11	02:14:36.151		0.84248			4
2024.09.11	02:14:42.688	0.84246	0.84250			6
2024.09.11	02:14:47.886	0.84247				2
2024.09.11	02:14:48.563		0.84249			4
2024.09.11	02:14:52.289		0.84250			4
2024.09.11	02:15:01.058	0.84247				2
2024.09.11	02:15:03.803	0.84248				2
2024.09.11	02:15:05.302	0.84247				2
2024.09.11	02:15:46.866	0.84248				2
2024.09.11	02:15:47.646	0.84247	0.84249			6
2024.09.11	02:15:47.948		0.84250			4
2024.09.11	02:15:48.343		0.84249			4
2024.09.11	02:15:58.134	0.84248	0.84251			6
2024.09.11	02:15:58.466		0.84250			4
2024.09.11	02:16:02.525	0.84247				2
2024.09.11	02:16:03.026	0.84248				2
2024.09.11	02:16:09.114	0.84247				2
2024.09.11	02:16:09.573	0.84248				2
2024.09.11	02:16:21.521	0.84249	0.84251			6
2024.09.11	02:16:24.768	0.84250				2
2024.09.11	02:16:25.345	0.84251	0.84252			6
2024.09.11	02:16:27.949		0.84254			4
2024.09.11	02:16:30.323	0.84252				2
2024.09.11	02:16:42.621	0.84251	0.84253			6
2024.09.11	02:16:44.029		0.84252			4
2024.09.11	02:16:46.659		0.84254			4
2024.09.11	02:16:48.325	0.84249	0.84250			6
2024.09.11	02:17:01.100	0.84249				2
2024.09.11	02:17:22.043	0.84248				2
2024.09.11	02:17:22.433	0.84250	0.84251			6
2024.09.11	02:17:26.019	0.84249				2
2024.09.11	02:17:28.141	0.84250				2
2024.09.11	02:17:28.508	0.84249	0.84250			6
2024.09.11	02:17:37.640	0.84250	0.84251			6
2024.09.11	02:17:46.608	0.84249	0.84250			6
2024.09.11	02:17:48.241	0.84250	0.84251			6
2024.09.11	02:17:55.601	0.84251	0.84252			6
2024.09.11	02:17:57.123	0.84250	0.84251			6
2024.09.11	02:18:00.311	0.84250				2
2024.09.11	02:18:06.353	0.84249	0.84250			6
2024.09.11	02:18:09.131	0.84250	0.84251			6
2024.09.11	02:18:36.338	0.84249	0.84250			6
2024.09.11	02:18:37.002	0.84250	0.84251			6
2024.09.11	02:18:41.471	0.84249	0.84250			6
2024.09.11	02:18:42.579	0.84250	0.84251			6
2024.09.11	02:19:00.317	0.84250				2
2024.09.11	02:19:08.880	0.84249				2
2024.09.11	02:19:11.557	0.84250				2
2024.09.11	02:19:20.695	0.84251	0.84253			6
2024.09.11	02:19:23.135		0.84252			4
2024.09.11	02:19:33.133		0.84254			4
2024.09.11	02:19:42.414	0.84250	0.84252			6
2024.09.11	02:19:51.412	0.84251	0.84255			6
2024.09.11	02:19:51.723	0.84252				2
2024.09.11	02:19:52.159	0.84251				2
2024.09.11	02:19:53.832		0.84253			4
2024.09.11	02:19:54.579	0.84252	0.84255			6
2024.09.11	02:19:57.005		0.84254			4
2024.09.11	02:20:00.315	0.84251	0.84253			6
2024.09.11	02:20:00.623	0.84252	0.84254			6
2024.09.11	02:20:01.501	0.84251	0.84252			6
2024.09.11	02:20:18.866	0.84252	0.84253			6
2024.09.11	02:20:41.324		0.84254			4
2024.09.11	02:20:44.665		0.84255			4
2024.09.11	02:20:50.773		0.84254			4
2024.09.11	02:21:00.306	0.84252				2
2024.09.11	02:21:12.272	0.84254	0.84257			6
2024.09.11	02:21:15.403	0.84253				2
2024.09.11	02:21:16.269		0.84256			4
2024.09.11	02:21:18.544		0.84257			4
2024.09.11	02:21:18.936		0.84258			4
2024.09.11	02:21:21.399		0.84257			4
2024.09.11	02:21:26.797		0.84255			4
2024.09.11	02:21:34.450		0.84256			4
2024.09.11	02:21:50.692		0.84255			4
2024.09.11	02:22:03.515	0.84251	0.84253			6
2024.09.11	02:22:15.936		0.84252			4
2024.09.11	02:22:26.054		0.84253			4
2024.09.11	02:22:47.488		0.84252			4
2024.09.11	02:22:58.760	0.84254	0.84257			6
2024.09.11	02:22:59.102	0.84253	0.84256			6
2024.09.11	02:22:59.403		0.84257			4
2024.09.11	02:22:59.840	0.84254				2
2024.09.11	02:23:00.367	0.84254				2
2024.09.11	02:23:10.981	0.84253	0.84256			6
2024.09.11	02:23:30.749	0.84254	0.84257			6
2024.09.11	02:23:31.095	0.84255				2
2024.09.11	02:23:33.999	0.84254				2
2024.09.11	02:23:38.377	0.84255				2
2024.09.11	02:23:38.969	0.84254				2
2024.09.11	02:23:53.672		0.84258			4
2024.09.11	02:23:54.242	0.84255				2
2024.09.11	02:23:56.073	0.84254				2
2024.09.11	02:23:56.381	0.84255				2
2024.09.11	02:23:58.687	0.84254				2
2024.09.11	02:23:59.349	0.84255				2
2024.09.11	02:24:00.365	0.84255				2
2024.09.11	02:24:01.930	0.84254				2
2024.09.11	02:24:02.366	0.84255				2
2024.09.11	02:24:06.369	0.84254	0.84257			6
2024.09.11	02:24:13.770	0.84252	0.84254			6
2024.09.11	02:24:38.573	0.84251				2
2024.09.11	02:24:45.061	0.84252				2
2024.09.11	02:24:46.749	0.84251				2
2024.09.11	02:25:00.125	0.84251				2
2024.09.11	02:25:00.842		0.84255			4
2024.09.11	02:25:02.333		0.84253			4
2024.09.11	02:25:03.122	0.84252				2
2024.09.11	02:25:03.565	0.84251				2
2024.09.11	02:25:26.443		0.84254			4
2024.09.11	02:25:40.611	0.84252				2
2024.09.11	02:25:40.913	0.84251				2
2024.09.11	02:26:00.183	0.84251				2
2024.09.11	02:26:27.319		0.84254			4
2024.09.11	02:26:29.577		0.84252			4
2024.09.11	02:26:32.760	0.84254	0.84255			6
2024.09.11	02:26:33.147	0.84253				2
2024.09.11	02:26:33.805	0.84254				2
2024.09.11	02:26:34.341	0.84253				2
2024.09.11	02:26:43.801		0.84256			4
2024.09.11	02:27:00.317	0.84253				2
2024.09.11	02:27:46.041		0.84256			4
2024.09.11	02:28:00.119	0.84253				2
2024.09.11	02:28:09.573	0.84251	0.84253			6
2024.09.11	02:28:13.133	0.84250				2
2024.09.11	02:28:14.713	0.84251				2
2024.09.11	02:28:38.727	0.84252				2
2024.09.11	02:28:39.290	0.84251				2
2024.09.11	02:28:50.703	0.84252				2
2024.09.11	02:28:52.231	0.84251				2
2024.09.11	02:29:02.748	0.84251				2
2024.09.11	02:29:09.269	0.84250				2
2024.09.11	02:29:12.540		0.84253			4
2024.09.11	02:29:21.479	0.84251	0.84254			6
2024.09.11	02:29:22.515	0.84252				2
2024.09.11	02:29:24.407		0.84255			4
2024.09.11	02:29:28.623	0.84253				2
2024.09.11	02:29:32.524	0.84252				2
2024.09.11	02:29:49.460	0.84251				2
2024.09.11	02:30:00.148	0.84251				2
2024.09.11	02:30:08.982	0.84253	0.84257			6
2024.09.11	02:30:10.561		0.84256			4
2024.09.11	02:30:11.128		0.84255			4
2024.09.11	02:30:12.958	0.84252				2
2024.09.11	02:30:13.329	0.84251	0.84253			6
2024.09.11	02:30:14.690		0.84254			4
2024.09.11	02:30:19.253		0.84255			4
2024.09.11	02:30:26.001		0.84254			4
2024.09.11	02:30:39.113	0.84250	0.84252			6
2024.09.11	02:30:39.425	0.84249				2
2024.09.11	02:30:43.881	0.84250				2
2024.09.11	02:31:00.479	0.84250				2
2024.09.11	02:31:03.012	0.84251				2
2024.09.11	02:31:03.355	0.84250				2
2024.09.11	02:31:12.661		0.84251			4
2024.09.11	02:31:30.007	0.84254	0.84256			6
2024.09.11	02:31:35.757	0.84252	0.84253			6
2024.09.11	02:31:36.062	0.84250	0.84251			6
2024.09.11	02:31:39.898		0.84252			4
2024.09.11	02:31:48.083	0.84251				2
2024.09.11	02:31:48.389	0.84249	0.84250			6
2024.09.11	02:31:48.704	0.84246	0.84247			6
2024.09.11	02:31:49.307	0.84245				2
2024.09.11	02:31:58.788	0.84246				2
2024.09.11	02:32:00.905	0.84246				2
2024.09.11	02:32:01.636	0.84245				2
2024.09.11	02:32:04.320	0.84244				2
2024.09.11	02:32:08.730		0.84245			4
2024.09.11	02:32:38.598		0.84246			4
2024.09.11	02:32:39.369		0.84247			4
2024.09.11	02:32:40.117	0.84243	0.84244			6
2024.09.11	02:32:52.332	0.84241				2
2024.09.11	02:32:52.934	0.84243				2
2024.09.11	02:33:01.819	0.84242				2
2024.09.11	02:33:08.561	0.84243				2
2024.09.11	02:33:09.768	0.84242				2
2024.09.11	02:33:11.146		0.84243			4
2024.09.11	02:33:13.909	0.84243	0.84244			6
2024.09.11	02:33:20.320	0.84242	0.84243			6
2024.09.11	02:33:25.998		0.84244			4
2024.09.11	02:33:35.754	0.84241	0.84243			6
2024.09.11	02:33:36.866	0.84240	0.84242			6
2024.09.11	02:33:46.515		0.84243			4
2024.09.11	02:33:49.093	0.84239	0.84242			6
2024.09.11	02:33:52.000	0.84240	0.84243			6
2024.09.11	02:33:55.430	0.84242				2
2024.09.11	02:34:00.240	0.84242				2
2024.09.11	02:34:05.952		0.84244			4
2024.09.11	02:34:23.402		0.84246			4
2024.09.11	02:34:24.184		0.84245			4
2024.09.11	02:35:01.522	0.84242				2
2024.09.11	02:35:06.715		0.84244			4
2024.09.11	02:35:14.484		0.84245			4
2024.09.11	02:35:16.394	0.84241				2
2024.09.11	02:35:54.047	0.84242				2
2024.09.11	02:35:57.880	0.84241				2
2024.09.11	02:36:00.141	0.84241				2
2024.09.11	02:36:01.376	0.84242				2
2024.09.11	02:36:07.909	0.84241				2
2024.09.11	02:36:10.607	0.84242				2
2024.09.11	02:36:14.909		0.84245			4
2024.09.11	02:36:43.088		0.84243			4
2024.09.11	02:36:43.858	0.84241	0.84244			6
2024.09.11	02:36:44.400	0.84242				2
2024.09.11	02:36:45.990		0.84245			4
2024.09.11	02:37:01.293	0.84242				2
2024.09.11	02:37:09.879	0.84238	0.84243			6
2024.09.11	02:37:16.485	0.84235	0.84237			6
2024.09.11	02:37:16.787	0.84236				2
2024.09.11	02:37:17.116	0.84235				2
2024.09.11	02:37:17.481	0.84232	0.84233			6
2024.09.11	02:37:18.194	0.84231				2
2024.09.11	02:37:28.780	0.84228	0.84231			6
2024.09.11	02:37:29.983	0.84227	0.84230			6
2024.09.11	02:37:50.587	0.84230	0.84233			6
2024.09.11	02:37:55.596	0.84229				2
2024.09.11	02:37:58.249		0.84232			4
2024.09.11	02:38:00.321	0.84229				2
2024.09.11	02:38:01.357	0.84231	0.84233			6
2024.09.11	02:38:07.710		0.84234			4
2024.09.11	02:38:09.776		0.84235			4
2024.09.11	02:38:10.716	0.84232	0.84234			6
2024.09.11	02:38:11.472	0.84233				2
2024.09.11	02:39:00.625	0.84233				2
2024.09.11	02:39:04.339	0.84234	0.84236			6
2024.09.11	02:39:28.690		0.84237			4
2024.09.11	02:39:34.554		0.84236			4
2024.09.11	02:39:58.780	0.84235	0.84237			6
2024.09.11	02:40:00.639	0.84235				2
2024.09.11	02:40:08.142	0.84234	0.84235			6
2024.09.11	02:40:08.683	0.84233				2
2024.09.11	02:40:28.124		0.84234			4
2024.09.11	02:40:33.701		0.84235			4
2024.09.11	02:40:38.257		0.84236			4
2024.09.11	02:40:41.569		0.84235			4
2024.09.11	02:40:45.397		0.84236			4
2024.09.11	02:41:01.304	0.84233				2
2024.09.11	02:41:04.274	0.84234				2
2024.09.11	02:41:05.838	0.84233	0.84234			6
2024.09.11	02:41:38.622	0.84236	0.84238			6
2024.09.11	02:41:38.923	0.84239	0.84240			6
2024.09.11	02:41:39.226	0.84238				2
2024.09.11	02:41:39.528	0.84237	0.84238			6
2024.09.11	02:41:43.226	0.84236				2
2024.09.11	02:41:49.373		0.84239			4
2024.09.11	02:42:00.377	0.84236				2
2024.09.11	02:42:13.772		0.84240			4
2024.09.11	02:42:14.792	0.84237				2
2024.09.11	02:42:24.027		0.84239			4
2024.09.11	02:42:45.266	0.84239	0.84240			6
2024.09.11	02:43:00.147	0.84239				2
2024.09.11	02:43:42.891	0.84240	0.84241			6
2024.09.11	02:43:48.398	0.84239	0.84240			6
2024.09.11	02:43:49.381	0.84238	0.84239			6
2024.09.11	02:43:51.514	0.84239	0.84240			6
2024.09.11	02:43:53.053	0.84240	0.84241			6
2024.09.11	02:43:56.152	0.84241	0.84242			6
2024.09.11	02:44:00.654	0.84241				2
2024.09.11	02:44:16.275	0.84242	0.84243			6
2024.09.11	02:44:42.741	0.84243	0.84244			6
2024.09.11	02:44:43.072	0.84242	0.84243			6
2024.09.11	02:44:49.129	0.84243	0.84244			6
2024.09.11	02:45:00.549	0.84243				2
2024.09.11	02:45:49.083	0.84242	0.84243			6
2024.09.11	02:46:01.056	0.84242				2
2024.09.11	02:46:05.854		0.84244			4
2024.09.11	02:46:13.615	0.84241				2
2024.09.11	02:46:19.273		0.84245			4
2024.09.11	02:46:19.871	0.84242				2
2024.09.11	02:46:26.057	0.84241				2
2024.09.11	02:46:32.375		0.84244			4
2024.09.11	02:46:32.681	0.84243				2
2024.09.11	02:46:34.719	0.84242	0.84245			6
2024.09.11	02:46:39.492	0.84243				2
2024.09.11	02:46:44.622	0.84242	0.84243			6
2024.09.11	02:46:44.931	0.84241	0.84242			6
2024.09.11	02:47:00.265	0.84242	0.84243			6
2024.09.11	02:47:00.583	0.84241				2
2024.09.11	02:47:26.227	0.84242				2
2024.09.11	02:47:26.741	0.84241				2
2024.09.11	02:47:27.793	0.84242				2
2024.09.11	02:47:29.191	0.84241				2
2024.09.11	02:47:30.913	0.84242				2
2024.09.11	02:47:36.634	0.84241	0.84242			6
2024.09.11	02:47:37.822	0.84242	0.84243			6
2024.09.11	02:48:00.355	0.84242				2
2024.09.11	02:48:02.226	0.84244	0.84246			6
2024.09.11	02:48:02.902	0.84246	0.84247			6
2024.09.11	02:48:17.571	0.84243	0.84244			6
2024.09.11	02:48:58.161	0.84242				2
2024.09.11	02:48:58.474	0.84243				2
2024.09.11	02:49:01.531	0.84243				2
2024.09.11	02:49:18.236		0.84244			4
2024.09.11	02:49:25.781	0.84242	0.84243			6
2024.09.11	02:49:37.022	0.84243	0.84244			6
2024.09.11	02:49:46.636	0.84242	0.84243			6
2024.09.11	02:50:00.940	0.84242				2
2024.09.11	02:50:04.685	0.84241	0.84242			6
2024.09.11	02:50:06.906	0.84240	0.84241			6
2024.09.11	02:50:40.215	0.84241	0.84242			6
2024.09.11	02:50:40.758	0.84240	0.84241			6
2024.09.11	02:50:54.858	0.84241	0.84242			6
2024.09.11	02:50:55.653	0.84240	0.84241			6
2024.09.11	02:51:01.414	0.84240				2
2024.09.11	02:51:05.451	0.84241	0.84242			6
2024.09.11	02:51:06.538	0.84240	0.84241			6
2024.09.11	02:51:06.973	0.84238	0.84239			6
2024.09.11	02:51:07.327	0.84239	0.84240			6
2024.09.11	02:51:07.833	0.84238	0.84239			6
2024.09.11	02:51:12.456	0.84239	0.84240			6
2024.09.11	02:51:14.080	0.84238	0.84239			6
2024.09.11	02:52:00.487	0.84238				2
2024.09.11	02:52:14.155		0.84239			4
2024.09.11	02:53:05.241	0.84238				2
2024.09.11	02:53:15.781	0.84240	0.84241			6
2024.09.11	02:53:16.083	0.84239	0.84240			6
2024.09.11	02:53:19.614	0.84240	0.84241			6
2024.09.11	02:54:00.258	0.84240				2
2024.09.11	02:54:17.892	0.84239	0.84240			6
2024.09.11	02:54:43.489	0.84240	0.84241			6
2024.09.11	02:55:00.440	0.84240				2
2024.09.11	02:55:02.062	0.84241	0.84242			6
2024.09.11	02:55:38.511	0.84242	0.84243			6
2024.09.11	02:55:50.377	0.84245	0.84246			6
2024.09.11	02:55:50.677	0.84244	0.84245			6
2024.09.11	02:56:00.355	0.84244				2
2024.09.11	02:56:01.771	0.84243	0.84244			6
2024.09.11	02:56:02.080	0.84244	0.84245			6
2024.09.11	02:56:23.575	0.84243	0.84244			6
2024.09.11	02:56:32.967	0.84244	0.84245			6
2024.09.11	02:56:38.053	0.84245	0.84246			6
2024.09.11	02:57:00.496	0.84245				2
2024.09.11	02:57:19.286	0.84246	0.84247			6
2024.09.11	02:57:24.977	0.84245	0.84246			6
2024.09.11	02:57:28.020	0.84246	0.84247			6
2024.09.11	02:57:37.390	0.84250	0.84251			6
2024.09.11	02:57:39.059	0.84249	0.84250			6
2024.09.11	02:57:42.959	0.84247	0.84248			6
2024.09.11	02:57:43.392	0.84248	0.84249			6
2024.09.11	02:57:43.703	0.84249	0.84250			6
2024.09.11	02:57:44.303	0.84250	0.84251			6
2024.09.11	02:57:49.207	0.84249	0.84250			6
2024.09.11	02:58:01.436	0.84249				2
2024.09.11	02:58:04.626	0.84248	0.84249			6
2024.09.11	02:58:05.941	0.84247	0.84248			6
2024.09.11	02:58:08.642	0.84249	0.84250			6
2024.09.11	02:58:23.516	0.84250	0.84251			6
2024.09.11	02:58:39.715	0.84252	0.84253			6
2024.09.11	02:58:45.421	0.84254	0.84255			6
2024.09.11	02:58:45.857	0.84255	0.84256			6
2024.09.11	02:58:49.652	0.84253	0.84254			6
2024.09.11	02:58:51.081	0.84254	0.84255			6
2024.09.11	02:58:55.021	0.84255	0.84256			6
2024.09.11	02:59:00.947	0.84255				2
2024.09.11	02:59:02.318	0.84251	0.84252			6
2024.09.11	02:59:05.378	0.84253	0.84254			6
2024.09.11	02:59:23.622	0.84252	0.84253			6
2024.09.11	02:59:29.486	0.84251	0.84252			6
2024.09.11	02:59:30.090	0.84252	0.84253			6
2024.09.11	02:59:36.909	0.84251	0.84252			6
2024.09.11	02:59:37.631	0.84253	0.84254			6
2024.09.11	02:59:40.430	0.84254	0.84255			6
2024.09.11	02:59:44.645	0.84253	0.84254			6
2024.09.11	02:59:54.085	0.84255	0.84256			6
2024.09.11	02:59:54.410	0.84256	0.84257			6
2024.09.11	02:59:56.937	0.84255	0.84256			6
2024.09.11	02:59:57.486	0.84254	0.84255			6
2024.09.11	03:00:00.169	0.84255	0.84256			6
2024.09.11	03:00:00.482	0.84254	0.84255			6
2024.09.11	03:00:00.898	0.84255	0.84256			6
2024.09.11	03:00:01.381	0.84254	0.84255			6
2024.09.11	03:00:02.303	0.84253	0.84254			6
2024.09.11	03:00:03.381	0.84251	0.84252			6
2024.09.11	03:00:03.684	0.84253	0.84254			6
2024.09.11	03:00:04.462	0.84254	0.84255			6
2024.09.11	03:00:04.776	0.84255	0.84256			6
2024.09.11	03:00:05.311	0.84254	0.84255			6
2024.09.11	03:00:06.018	0.84255	0.84256			6
2024.09.11	03:00:06.696	0.84254	0.84255			6
2024.09.11	03:00:07.814	0.84253	0.84254			6
2024.09.11	03:00:08.124	0.84251	0.84252			6
2024.09.11	03:00:08.862	0.84250	0.84251			6
2024.09.11	03:00:18.012	0.84251	0.84252			6
2024.09.11	03:00:24.835	0.84250	0.84251			6
2024.09.11	03:00:29.126	0.84251	0.84252			6
2024.09.11	03:00:32.165	0.84252	0.84253			6
2024.09.11	03:00:32.906	0.84251	0.84252			6
2024.09.11	03:00:33.642	0.84250	0.84251			6
2024.09.11	03:00:36.374	0.84251	0.84252			6
2024.09.11	03:00:37.364	0.84253	0.84254			6
2024.09.11	03:00:47.967	0.84254	0.84255			6
2024.09.11	03:00:48.606	0.84255	0.84256			6
2024.09.11	03:00:49.262	0.84254	0.84255			6
2024.09.11	03:00:49.582	0.84255	0.84256			6
2024.09.11	03:00:49.883	0.84256	0.84257			6
2024.09.11	03:00:50.628	0.84255	0.84256			6
2024.09.11	03:00:51.108	0.84256	0.84257			6
2024.09.11	03:00:51.457	0.84255	0.84256			6
2024.09.11	03:00:52.249	0.84254	0.84255			6
2024.09.11	03:00:54.983	0.84256	0.84257			6
2024.09.11	03:00:55.686	0.84255	0.84256			6
2024.09.11	03:01:00.068	0.84255				2
2024.09.11	03:01:02.980	0.84254	0.84255			6
2024.09.11	03:01:04.103	0.84253	0.84254			6
2024.09.11	03:01:04.414	0.84256	0.84257			6
2024.09.11	03:01:04.739	0.84255	0.84256			6
2024.09.11	03:01:05.524	0.84256	0.84257			6
2024.09.11	03:01:11.272	0.84257	0.84258			6
2024.09.11	03:01:13.784	0.84256	0.84257			6
2024.09.11	03:01:19.747	0.84257	0.84258			6
2024.09.11	03:01:21.365	0.84258	0.84259			6
2024.09.11	03:01:22.470	0.84257	0.84258			6
2024.09.11	03:01:27.072	0.84258	0.84259			6
2024.09.11	03:01:43.215	0.84257	0.84258			6
2024.09.11	03:01:46.536	0.84256	0.84257			6
2024.09.11	03:01:50.018	0.84257	0.84258			6
2024.09.11	03:01:50.331	0.84256	0.84257			6
2024.09.11	03:01:51.265	0.84257	0.84258			6
2024.09.11	03:01:52.210	0.84256	0.84257			6
2024.09.11	03:01:53.849	0.84257	0.84258			6
2024.09.11	03:01:55.002	0.84256	0.84257			6
2024.09.11	03:01:56.102	0.84257	0.84258			6
2024.09.11	03:01:56.510	0.84256	0.84257			6
2024.09.11	03:02:00.130	0.84256				2
2024.09.11	03:02:03.928	0.84257	0.84258			6
2024.09.11	03:02:05.669	0.84256	0.84257			6
2024.09.11	03:02:06.329	0.84254	0.84255			6
2024.09.11	03:02:10.824	0.84255	0.84256			6
2024.09.11	03:02:14.816	0.84256	0.84257			6
2024.09.11	03:02:16.066	0.84257	0.84258			6
2024.09.11	03:02:23.771	0.84258	0.84259			6
2024.09.11	03:02:24.482	0.84257	0.84258			6
2024.09.11	03:02:25.222	0.84256	0.84257			6
2024.09.11	03:02:25.561	0.84255	0.84256			6
2024.09.11	03:02:33.759	0.84254	0.84255			6
2024.09.11	03:02:39.736	0.84258	0.84259			6
2024.09.11	03:02:40.666	0.84259	0.84260			6
2024.09.11	03:02:41.732	0.84260	0.84261			6
2024.09.11	03:02:47.378	0.84262	0.84263			6
2024.09.11	03:02:48.085	0.84263	0.84264			6
2024.09.11	03:02:48.626	0.84264	0.84265			6
2024.09.11	03:02:49.287	0.84263	0.84264			6
2024.09.11	03:02:55.924	0.84262	0.84263			6
2024.09.11	03:02:58.780	0.84261	0.84262			6
2024.09.11	03:03:00.410	0.84261				2
2024.09.11	03:03:02.926	0.84262	0.84263			6
2024.09.11	03:03:06.866	0.84261	0.84262			6
2024.09.11	03:03:21.876	0.84260	0.84261			6
2024.09.11	03:03:23.362	0.84261	0.84262			6
2024.09.11	03:03:29.182	0.84260	0.84261			6
2024.09.11	03:03:31.648	0.84258	0.84259			6
2024.09.11	03:03:32.381	0.84257	0.84258			6
2024.09.11	03:03:34.200	0.84260	0.84261			6
2024.09.11	03:03:39.130	0.84258	0.84259			6
2024.09.11	03:03:39.588	0.84257	0.84258			6
2024.09.11	03:03:42.319	0.84260	0.84261			6
2024.09.11	03:03:45.363	0.84261	0.84262			6
2024.09.11	03:03:45.821	0.84260	0.84261			6
2024.09.11	03:04:00.044	0.84255	0.84259			6
2024.09.11	03:04:01.623	0.84259	0.84260			6
2024.09.11	03:04:01.933	0.84257	0.84258			6
2024.09.11	03:04:02.866	0.84256	0.84257			6
2024.09.11	03:04:22.839	0.84257	0.84258			6
2024.09.11	03:04:24.401	0.84256	0.84257			6
2024.09.11	03:04:28.083	0.84257	0.84258			6
2024.09.11	03:04:28.725	0.84256	0.84257			6
2024.09.11	03:04:48.632	0.84257	0.84258			6
2024.09.11	03:04:49.526	0.84256	0.84257			6
2024.09.11	03:04:54.746	0.84257	0.84258			6
2024.09.11	03:04:55.488	0.84256	0.84257			6
2024.09.11	03:04:56.287	0.84257	0.84258			6
2024.09.11	03:04:56.853	0.84256	0.84257			6
2024.09.11	03:04:57.164	0.84255	0.84256			6
2024.09.11	03:05:00.027	0.84255				2
2024.09.11	03:05:09.804	0.84256	0.84257			6
2024.09.11	03:05:10.117	0.84257	0.84258			6
2024.09.11	03:05:17.886	0.84256	0.84257			6
2024.09.11	03:05:23.213	0.84257	0.84258			6
2024.09.11	03:05:48.400	0.84259	0.84260			6
2024.09.11	03:05:51.007	0.84260	0.84261			6
2024.09.11	03:06:00.359	0.84260				2
2024.09.11	03:06:09.600	0.84261	0.84262			6
2024.09.11	03:06:20.527	0.84260	0.84261			6
2024.09.11	03:06:45.106	0.84261	0.84262			6
2024.09.11	03:06:45.929	0.84262	0.84263			6
2024.09.11	03:06:47.024	0.84261	0.84262			6
2024.09.11	03:06:47.751	0.84262	0.84263			6
2024.09.11	03:06:57.225	0.84261	0.84262			6
2024.09.11	03:06:58.221	0.84262	0.84263			6
2024.09.11	03:07:00.075	0.84262				2
2024.09.11	03:07:02.857	0.84267	0.84268			6
2024.09.11	03:07:06.386	0.84268	0.84269			6
2024.09.11	03:07:07.617	0.84267	0.84268			6
2024.09.11	03:07:11.789	0.84266	0.84267			6
2024.09.11	03:07:12.108	0.84270	0.84272			6
2024.09.11	03:07:13.078	0.84272	0.84273			6
2024.09.11	03:07:15.163	0.84274	0.84275			6
2024.09.11	03:07:16.370	0.84272	0.84274			6
2024.09.11	03:07:16.709		0.84275			4
2024.09.11	03:07:20.782	0.84273				2
2024.09.11	03:07:22.183	0.84272				2
2024.09.11	03:07:24.522	0.84273				2
2024.09.11	03:07:25.331		0.84274			4
2024.09.11	03:07:25.887	0.84274	0.84275			6
2024.09.11	03:07:26.202		0.84276			4
2024.09.11	03:07:26.512		0.84275			4
2024.09.11	03:07:30.567		0.84276			4
2024.09.11	03:07:32.099		0.84277			4
2024.09.11	03:07:32.990		0.84276			4
2024.09.11	03:07:34.423	0.84275				2
2024.09.11	03:07:35.546		0.84277			4
2024.09.11	03:07:36.310		0.84276			4
2024.09.11	03:07:36.932		0.84277			4
2024.09.11	03:07:37.271		0.84276			4
2024.09.11	03:07:37.637		0.84277			4
2024.09.11	03:07:37.966	0.84276	0.84278			6
2024.09.11	03:07:38.574		0.84277			4
2024.09.11	03:07:39.452	0.84278	0.84280			6
2024.09.11	03:07:42.502	0.84280	0.84281			6
2024.09.11	03:07:46.105	0.84278	0.84279			6
2024.09.11	03:07:51.861	0.84277	0.84278			6
2024.09.11	03:07:52.182	0.84276	0.84277			6
2024.09.11	03:07:52.760	0.84277	0.84278			6
2024.09.11	03:08:00.448	0.84276	0.84277			6
2024.09.11	03:08:16.853	0.84275	0.84276			6
2024.09.11	03:08:26.322	0.84271	0.84272			6
2024.09.11	03:08:38.648	0.84272	0.84273			6
2024.09.11	03:08:43.734	0.84271	0.84272			6
2024.09.11	03:09:00.244	0.84271				2
2024.09.11	03:09:13.774	0.84270	0.84271			6
2024.09.11	03:09:16.493	0.84271	0.84272			6
2024.09.11	03:09:18.884	0.84270	0.84271			6
2024.09.11	03:09:19.413	0.84271	0.84272			6
2024.09.11	03:09:21.461	0.84272	0.84273			6
2024.09.11	03:09:37.649	0.84271	0.84272			6
2024.09.11	03:09:54.097	0.84272	0.84273			6
2024.09.11	03:09:57.139	0.84271	0.84272			6
2024.09.11	03:09:58.710	0.84266	0.84267			6
2024.09.11	03:10:00.335	0.84266				2
2024.09.11	03:10:00.659	0.84267	0.84268			6
2024.09.11	03:10:00.963	0.84268	0.84269			6
2024.09.11	03:10:06.902	0.84269	0.84270			6
2024.09.11	03:10:07.743	0.84270	0.84271			6
2024.09.11	03:10:10.008	0.84271	0.84272			6
2024.09.11	03:10:14.477	0.84270	0.84271			6
2024.09.11	03:10:15.931	0.84271	0.84272			6
2024.09.11	03:10:32.962	0.84270	0.84271			6
2024.09.11	03:10:41.082	0.84271	0.84272			6
2024.09.11	03:10:48.229	0.84266	0.84267			6
2024.09.11	03:10:54.817	0.84267	0.84268			6
2024.09.11	03:11:00.366	0.84266	0.84267			6
2024.09.11	03:11:02.425	0.84265	0.84266			6
2024.09.11	03:11:02.892	0.84266	0.84267			6
2024.09.11	03:11:19.171	0.84267	0.84268			6
2024.09.11	03:11:20.531	0.84266	0.84267			6
2024.09.11	03:11:27.062	0.84267	0.84268			6
2024.09.11	03:11:27.397	0.84268	0.84269			6
2024.09.11	03:11:33.115	0.84269	0.84270			6
2024.09.11	03:11:34.453	0.84270	0.84271			6
2024.09.11	03:11:41.110	0.84271	0.84272			6
2024.09.11	03:11:46.692	0.84270	0.84271			6
2024.09.11	03:11:47.010	0.84271	0.84272			6
2024.09.11	03:12:00.372	0.84271				2
2024.09.11	03:12:01.213	0.84272	0.84273			6
2024.09.11	03:12:13.738	0.84271	0.84272			6
2024.09.11	03:12:14.260	0.84272	0.84273			6
2024.09.11	03:12:14.562	0.84276	0.84277			6
2024.09.11	03:12:31.058	0.84275	0.84276			6
2024.09.11	03:12:33.665	0.84276	0.84277			6
2024.09.11	03:12:34.746	0.84275	0.84276			6
2024.09.11	03:12:43.985	0.84276	0.84277			6
2024.09.11	03:12:52.328	0.84275	0.84276			6
2024.09.11	03:13:00.081	0.84275				2
2024.09.11	03:13:07.005	0.84272	0.84273			6
2024.09.11	03:13:18.852	0.84271	0.84272			6
2024.09.11	03:13:20.644	0.84272	0.84273			6
2024.09.11	03:13:25.919	0.84273	0.84274			6
2024.09.11	03:13:30.935	0.84272	0.84273			6
2024.09.11	03:13:31.243	0.84273	0.84274			6
2024.09.11	03:13:37.012	0.84272	0.84273			6
2024.09.11	03:13:42.484	0.84271	0.84272			6
2024.09.11	03:14:00.480	0.84271				2
2024.09.11	03:14:03.188	0.84272	0.84273			6
2024.09.11	03:14:03.503	0.84273	0.84274			6
2024.09.11	03:14:07.156	0.84272	0.84273			6
2024.09.11	03:14:10.269	0.84273	0.84274			6
2024.09.11	03:14:10.618	0.84272	0.84273			6
2024.09.11	03:14:20.492	0.84271	0.84272			6
2024.09.11	03:14:35.620	0.84273	0.84274			6
2024.09.11	03:14:43.241	0.84275	0.84276			6
2024.09.11	03:14:46.250	0.84276	0.84277			6
2024.09.11	03:14:56.865	0.84275	0.84276			6
2024.09.11	03:15:00.349	0.84275				2
2024.09.11	03:15:01.504	0.84276	0.84277			6
2024.09.11	03:15:13.333	0.84275	0.84276			6
2024.09.11	03:15:22.671		0.84277			4
2024.09.11	03:15:24.699		0.84276			4
2024.09.11	03:15:27.770	0.84277	0.84278			6
2024.09.11	03:15:39.358	0.84278	0.84279			6
2024.09.11	03:15:54.607	0.84279	0.84280			6
2024.09.11	03:15:54.926	0.84280	0.84281			6
2024.09.11	03:15:55.947	0.84279	0.84280			6
2024.09.11	03:15:56.258	0.84280	0.84281			6
2024.09.11	03:15:56.565	0.84281	0.84282			6
2024.09.11	03:15:59.417	0.84282	0.84283			6
2024.09.11	03:15:59.901	0.84281	0.84282			6
2024.09.11	03:16:00.238	0.84281				2
2024.09.11	03:16:00.864	0.84282	0.84283			6
2024.09.11	03:16:02.315	0.84280	0.84281			6
2024.09.11	03:16:24.408	0.84281	0.84282			6
2024.09.11	03:16:24.757	0.84280	0.84281			6
2024.09.11	03:16:34.226	0.84281	0.84282			6
2024.09.11	03:16:48.948	0.84280	0.84281			6
2024.09.11	03:16:49.253	0.84279	0.84280			6
2024.09.11	03:16:51.632	0.84280	0.84281			6
2024.09.11	03:17:00.139	0.84280				2
2024.09.11	03:17:12.787	0.84281	0.84282			6
2024.09.11	03:17:36.259	0.84280	0.84281			6
2024.09.11	03:17:46.662	0.84281	0.84282			6
2024.09.11	03:17:47.612	0.84280	0.84281			6
2024.09.11	03:17:48.351	0.84281	0.84282			6
2024.09.11	03:17:48.664	0.84280	0.84281			6
2024.09.11	03:17:49.045	0.84281	0.84282			6
2024.09.11	03:17:57.166	0.84280	0.84281			6
2024.09.11	03:18:00.351	0.84280				2
2024.09.11	03:18:07.296	0.84279	0.84280			6
2024.09.11	03:18:08.245	0.84280	0.84281			6
2024.09.11	03:18:15.043	0.84281	0.84282			6
2024.09.11	03:18:16.755	0.84282	0.84283			6
2024.09.11	03:18:25.466	0.84281	0.84282			6
2024.09.11	03:18:25.874	0.84282	0.84283			6
2024.09.11	03:18:36.694	0.84281	0.84282			6
2024.09.11	03:18:41.818	0.84282	0.84283			6
2024.09.11	03:18:56.703	0.84283	0.84284			6
2024.09.11	03:18:57.390	0.84284	0.84285			6
2024.09.11	03:19:00.065	0.84283	0.84284			6
2024.09.11	03:19:01.360	0.84284	0.84285			6
2024.09.11	03:19:04.062	0.84282	0.84283			6
2024.09.11	03:19:18.623	0.84277	0.84278			6
2024.09.11	03:19:20.008	0.84278	0.84279			6
2024.09.11	03:19:20.324	0.84279	0.84280			6
2024.09.11	03:19:21.481	0.84280	0.84281			6
2024.09.11	03:19:21.996	0.84279	0.84280			6
2024.09.11	03:19:24.391	0.84280	0.84281			6
2024.09.11	03:19:31.161	0.84279	0.84280			6
2024.09.11	03:19:31.879	0.84278	0.84279			6
2024.09.11	03:19:32.182		0.84280			4
2024.09.11	03:19:32.856	0.84279				2
2024.09.11	03:19:45.781	0.84278	0.84279			6
2024.09.11	03:19:46.089	0.84279	0.84280			6
2024.09.11	03:19:48.042	0.84280	0.84281			6
2024.09.11	03:19:50.039	0.84279	0.84280			6
2024.09.11	03:19:50.632	0.84280	0.84281			6
2024.09.11	03:19:51.768	0.84278	0.84279			6
2024.09.11	03:19:53.050	0.84279	0.84280			6
2024.09.11	03:19:57.129	0.84278	0.84279			6
2024.09.11	03:19:57.916	0.84279	0.84280			6
2024.09.11	03:19:58.662	0.84278	0.84279			6
2024.09.11	03:20:00.145	0.84278				2
2024.09.11	03:20:00.446	0.84279	0.84280			6
2024.09.11	03:20:21.886	0.84275	0.84276			6
2024.09.11	03:20:22.604	0.84276	0.84277			6
2024.09.11	03:20:22.924	0.84275	0.84276			6
2024.09.11	03:20:37.146	0.84276	0.84277			6
2024.09.11	03:20:39.249	0.84279	0.84280			6
2024.09.11	03:20:40.778	0.84276	0.84277			6
2024.09.11	03:20:41.085	0.84275	0.84276			6
2024.09.11	03:20:41.751	0.84276	0.84277			6
2024.09.11	03:20:52.222	0.84277	0.84278			6
2024.09.11	03:20:57.289	0.84276	0.84277			6
2024.09.11	03:21:00.251	0.84275	0.84276			6
2024.09.11	03:21:11.439	0.84276	0.84277			6
2024.09.11	03:21:14.181	0.84275	0.84276			6
2024.09.11	03:21:14.483	0.84274	0.84275			6
2024.09.11	03:21:31.237	0.84275	0.84276			6
2024.09.11	03:21:39.906	0.84274	0.84275			6
2024.09.11	03:21:40.443	0.84275	0.84276			6
2024.09.11	03:21:49.100	0.84274	0.84275			6
2024.09.11	03:21:51.384	0.84272	0.84273			6
2024.09.11	03:21:56.253	0.84271	0.84272			6
2024.09.11	03:21:58.424	0.84274	0.84275			6
2024.09.11	03:22:00.536	0.84274				2
2024.09.11	03:22:09.961	0.84275	0.84276			6
2024.09.11	03:22:24.452	0.84274	0.84275			6
2024.09.11	03:22:24.768	0.84275	0.84276			6
2024.09.11	03:22:36.594	0.84276	0.84277			6
2024.09.11	03:22:40.872	0.84275	0.84276			6
2024.09.11	03:22:48.222	0.84274	0.84275			6
2024.09.11	03:22:48.793	0.84275	0.84276			6
2024.09.11	03:23:00.297	0.84275				2
2024.09.11	03:23:14.787	0.84276	0.84277			6
2024.09.11	03:23:15.103	0.84277	0.84278			6
2024.09.11	03:23:15.412	0.84276	0.84277			6
2024.09.11	03:23:22.396	0.84275	0.84276			6
2024.09.11	03:23:23.073	0.84276	0.84277			6
2024.09.11	03:23:28.491	0.84275	0.84276			6
2024.09.11	03:23:40.017	0.84276	0.84277			6
2024.09.11	03:23:42.708	0.84275	0.84276			6
2024.09.11	03:23:43.021	0.84274	0.84275			6
2024.09.11	03:23:47.294	0.84275	0.84276			6
2024.09.11	03:23:48.178	0.84274	0.84275			6
2024.09.11	03:23:48.501	0.84275	0.84276			6
2024.09.11	03:23:55.622	0.84276	0.84277			6
2024.09.11	03:23:59.080	0.84278	0.84279			6
2024.09.11	03:23:59.500	0.84277	0.84278			6
2024.09.11	03:24:00.227	0.84277				2
2024.09.11	03:24:07.599	0.84278	0.84279			6
2024.09.11	03:24:08.584	0.84279	0.84280			6
2024.09.11	03:24:21.198	0.84280	0.84281			6
2024.09.11	03:24:21.636	0.84279	0.84280			6
2024.09.11	03:24:22.268	0.84280	0.84281			6
2024.09.11	03:24:23.978	0.84279	0.84280			6
2024.09.11	03:24:24.804	0.84280	0.84281			6
2024.09.11	03:24:34.326	0.84281	0.84282			6
2024.09.11	03:24:36.095	0.84282	0.84283			6
2024.09.11	03:24:36.419	0.84281	0.84282			6
2024.09.11	03:24:46.672	0.84280	0.84281			6
2024.09.11	03:24:49.037	0.84281	0.84282			6
2024.09.11	03:24:51.588	0.84280	0.84281			6
2024.09.11	03:24:52.373	0.84281	0.84282			6
2024.09.11	03:24:52.675	0.84280	0.84281			6
2024.09.11	03:24:53.348	0.84281	0.84282			6
2024.09.11	03:24:54.031	0.84280	0.84281			6
2024.09.11	03:24:54.443	0.84281	0.84282			6
2024.09.11	03:24:54.749	0.84280	0.84281			6
2024.09.11	03:24:56.137	0.84281	0.84282			6
2024.09.11	03:24:57.677	0.84280	0.84281			6
2024.09.11	03:24:58.344	0.84279	0.84280			6
2024.09.11	03:25:00.804	0.84279				2
2024.09.11	03:25:05.114	0.84280	0.84281			6
2024.09.11	03:25:10.935	0.84279	0.84280			6
2024.09.11	03:25:18.782	0.84280	0.84281			6
2024.09.11	03:25:25.001	0.84279	0.84280			6
2024.09.11	03:25:28.127	0.84280	0.84281			6
2024.09.11	03:25:30.296	0.84279	0.84280			6
2024.09.11	03:25:35.932	0.84278	0.84279			6
2024.09.11	03:25:36.258	0.84279	0.84280			6
2024.09.11	03:26:00.146	0.84279				2
2024.09.11	03:26:05.911	0.84280	0.84281			6
2024.09.11	03:26:10.199	0.84279	0.84280			6
2024.09.11	03:26:44.334	0.84282	0.84283			6
2024.09.11	03:26:44.696	0.84281	0.84282			6
2024.09.11	03:26:45.183	0.84282	0.84283			6
2024.09.11	03:26:51.504	0.84281	0.84282			6
2024.09.11	03:26:56.346	0.84282	0.84283			6
2024.09.11	03:26:59.156	0.84283	0.84284			6
2024.09.11	03:27:00.360	0.84283				2
2024.09.11	03:27:02.742	0.84282	0.84283			6
2024.09.11	03:27:04.346	0.84283	0.84284			6
2024.09.11	03:27:09.175	0.84282	0.84283			6
2024.09.11	03:27:11.125	0.84281	0.84282			6
2024.09.11	03:27:18.824	0.84282	0.84283			6
2024.09.11	03:27:29.205	0.84281	0.84282			6
2024.09.11	03:27:30.224	0.84283	0.84284			6
2024.09.11	03:27:30.533	0.84284	0.84285			6
2024.09.11	03:27:30.936	0.84283	0.84284			6
2024.09.11	03:27:37.804	0.84284	0.84285			6
2024.09.11	03:27:45.112	0.84283	0.84284			6
2024.09.11	03:27:45.503	0.84284	0.84285			6
2024.09.11	03:27:46.281	0.84283	0.84284			6
2024.09.11	03:27:50.888	0.84282	0.84283			6
2024.09.11	03:27:52.397	0.84281	0.84282			6
2024.09.11	03:27:53.077	0.84280	0.84281			6
2024.09.11	03:27:56.062	0.84281	0.84282			6
2024.09.11	03:28:00.387	0.84281				2
2024.09.11	03:28:05.945	0.84282	0.84283			6
2024.09.11	03:28:10.935	0.84281	0.84282			6
2024.09.11	03:28:25.112	0.84282	0.84283			6
2024.09.11	03:28:27.019	0.84281	0.84282			6
2024.09.11	03:28:28.502	0.84283	0.84284			6
2024.09.11	03:28:34.993	0.84284	0.84285			6
2024.09.11	03:28:35.354	0.84283	0.84284			6
2024.09.11	03:28:37.241	0.84284	0.84285			6
2024.09.11	03:28:38.076	0.84283	0.84284			6
2024.09.11	03:28:51.158	0.84284	0.84285			6
2024.09.11	03:29:00.845	0.84284				2
2024.09.11	03:29:16.035	0.84283	0.84284			6
2024.09.11	03:29:19.616	0.84282	0.84283			6
2024.09.11	03:29:19.940	0.84283	0.84284			6
2024.09.11	03:29:20.309	0.84282	0.84283			6
2024.09.11	03:29:26.143	0.84281	0.84282			6
2024.09.11	03:29:26.465	0.84282	0.84283			6
2024.09.11	03:29:29.323	0.84281	0.84282			6
2024.09.11	03:29:41.962	0.84283	0.84284			6
2024.09.11	03:29:43.210	0.84284	0.84285			6
2024.09.11	03:29:44.804	0.84282	0.84283			6
2024.09.11	03:29:45.188	0.84281	0.84282			6
2024.09.11	03:29:53.032	0.84280	0.84281			6
2024.09.11	03:29:53.381	0.84281	0.84282			6
2024.09.11	03:29:53.720	0.84282	0.84283			6
2024.09.11	03:29:54.020	0.84281	0.84282			6
2024.09.11	03:30:00.322	0.84280	0.84281			6
2024.09.11	03:30:02.195	0.84279	0.84280			6
2024.09.11	03:30:02.527	0.84280	0.84281			6
2024.09.11	03:30:14.190	0.84281	0.84282			6
2024.09.11	03:30:14.490	0.84282	0.84283			6
2024.09.11	03:30:18.913	0.84284	0.84285			6
2024.09.11	03:30:28.957	0.84283	0.84284			6
2024.09.11	03:30:29.330	0.84284	0.84285			6
2024.09.11	03:30:32.803	0.84285	0.84286			6
2024.09.11	03:30:33.537	0.84284	0.84285			6
2024.09.11	03:30:35.182	0.84285	0.84286			6
2024.09.11	03:30:35.909	0.84284	0.84285			6
2024.09.11	03:30:38.746	0.84283	0.84284			6
2024.09.11	03:30:39.052	0.84282	0.84283			6
2024.09.11	03:30:39.395	0.84283	0.84284			6
2024.09.11	03:30:39.827	0.84281	0.84282			6
2024.09.11	03:30:47.542	0.84280	0.84281			6
2024.09.11	03:30:57.062	0.84279	0.84280			6
2024.09.11	03:30:57.651	0.84280	0.84281			6
2024.09.11	03:31:00.387	0.84279	0.84280			6
2024.09.11	03:31:11.664	0.84276	0.84277			6
2024.09.11	03:31:24.678	0.84275	0.84276			6
2024.09.11	03:31:26.438	0.84274	0.84275			6
2024.09.11	03:31:34.173	0.84275	0.84276			6
2024.09.11	03:31:35.242	0.84277	0.84278			6
2024.09.11	03:31:37.281	0.84278	0.84279			6
2024.09.11	03:31:37.816	0.84279	0.84280			6
2024.09.11	03:31:38.484	0.84280	0.84281			6
2024.09.11	03:32:00.428	0.84280				2
2024.09.11	03:32:01.352	0.84281	0.84282			6
2024.09.11	03:32:06.781	0.84280	0.84281			6
2024.09.11	03:32:24.994	0.84281	0.84282			6
2024.09.11	03:32:26.675	0.84280	0.84281			6
2024.09.11	03:32:32.501	0.84279	0.84280			6
2024.09.11	03:32:44.617	0.84278	0.84279			6
2024.09.11	03:32:45.890	0.84277	0.84278			6
2024.09.11	03:32:46.202	0.84279	0.84280			6
2024.09.11	03:32:47.696	0.84280	0.84281			6
2024.09.11	03:32:55.658	0.84281	0.84282			6
2024.09.11	03:33:00.891	0.84281				2
2024.09.11	03:33:03.618	0.84280	0.84281			6
2024.09.11	03:33:09.507	0.84282	0.84283			6
2024.09.11	03:33:24.214	0.84281	0.84282			6
2024.09.11	03:33:30.379	0.84282	0.84283			6
2024.09.11	03:33:37.383	0.84283	0.84284			6
2024.09.11	03:33:38.901	0.84284	0.84285			6
2024.09.11	03:33:39.241	0.84282	0.84283			6
2024.09.11	03:33:39.586	0.84283	0.84284			6
2024.09.11	03:33:40.556	0.84282	0.84283			6
2024.09.11	03:33:44.067	0.84283	0.84284			6
2024.09.11	03:33:44.783	0.84284	0.84285			6
2024.09.11	03:33:53.100	0.84282	0.84283			6
2024.09.11	03:33:54.482	0.84281	0.84282			6
2024.09.11	03:33:57.054	0.84282	0.84283			6
2024.09.11	03:33:58.241	0.84281	0.84282			6
2024.09.11	03:34:00.447	0.84281				2
2024.09.11	03:34:04.353	0.84282	0.84283			6
2024.09.11	03:34:05.047	0.84281	0.84282			6
2024.09.11	03:34:09.445	0.84282	0.84283			6
2024.09.11	03:34:20.582	0.84283	0.84284			6
2024.09.11	03:34:27.647	0.84282	0.84283			6
2024.09.11	03:34:34.199	0.84281	0.84282			6
2024.09.11	03:34:34.585	0.84282	0.84283			6
2024.09.11	03:34:35.380	0.84281	0.84282			6
2024.09.11	03:34:40.711	0.84282	0.84283			6
2024.09.11	03:34:43.682	0.84281	0.84282			6
2024.09.11	03:34:45.372	0.84282	0.84283			6
2024.09.11	03:34:45.941	0.84281	0.84282			6
2024.09.11	03:34:54.544	0.84280	0.84281			6
2024.09.11	03:35:00.042	0.84280				2
2024.09.11	03:35:10.896	0.84275	0.84276			6
2024.09.11	03:35:13.719	0.84272	0.84273			6
2024.09.11	03:35:14.025	0.84273	0.84274			6
2024.09.11	03:35:14.412	0.84272	0.84273			6
2024.09.11	03:35:16.887	0.84271	0.84272			6
2024.09.11	03:35:19.022	0.84270	0.84271			6
2024.09.11	03:35:19.647	0.84269	0.84270			6
2024.09.11	03:35:19.964	0.84268	0.84269			6
2024.09.11	03:35:20.315	0.84269	0.84270			6
2024.09.11	03:35:21.061	0.84268	0.84269			6
2024.09.11	03:35:30.456	0.84270	0.84271			6
2024.09.11	03:35:30.818	0.84271	0.84272			6
2024.09.11	03:35:37.361	0.84270	0.84271			6
2024.09.11	03:35:41.972	0.84269	0.84270			6
2024.09.11	03:35:59.471	0.84270	0.84271			6
2024.09.11	03:35:59.778	0.84269	0.84270			6
2024.09.11	03:36:00.208	0.84270	0.84271			6
2024.09.11	03:36:02.509	0.84269	0.84270			6
2024.09.11	03:36:19.622	0.84270	0.84271			6
2024.09.11	03:36:29.854	0.84269	0.84270			6
2024.09.11	03:36:31.403	0.84267	0.84268			6
2024.09.11	03:36:31.715	0.84269	0.84270			6
2024.09.11	03:37:00.269	0.84269				2
2024.09.11	03:37:02.829	0.84270	0.84271			6
2024.09.11	03:37:03.441	0.84269	0.84270			6
2024.09.11	03:37:25.825	0.84270	0.84271			6
2024.09.11	03:37:31.218	0.84269	0.84270			6
2024.09.11	03:37:34.839	0.84270	0.84271			6
2024.09.11	03:37:35.640	0.84269	0.84270			6
2024.09.11	03:37:38.137	0.84270	0.84271			6
2024.09.11	03:37:38.478	0.84269	0.84270			6
2024.09.11	03:37:43.153	0.84268	0.84269			6
2024.09.11	03:37:54.310	0.84269	0.84270			6
2024.09.11	03:38:01.053	0.84269				2
2024.09.11	03:38:02.931	0.84270	0.84271			6
2024.09.11	03:38:42.984	0.84269	0.84270			6
2024.09.11	03:38:47.892	0.84270	0.84271			6
2024.09.11	03:38:58.465	0.84271	0.84272			6
2024.09.11	03:39:00.014	0.84271				2
2024.09.11	03:39:09.418	0.84270	0.84271			6
2024.09.11	03:39:12.058	0.84271	0.84272			6
2024.09.11	03:39:13.369	0.84270	0.84271			6
2024.09.11	03:39:14.512	0.84271	0.84272			6
2024.09.11	03:39:28.789	0.84274	0.84275			6
2024.09.11	03:39:48.806	0.84271	0.84272			6
2024.09.11	03:40:00.395	0.84271				2
2024.09.11	03:40:20.162	0.84272	0.84273			6
