<DATE>	<TIME>	<BID>	<ASK>	<LAST>	<VOLUME>	<FLAGS>
2024.10.14	00:00:00.459	0.83592	0.83796			6
2024.10.14	00:01:10.485	0.83588	0.83747			6
2024.10.14	00:01:30.258	0.83624	0.83708			6
2024.10.14	00:01:36.005	0.83588	0.83747			6
2024.10.14	00:03:02.282	0.83603	0.83736			6
2024.10.14	00:03:04.794	0.83601	0.83738			6
2024.10.14	00:03:05.094		0.83737			4
2024.10.14	00:03:05.607	0.83602	0.83740			6
2024.10.14	00:03:10.624	0.83603				2
2024.10.14	00:03:20.398	0.83604				2
2024.10.14	00:03:23.067		0.83741			4
2024.10.14	00:03:30.334	0.83603	0.83739			6
2024.10.14	00:03:34.416	0.83602	0.83740			6
2024.10.14	00:03:37.630	0.83603	0.83742			6
2024.10.14	00:03:38.339		0.83740			4
2024.10.14	00:03:39.568	0.83602	0.83741			6
2024.10.14	00:03:46.363		0.83739			4
2024.10.14	00:03:58.714	0.83601				2
2024.10.14	00:04:44.461	0.83601	0.83737			6
2024.10.14	00:04:50.031	0.83602	0.83739			6
2024.10.14	00:05:00.556	0.83603	0.83741			6
2024.10.14	00:05:01.130	0.83592	0.83747			6
2024.10.14	00:05:01.513	0.83595				2
2024.10.14	00:05:02.581	0.83597				2
2024.10.14	00:05:02.937	0.83600				2
2024.10.14	00:05:03.720	0.83601	0.83745			6
2024.10.14	00:05:05.020	0.83603				2
2024.10.14	00:05:06.929	0.83604	0.83743			6
2024.10.14	00:05:08.760		0.83744			4
2024.10.14	00:05:09.117	0.83605	0.83743			6
2024.10.14	00:05:09.900	0.83606				2
2024.10.14	00:05:12.354	0.83607	0.83742			6
2024.10.14	00:05:16.179	0.83608	0.83741			6
2024.10.14	00:05:17.985		0.83738			4
2024.10.14	00:05:23.287	0.83609	0.83739			6
2024.10.14	00:05:23.634	0.83610				2
2024.10.14	00:05:24.906	0.83611	0.83740			6
2024.10.14	00:05:27.022		0.83738			4
2024.10.14	00:05:28.221	0.83612	0.83739			6
2024.10.14	00:05:29.468	0.83613	0.83731			6
2024.10.14	00:05:30.504	0.83616				2
2024.10.14	00:05:31.632		0.83734			4
2024.10.14	00:05:32.039		0.83736			4
2024.10.14	00:05:32.459		0.83735			4
2024.10.14	00:05:38.861		0.83736			4
2024.10.14	00:06:01.035	0.83616				2
2024.10.14	00:06:02.060		0.83733			4
2024.10.14	00:06:58.614		0.83732			4
2024.10.14	00:07:10.915	0.83616	0.83730			6
2024.10.14	00:07:11.241		0.83732			4
2024.10.14	00:07:11.616		0.83730			4
2024.10.14	00:07:41.604	0.83614				2
2024.10.14	00:07:41.910		0.83729			4
2024.10.14	00:07:57.780	0.83617	0.83728			6
2024.10.14	00:08:00.368	0.83617				2
2024.10.14	00:08:01.038	0.83615				2
2024.10.14	00:08:09.449		0.83726			4
2024.10.14	00:08:11.968		0.83728			4
2024.10.14	00:08:51.184	0.83576	0.83773			6
2024.10.14	00:09:13.668	0.83576				2
2024.10.14	00:09:25.215	0.83588	0.83737			6
2024.10.14	00:10:00.453	0.83626	0.83712			6
2024.10.14	00:10:01.058		0.83737			4
2024.10.14	00:10:20.193		0.83738			4
2024.10.14	00:11:00.739	0.83626				2
2024.10.14	00:11:07.642		0.83715			4
2024.10.14	00:12:04.597	0.83626	0.83738			6
2024.10.14	00:12:05.239		0.83712			4
2024.10.14	00:12:16.571	0.83605	0.83702			6
2024.10.14	00:13:01.563	0.83605				2
2024.10.14	00:13:19.043		0.83702			4
2024.10.14	00:14:00.200	0.83605				2
2024.10.14	00:14:01.018	0.83612	0.83734			6
2024.10.14	00:14:31.043	0.83611				2
2024.10.14	00:15:01.342	0.83611	0.83734			6
2024.10.14	00:15:33.336		0.83735			4
2024.10.14	00:15:34.638	0.83610				2
2024.10.14	00:16:01.038	0.83610				2
2024.10.14	00:16:20.243		0.83736			4
2024.10.14	00:16:52.196	0.83611	0.83735			6
2024.10.14	00:17:01.569	0.83611				2
2024.10.14	00:17:25.013	0.83620	0.83725			6
2024.10.14	00:17:49.484		0.83726			4
2024.10.14	00:17:53.239		0.83725			4
2024.10.14	00:18:02.849	0.83620				2
2024.10.14	00:18:13.040		0.83726			4
2024.10.14	00:18:39.666	0.83619				2
2024.10.14	00:18:40.939	0.83620				2
2024.10.14	00:19:00.601	0.83620				2
2024.10.14	00:19:13.051		0.83726			4
2024.10.14	00:19:24.152	0.83619				2
2024.10.14	00:20:00.301	0.83620				2
2024.10.14	00:20:02.241		0.83725			4
2024.10.14	00:20:25.671	0.83626	0.83738			6
2024.10.14	00:20:26.554	0.83625				2
2024.10.14	00:20:27.095	0.83624				2
2024.10.14	00:21:01.038	0.83624				2
2024.10.14	00:21:20.212		0.83741			4
2024.10.14	00:22:01.340	0.83624				2
2024.10.14	00:22:30.598		0.83741			4
2024.10.14	00:23:03.445	0.83624				2
2024.10.14	00:23:31.341		0.83741			4
2024.10.14	00:24:00.601	0.83624				2
2024.10.14	00:24:41.541		0.83741			4
2024.10.14	00:25:00.208	0.83624				2
2024.10.14	00:25:04.943	0.83623				2
2024.10.14	00:25:54.446		0.83741			4
2024.10.14	00:26:00.600	0.83623				2
2024.10.14	00:26:30.127	0.83611	0.83719			6
2024.10.14	00:26:31.605	0.83618	0.83739			6
2024.10.14	00:26:35.869	0.83611	0.83719			6
2024.10.14	00:27:06.440	0.83611				2
2024.10.14	00:27:37.942		0.83719			4
2024.10.14	00:28:10.602	0.83611				2
2024.10.14	00:28:40.212		0.83719			4
2024.10.14	00:29:03.141	0.83611				2
2024.10.14	00:29:41.594		0.83719			4
2024.10.14	00:30:00.385	0.83611				2
2024.10.14	00:30:04.042	0.83612	0.83718			6
2024.10.14	00:30:10.941		0.83717			4
2024.10.14	00:30:12.996	0.83613				2
2024.10.14	00:30:17.839	0.83614	0.83716			6
2024.10.14	00:30:25.640	0.83615	0.83715			6
2024.10.14	00:30:33.141	0.83616	0.83714			6
2024.10.14	00:30:41.841	0.83617	0.83713			6
2024.10.14	00:30:50.241	0.83618	0.83712			6
2024.10.14	00:30:59.542	0.83619	0.83711			6
2024.10.14	00:31:00.432	0.83619				2
2024.10.14	00:31:07.938	0.83620	0.83710			6
2024.10.14	00:31:18.739	0.83621	0.83709			6
2024.10.14	00:31:27.741	0.83622	0.83708			6
2024.10.14	00:31:39.740	0.83623	0.83707			6
2024.10.14	00:31:58.640	0.83624	0.83706			6
2024.10.14	00:32:02.840	0.83624				2
2024.10.14	00:32:15.445		0.83705			4
2024.10.14	00:32:16.939	0.83625				2
2024.10.14	00:32:33.258	0.83626	0.83704			6
2024.10.14	00:32:35.549	0.83625	0.83705			6
2024.10.14	00:32:37.040		0.83704			4
2024.10.14	00:32:38.542	0.83626				2
2024.10.14	00:32:54.746		0.83703			4
2024.10.14	00:32:57.144	0.83627				2
2024.10.14	00:33:02.539	0.83627				2
2024.10.14	00:33:27.095		0.83702			4
2024.10.14	00:33:28.358	0.83628				2
2024.10.14	00:34:01.941	0.83628	0.83701			6
2024.10.14	00:34:03.445	0.83629				2
2024.10.14	00:34:10.950	0.83627	0.83703			6
2024.10.14	00:34:13.487	0.83629	0.83701			6
2024.10.14	00:34:15.439	0.83628	0.83702			6
2024.10.14	00:34:16.638	0.83627				2
2024.10.14	00:34:19.038	0.83628				2
2024.10.14	00:34:20.982	0.83629	0.83701			6
2024.10.14	00:34:21.470	0.83628				2
2024.10.14	00:34:22.939	0.83629				2
2024.10.14	00:34:34.233	0.83627	0.83702			6
2024.10.14	00:34:35.241	0.83628				2
2024.10.14	00:34:36.812	0.83626	0.83703			6
2024.10.14	00:34:38.841		0.83704			4
2024.10.14	00:34:52.343	0.83627	0.83703			6
2024.10.14	00:35:05.855	0.83627				2
2024.10.14	00:35:07.041	0.83628	0.83702			6
2024.10.14	00:35:28.640	0.83629	0.83701			6
2024.10.14	00:35:42.919	0.83650	0.83713			6
2024.10.14	00:35:43.238		0.83714			4
2024.10.14	00:35:47.184		0.83718			4
2024.10.14	00:35:48.151	0.83629	0.83701			6
2024.10.14	00:35:56.190	0.83632	0.83698			6
2024.10.14	00:35:56.788	0.83633	0.83697			6
2024.10.14	00:36:01.272	0.83633				2
2024.10.14	00:36:10.841	0.83634	0.83696			6
2024.10.14	00:36:12.455	0.83633	0.83697			6
2024.10.14	00:36:15.741	0.83634	0.83696			6
2024.10.14	00:36:16.945	0.83633	0.83697			6
2024.10.14	00:36:18.140	0.83634	0.83696			6
2024.10.14	00:36:18.582	0.83632	0.83697			6
2024.10.14	00:36:20.246		0.83698			4
2024.10.14	00:36:25.420		0.83697			4
2024.10.14	00:36:27.993	0.83633				2
2024.10.14	00:36:38.824	0.83634	0.83696			6
2024.10.14	00:36:47.408	0.83630	0.83700			6
2024.10.14	00:36:48.083	0.83632	0.83698			6
2024.10.14	00:36:49.629	0.83633	0.83697			6
2024.10.14	00:36:50.832	0.83634	0.83696			6
2024.10.14	00:36:51.920	0.83632	0.83698			6
2024.10.14	00:36:53.540	0.83633	0.83697			6
2024.10.14	00:37:00.601	0.83633				2
2024.10.14	00:37:09.982	0.83631	0.83699			6
2024.10.14	00:37:11.785	0.83628	0.83702			6
2024.10.14	00:37:12.219	0.83630	0.83700			6
2024.10.14	00:37:13.329	0.83627	0.83703			6
2024.10.14	00:37:14.705	0.83630	0.83700			6
2024.10.14	00:37:15.702	0.83632	0.83698			6
2024.10.14	00:37:16.106	0.83629	0.83701			6
2024.10.14	00:37:17.372	0.83627	0.83703			6
2024.10.14	00:37:18.092	0.83630	0.83700			6
2024.10.14	00:37:19.938	0.83631	0.83699			6
2024.10.14	00:37:22.544	0.83628	0.83702			6
2024.10.14	00:37:22.851	0.83630	0.83700			6
2024.10.14	00:37:25.339		0.83699			4
2024.10.14	00:37:27.125	0.83631				2
2024.10.14	00:37:53.832	0.83628	0.83701			6
2024.10.14	00:37:54.987	0.83632	0.83698			6
2024.10.14	00:38:04.730	0.83632				2
2024.10.14	00:38:15.262	0.83629	0.83701			6
2024.10.14	00:38:15.679	0.83632	0.83698			6
2024.10.14	00:38:27.139	0.83631	0.83699			6
2024.10.14	00:38:27.443	0.83629	0.83701			6
2024.10.14	00:38:29.875	0.83628	0.83702			6
2024.10.14	00:38:32.494	0.83630	0.83700			6
2024.10.14	00:38:33.097	0.83628	0.83702			6
2024.10.14	00:38:35.526	0.83631	0.83699			6
2024.10.14	00:38:36.083	0.83628	0.83701			6
2024.10.14	00:38:37.340	0.83630	0.83700			6
2024.10.14	00:38:38.179	0.83628	0.83701			6
2024.10.14	00:38:39.439	0.83632	0.83698			6
2024.10.14	00:38:46.380	0.83631	0.83699			6
2024.10.14	00:38:47.487	0.83632	0.83698			6
2024.10.14	00:38:51.986	0.83628	0.83702			6
2024.10.14	00:38:52.324	0.83632	0.83698			6
2024.10.14	00:38:53.540	0.83629	0.83701			6
2024.10.14	00:38:55.334	0.83632	0.83698			6
2024.10.14	00:39:04.640	0.83632				2
2024.10.14	00:39:05.838	0.83631	0.83699			6
2024.10.14	00:39:16.646	0.83632	0.83698			6
2024.10.14	00:39:42.717	0.83633	0.83697			6
2024.10.14	00:39:43.949	0.83634	0.83696			6
2024.10.14	00:39:44.304	0.83631	0.83699			6
2024.10.14	00:39:45.142	0.83634	0.83696			6
2024.10.14	00:39:45.711	0.83635	0.83695			6
2024.10.14	00:39:48.139	0.83634	0.83696			6
2024.10.14	00:39:49.453	0.83635	0.83695			6
2024.10.14	00:39:51.202	0.83636	0.83694			6
2024.10.14	00:40:00.132	0.83632	0.83698			6
2024.10.14	00:40:03.341	0.83631	0.83699			6
2024.10.14	00:40:04.066	0.83624	0.83706			6
2024.10.14	00:40:07.940	0.83623				2
2024.10.14	00:40:09.439	0.83624				2
2024.10.14	00:40:10.191	0.83621	0.83709			6
2024.10.14	00:40:10.640	0.83622	0.83708			6
2024.10.14	00:40:13.340	0.83621	0.83709			6
2024.10.14	00:40:14.723	0.83622				2
2024.10.14	00:40:15.090	0.83621				2
2024.10.14	00:40:16.829	0.83622	0.83710			6
2024.10.14	00:40:17.212	0.83624	0.83711			6
2024.10.14	00:40:17.713	0.83619				2
2024.10.14	00:40:18.438	0.83620	0.83710			6
2024.10.14	00:40:20.220	0.83623				2
2024.10.14	00:40:22.038	0.83621	0.83709			6
2024.10.14	00:40:24.815	0.83622	0.83708			6
2024.10.14	00:40:26.738	0.83623	0.83707			6
2024.10.14	00:40:31.640	0.83622	0.83708			6
2024.10.14	00:40:34.641		0.83707			4
2024.10.14	00:40:37.941	0.83623				2
2024.10.14	00:41:00.390	0.83623				2
2024.10.14	00:41:13.582	0.83622	0.83708			6
2024.10.14	00:41:14.840	0.83623	0.83707			6
2024.10.14	00:41:16.031	0.83622	0.83708			6
2024.10.14	00:41:20.784	0.83623	0.83707			6
2024.10.14	00:42:08.842	0.83623				2
2024.10.14	00:42:23.819		0.83707			4
2024.10.14	00:42:58.027	0.83624	0.83706			6
2024.10.14	00:42:59.920	0.83623	0.83707			6
2024.10.14	00:43:01.045	0.83623				2
2024.10.14	00:43:07.862	0.83621	0.83708			6
2024.10.14	00:43:09.441	0.83622				2
2024.10.14	00:43:13.283	0.83624	0.83706			6
2024.10.14	00:43:32.728	0.83623				2
2024.10.14	00:43:35.241	0.83624				2
2024.10.14	00:43:40.938	0.83623	0.83707			6
2024.10.14	00:43:59.838	0.83624	0.83706			6
2024.10.14	00:44:00.843	0.83624				2
2024.10.14	00:44:03.361	0.83623	0.83707			6
2024.10.14	00:44:07.945	0.83624	0.83706			6
2024.10.14	00:44:14.843	0.83623	0.83707			6
2024.10.14	00:44:15.771	0.83624	0.83706			6
2024.10.14	00:44:23.839	0.83623	0.83707			6
2024.10.14	00:44:25.043	0.83624	0.83706			6
2024.10.14	00:44:26.538	0.83623	0.83707			6
2024.10.14	00:44:28.075	0.83624	0.83706			6
2024.10.14	00:44:29.574	0.83623	0.83707			6
2024.10.14	00:44:31.049	0.83624	0.83706			6
2024.10.14	00:44:31.580	0.83623	0.83707			6
2024.10.14	00:44:32.860	0.83622	0.83708			6
2024.10.14	00:44:34.941	0.83623	0.83707			6
2024.10.14	00:44:55.639	0.83624	0.83706			6
2024.10.14	00:45:02.105	0.83645	0.83725			6
2024.10.14	00:45:04.013	0.83624	0.83706			6
2024.10.14	00:45:07.096	0.83636	0.83694			6
2024.10.14	00:45:43.944	0.83635	0.83695			6
2024.10.14	00:46:05.323	0.83635				2
2024.10.14	00:46:13.685	0.83634	0.83696			6
2024.10.14	00:46:16.355	0.83635	0.83695			6
2024.10.14	00:46:23.044	0.83634	0.83696			6
2024.10.14	00:46:26.813	0.83635	0.83695			6
2024.10.14	00:46:44.247	0.83634	0.83696			6
2024.10.14	00:46:49.039	0.83635	0.83695			6
2024.10.14	00:47:00.690	0.83636	0.83694			6
2024.10.14	00:47:02.095	0.83657	0.83713			6
2024.10.14	00:47:04.001	0.83636	0.83694			6
2024.10.14	00:47:06.416	0.83635	0.83695			6
2024.10.14	00:47:09.139	0.83636	0.83694			6
2024.10.14	00:47:14.831	0.83635	0.83695			6
2024.10.14	00:48:02.238	0.83635				2
2024.10.14	00:48:07.105	0.83637	0.83693			6
2024.10.14	00:48:08.203	0.83636	0.83694			6
2024.10.14	00:48:14.069	0.83635	0.83695			6
2024.10.14	00:48:15.440	0.83637	0.83693			6
2024.10.14	00:48:19.948	0.83636				2
2024.10.14	00:48:25.941	0.83637				2
2024.10.14	00:48:45.443	0.83636	0.83694			6
2024.10.14	00:48:46.945	0.83637	0.83693			6
2024.10.14	00:48:48.140	0.83636	0.83694			6
2024.10.14	00:48:49.376	0.83637	0.83693			6
2024.10.14	00:48:50.412	0.83636	0.83694			6
2024.10.14	00:48:51.114	0.83629				2
2024.10.14	00:48:55.025	0.83633	0.83693			6
2024.10.14	00:48:56.882		0.83692			4
2024.10.14	00:48:58.682		0.83691			4
2024.10.14	00:49:00.598	0.83633				2
2024.10.14	00:49:00.980	0.83631				2
2024.10.14	00:49:03.999	0.83624				2
2024.10.14	00:49:07.416		0.83692			4
2024.10.14	00:49:07.762	0.83633				2
2024.10.14	00:49:08.238		0.83693			4
2024.10.14	00:49:26.483		0.83692			4
2024.10.14	00:49:29.659		0.83693			4
2024.10.14	00:49:32.338	0.83632	0.83691			6
2024.10.14	00:49:32.924		0.83692			4
2024.10.14	00:49:38.286	0.83631	0.83691			6
2024.10.14	00:49:39.862		0.83692			4
2024.10.14	00:49:43.342	0.83633				2
2024.10.14	00:50:01.577	0.83633				2
2024.10.14	00:50:06.178		0.83691			4
2024.10.14	00:50:09.741		0.83690			4
2024.10.14	00:50:11.572	0.83631				2
2024.10.14	00:50:12.442		0.83691			4
2024.10.14	00:50:16.343		0.83690			4
2024.10.14	00:50:17.386	0.83633				2
2024.10.14	00:50:26.585		0.83691			4
2024.10.14	00:50:28.940		0.83692			4
2024.10.14	00:50:31.792		0.83691			4
2024.10.14	00:50:36.438		0.83690			4
2024.10.14	00:50:46.805	0.83632				2
2024.10.14	00:50:51.014	0.83622				2
2024.10.14	00:50:51.474	0.83632				2
2024.10.14	00:50:52.490		0.83688			4
2024.10.14	00:50:53.845		0.83689			4
2024.10.14	00:51:03.739	0.83622				2
2024.10.14	00:51:04.044	0.83633	0.83691			6
2024.10.14	00:51:06.052		0.83689			4
2024.10.14	00:51:12.316	0.83627				2
2024.10.14	00:51:27.121	0.83624				2
2024.10.14	00:51:27.634	0.83628				2
2024.10.14	00:51:38.494	0.83624				2
2024.10.14	00:51:39.181	0.83627	0.83688			6
2024.10.14	00:51:41.544		0.83689			4
2024.10.14	00:51:41.920		0.83690			4
2024.10.14	00:51:45.206	0.83624				2
2024.10.14	00:52:00.440	0.83625				2
2024.10.14	00:52:03.657	0.83628				2
2024.10.14	00:52:10.570	0.83625				2
2024.10.14	00:52:16.346		0.83691			4
2024.10.14	00:52:18.823	0.83628				2
2024.10.14	00:52:24.345	0.83625				2
2024.10.14	00:52:35.827		0.83690			4
2024.10.14	00:52:39.218	0.83628				2
2024.10.14	00:52:49.427	0.83625				2
2024.10.14	00:52:57.956		0.83689			4
2024.10.14	00:53:00.142	0.83625	0.83690			6
2024.10.14	00:53:30.058		0.83689			4
2024.10.14	00:53:32.541		0.83690			4
2024.10.14	00:53:35.239		0.83689			4
2024.10.14	00:53:38.541		0.83688			4
2024.10.14	00:53:39.169		0.83690			4
2024.10.14	00:53:41.415		0.83691			4
2024.10.14	00:53:45.336		0.83690			4
2024.10.14	00:53:51.334	0.83626				2
2024.10.14	00:53:59.980	0.83625				2
2024.10.14	00:54:00.975	0.83625				2
2024.10.14	00:54:07.798	0.83626				2
2024.10.14	00:54:08.843	0.83625				2
2024.10.14	00:54:10.511	0.83626				2
2024.10.14	00:54:13.156	0.83625				2
2024.10.14	00:54:14.838		0.83689			4
2024.10.14	00:54:16.344		0.83688			4
2024.10.14	00:54:18.981		0.83687			4
2024.10.14	00:54:19.801	0.83626	0.83688			6
2024.10.14	00:54:25.336	0.83625				2
2024.10.14	00:54:26.655		0.83687			4
2024.10.14	00:54:28.209		0.83688			4
2024.10.14	00:54:29.241		0.83687			4
2024.10.14	00:54:30.532	0.83626	0.83689			6
2024.10.14	00:54:35.690		0.83690			4
2024.10.14	00:54:38.430	0.83615	0.83678			6
2024.10.14	00:54:41.287		0.83679			4
2024.10.14	00:54:43.397		0.83680			4
2024.10.14	00:54:45.742		0.83681			4
2024.10.14	00:54:48.139		0.83682			4
2024.10.14	00:54:52.260		0.83681			4
2024.10.14	00:54:57.664		0.83680			4
2024.10.14	00:54:58.938		0.83681			4
2024.10.14	00:55:00.174	0.83615	0.83684			6
2024.10.14	00:55:01.280		0.83685			4
2024.10.14	00:55:15.251		0.83684			4
2024.10.14	00:55:21.756		0.83685			4
2024.10.14	00:55:33.459	0.83617				2
2024.10.14	00:55:37.689		0.83684			4
2024.10.14	00:56:02.881	0.83617	0.83685			6
2024.10.14	00:56:12.668		0.83684			4
2024.10.14	00:56:28.458	0.83615				2
2024.10.14	00:56:44.904		0.83678			4
2024.10.14	00:56:46.224		0.83677			4
2024.10.14	00:56:48.142		0.83676			4
2024.10.14	00:57:09.866	0.83615	0.83677			6
2024.10.14	00:57:15.317		0.83676			4
2024.10.14	00:57:23.460	0.83606				2
2024.10.14	00:57:31.340		0.83677			4
2024.10.14	00:57:54.145		0.83676			4
2024.10.14	00:57:57.441		0.83677			4
2024.10.14	00:58:03.145	0.83606				2
2024.10.14	00:58:18.465	0.83607				2
2024.10.14	00:59:05.321	0.83607	0.83677			6
2024.10.14	00:59:10.378		0.83678			4
2024.10.14	00:59:14.123		0.83679			4
2024.10.14	00:59:18.166		0.83674			4
2024.10.14	00:59:19.552		0.83673			4
2024.10.14	00:59:30.498		0.83674			4
2024.10.14	00:59:31.591		0.83673			4
2024.10.14	00:59:41.019		0.83677			4
2024.10.14	00:59:44.882		0.83675			4
2024.10.14	00:59:51.783		0.83676			4
2024.10.14	01:00:00.312	0.83607	0.83706			6
2024.10.14	01:00:00.629	0.83611	0.83699			6
2024.10.14	01:00:00.967	0.83621	0.83704			6
2024.10.14	01:00:01.380		0.83701			4
2024.10.14	01:00:01.683	0.83643	0.83697			6
2024.10.14	01:00:02.190	0.83621	0.83694			6
2024.10.14	01:00:02.501	0.83662	0.83687			6
2024.10.14	01:00:02.807	0.83661	0.83691			6
2024.10.14	01:00:03.240	0.83662				2
2024.10.14	01:00:04.323	0.83640	0.83686			6
2024.10.14	01:00:04.924	0.83642	0.83684			6
2024.10.14	01:00:05.300	0.83633	0.83682			6
2024.10.14	01:00:06.142	0.83634	0.83683			6
2024.10.14	01:00:06.443	0.83628	0.83684			6
2024.10.14	01:00:07.039	0.83631	0.83690			6
2024.10.14	01:00:07.387		0.83692			4
2024.10.14	01:00:09.228	0.83644				2
2024.10.14	01:00:10.141	0.83634	0.83690			6
2024.10.14	01:00:10.443	0.83644				2
2024.10.14	01:00:11.176		0.83689			4
2024.10.14	01:00:13.443		0.83690			4
2024.10.14	01:00:15.149		0.83691			4
2024.10.14	01:00:15.453	0.83642	0.83689			6
2024.10.14	01:00:15.791		0.83687			4
2024.10.14	01:00:16.152	0.83638				2
2024.10.14	01:00:16.490	0.83640	0.83685			6
2024.10.14	01:00:17.137	0.83639	0.83686			6
2024.10.14	01:00:17.545	0.83643	0.83689			6
2024.10.14	01:00:18.159	0.83636				2
2024.10.14	01:00:18.600	0.83644				2
2024.10.14	01:00:18.951	0.83637	0.83683			6
2024.10.14	01:00:20.541	0.83638				2
2024.10.14	01:00:21.866	0.83639	0.83682			6
2024.10.14	01:00:22.365	0.83642	0.83678			6
2024.10.14	01:00:22.762		0.83679			4
2024.10.14	01:00:23.118	0.83640	0.83683			6
2024.10.14	01:00:23.425	0.83641				2
2024.10.14	01:00:24.321	0.83649				2
2024.10.14	01:00:25.316		0.83681			4
2024.10.14	01:00:29.503	0.83655				2
2024.10.14	01:00:30.379	0.83638	0.83678			6
2024.10.14	01:00:30.786		0.83681			4
2024.10.14	01:00:31.104	0.83642				2
2024.10.14	01:00:31.570		0.83680			4
2024.10.14	01:00:32.314	0.83659	0.83684			6
2024.10.14	01:00:32.622	0.83660	0.83685			6
2024.10.14	01:00:33.471	0.83662				2
2024.10.14	01:00:35.877	0.83664	0.83687			6
2024.10.14	01:00:39.438		0.83688			4
2024.10.14	01:00:42.576	0.83663	0.83687			6
2024.10.14	01:00:44.680	0.83664				2
2024.10.14	01:00:45.179		0.83685			4
2024.10.14	01:00:45.676		0.83687			4
2024.10.14	01:00:46.812	0.83663	0.83686			6
2024.10.14	01:00:50.539	0.83664				2
2024.10.14	01:00:58.324	0.83663	0.83685			6
2024.10.14	01:01:00.310	0.83668	0.83689			6
2024.10.14	01:01:00.941	0.83669	0.83691			6
2024.10.14	01:01:01.280	0.83670	0.83692			6
2024.10.14	01:01:02.844	0.83666	0.83687			6
2024.10.14	01:01:03.410	0.83665				2
2024.10.14	01:01:03.900	0.83664	0.83685			6
2024.10.14	01:01:04.210		0.83687			4
2024.10.14	01:01:04.532	0.83667	0.83688			6
2024.10.14	01:01:05.529	0.83665	0.83686			6
2024.10.14	01:01:05.941	0.83663	0.83687			6
2024.10.14	01:01:06.243	0.83659	0.83679			6
2024.10.14	01:01:06.547	0.83658	0.83681			6
2024.10.14	01:01:07.321	0.83657	0.83680			6
2024.10.14	01:01:11.307	0.83656	0.83677			6
2024.10.14	01:01:11.623	0.83657	0.83676			6
2024.10.14	01:01:12.173	0.83658	0.83677			6
2024.10.14	01:01:14.318	0.83659	0.83678			6
2024.10.14	01:01:21.028	0.83660	0.83679			6
2024.10.14	01:01:22.941	0.83661				2
2024.10.14	01:01:23.657	0.83660	0.83678			6
2024.10.14	01:01:26.537	0.83662	0.83680			6
2024.10.14	01:01:27.018	0.83661				2
2024.10.14	01:01:29.238		0.83679			4
2024.10.14	01:01:38.678	0.83660	0.83678			6
2024.10.14	01:01:48.141	0.83661				2
2024.10.14	01:01:48.457		0.83679			4
2024.10.14	01:01:49.338		0.83678			4
2024.10.14	01:01:51.255	0.83663	0.83681			6
2024.10.14	01:01:52.718		0.83680			4
2024.10.14	01:01:56.147	0.83660	0.83678			6
2024.10.14	01:02:00.440	0.83660				2
2024.10.14	01:02:03.963	0.83663	0.83680			6
2024.10.14	01:02:06.993	0.83662	0.83679			6
2024.10.14	01:02:08.196	0.83660	0.83678			6
2024.10.14	01:02:08.615	0.83668	0.83680			6
2024.10.14	01:02:08.955	0.83667				2
2024.10.14	01:02:09.341	0.83672	0.83684			6
2024.10.14	01:02:11.570		0.83685			4
2024.10.14	01:02:12.474		0.83684			4
2024.10.14	01:02:15.649	0.83674	0.83686			6
2024.10.14	01:02:17.214		0.83687			4
2024.10.14	01:02:19.339		0.83686			4
2024.10.14	01:02:21.181		0.83687			4
2024.10.14	01:02:27.000	0.83673				2
2024.10.14	01:02:30.411	0.83674				2
2024.10.14	01:02:32.500	0.83676	0.83688			6
2024.10.14	01:02:33.294	0.83677	0.83690			6
2024.10.14	01:02:36.785	0.83678				2
2024.10.14	01:02:37.370	0.83676	0.83689			6
2024.10.14	01:02:38.238		0.83688			4
2024.10.14	01:02:38.614	0.83677	0.83690			6
2024.10.14	01:02:43.124	0.83679	0.83693			6
2024.10.14	01:02:46.818	0.83680				2
2024.10.14	01:02:47.215	0.83681	0.83694			6
2024.10.14	01:02:49.324	0.83682	0.83695			6
2024.10.14	01:02:50.369	0.83678	0.83693			6
2024.10.14	01:02:52.038		0.83692			4
2024.10.14	01:02:52.941	0.83681	0.83694			6
2024.10.14	01:02:53.251		0.83695			4
2024.10.14	01:02:54.257		0.83694			4
2024.10.14	01:02:55.520	0.83685	0.83699			6
2024.10.14	01:03:00.364	0.83685				2
2024.10.14	01:03:01.920		0.83698			4
2024.10.14	01:03:03.851		0.83699			4
2024.10.14	01:03:05.841		0.83698			4
2024.10.14	01:03:06.390	0.83687	0.83700			6
2024.10.14	01:03:08.821	0.83686	0.83699			6
2024.10.14	01:03:09.141	0.83687	0.83700			6
2024.10.14	01:03:12.569	0.83689	0.83701			6
2024.10.14	01:03:14.839		0.83702			4
2024.10.14	01:03:18.242	0.83688				2
2024.10.14	01:03:22.120	0.83687	0.83700			6
2024.10.14	01:03:22.992	0.83686	0.83699			6
2024.10.14	01:03:23.909	0.83688				2
2024.10.14	01:03:25.430	0.83686	0.83698			6
2024.10.14	01:03:28.071	0.83687				2
2024.10.14	01:03:30.092	0.83688	0.83700			6
2024.10.14	01:03:32.008	0.83686	0.83698			6
2024.10.14	01:03:38.848	0.83685	0.83697			6
2024.10.14	01:03:40.269	0.83689	0.83701			6
2024.10.14	01:03:42.146		0.83702			4
2024.10.14	01:03:43.989	0.83690				2
2024.10.14	01:03:45.929	0.83687	0.83700			6
2024.10.14	01:03:46.474	0.83688				2
2024.10.14	01:03:46.941	0.83690	0.83702			6
2024.10.14	01:03:50.099	0.83689				2
2024.10.14	01:03:50.766	0.83691				2
2024.10.14	01:03:51.139		0.83701			4
2024.10.14	01:03:53.238		0.83702			4
2024.10.14	01:03:56.144		0.83703			4
2024.10.14	01:04:00.436	0.83694	0.83705			6
2024.10.14	01:04:05.062	0.83695				2
2024.10.14	01:04:08.240		0.83706			4
2024.10.14	01:04:11.372	0.83699	0.83709			6
2024.10.14	01:04:11.714		0.83710			4
2024.10.14	01:04:12.670		0.83709			4
2024.10.14	01:04:22.339		0.83710			4
2024.10.14	01:04:22.643		0.83711			4
2024.10.14	01:04:24.739		0.83710			4
2024.10.14	01:04:26.370	0.83698	0.83711			6
2024.10.14	01:04:27.687	0.83699	0.83712			6
2024.10.14	01:04:28.354		0.83711			4
2024.10.14	01:04:30.673	0.83698	0.83710			6
2024.10.14	01:04:34.216	0.83702	0.83714			6
2024.10.14	01:04:35.538		0.83713			4
2024.10.14	01:04:36.439	0.83703				2
2024.10.14	01:04:37.973		0.83714			4
2024.10.14	01:04:39.121		0.83713			4
2024.10.14	01:04:41.587	0.83702	0.83712			6
2024.10.14	01:04:42.396		0.83713			4
2024.10.14	01:04:43.578	0.83703				2
2024.10.14	01:04:48.254	0.83704	0.83714			6
2024.10.14	01:04:48.567	0.83706	0.83716			6
2024.10.14	01:04:49.121	0.83704				2
2024.10.14	01:04:50.156	0.83706				2
2024.10.14	01:04:54.924	0.83705	0.83717			6
2024.10.14	01:04:57.072	0.83706	0.83718			6
2024.10.14	01:04:59.540		0.83717			4
2024.10.14	01:05:00.386	0.83706				2
2024.10.14	01:05:03.797	0.83709				2
2024.10.14	01:05:07.143	0.83713	0.83720			6
2024.10.14	01:05:07.447		0.83719			4
2024.10.14	01:05:08.265	0.83711	0.83718			6
2024.10.14	01:05:17.498	0.83712				2
2024.10.14	01:05:23.646		0.83721			4
2024.10.14	01:05:24.031		0.83720			4
2024.10.14	01:05:28.640		0.83721			4
2024.10.14	01:05:29.816		0.83720			4
2024.10.14	01:05:37.042		0.83719			4
2024.10.14	01:05:38.424	0.83711	0.83718			6
2024.10.14	01:05:40.577	0.83713	0.83719			6
2024.10.14	01:05:44.270		0.83721			4
2024.10.14	01:05:46.221	0.83716	0.83723			6
2024.10.14	01:05:47.120	0.83715				2
2024.10.14	01:05:55.721	0.83714				2
2024.10.14	01:05:56.838		0.83722			4
2024.10.14	01:06:01.640	0.83714				2
2024.10.14	01:06:01.996		0.83721			4
2024.10.14	01:06:02.392	0.83715	0.83723			6
2024.10.14	01:06:03.371	0.83716	0.83724			6
2024.10.14	01:06:10.575	0.83718				2
2024.10.14	01:06:16.790	0.83716	0.83725			6
2024.10.14	01:06:23.538		0.83723			4
2024.10.14	01:06:27.390	0.83718	0.83726			6
2024.10.14	01:06:28.349		0.83727			4
2024.10.14	01:06:29.230	0.83719				2
2024.10.14	01:06:30.970	0.83718	0.83726			6
2024.10.14	01:06:31.836	0.83719	0.83727			6
2024.10.14	01:06:32.230	0.83720				2
2024.10.14	01:06:33.281	0.83719				2
2024.10.14	01:06:41.370		0.83726			4
2024.10.14	01:06:42.990	0.83720				2
2024.10.14	01:06:43.313	0.83719	0.83727			6
2024.10.14	01:06:43.964	0.83720				2
2024.10.14	01:06:46.348		0.83728			4
2024.10.14	01:06:47.117		0.83726			4
2024.10.14	01:06:48.742		0.83727			4
2024.10.14	01:06:49.525		0.83726			4
2024.10.14	01:06:52.705		0.83725			4
2024.10.14	01:07:00.557	0.83719	0.83726			6
2024.10.14	01:07:02.538		0.83725			4
2024.10.14	01:07:19.554	0.83715	0.83721			6
2024.10.14	01:07:21.138		0.83720			4
2024.10.14	01:07:23.238	0.83712	0.83717			6
2024.10.14	01:07:23.559	0.83713				2
2024.10.14	01:07:26.039	0.83712				2
2024.10.14	01:07:27.779	0.83713				2
2024.10.14	01:07:31.186	0.83712				2
2024.10.14	01:07:36.087	0.83708	0.83715			6
2024.10.14	01:07:36.856	0.83712	0.83716			6
2024.10.14	01:07:38.745	0.83711				2
2024.10.14	01:07:39.069	0.83712	0.83718			6
2024.10.14	01:07:40.829		0.83717			4
2024.10.14	01:07:42.911	0.83713				2
2024.10.14	01:07:43.554	0.83712				2
2024.10.14	01:07:44.990	0.83714	0.83718			6
2024.10.14	01:07:45.364	0.83713				2
2024.10.14	01:07:46.070	0.83712				2
2024.10.14	01:07:47.841		0.83717			4
2024.10.14	01:07:50.362	0.83715	0.83723			6
2024.10.14	01:07:52.038		0.83722			4
2024.10.14	01:07:54.720	0.83716				2
2024.10.14	01:07:55.403		0.83723			4
2024.10.14	01:08:00.097	0.83717	0.83721			6
2024.10.14	01:08:02.870	0.83716				2
2024.10.14	01:08:03.554		0.83720			4
2024.10.14	01:08:04.466	0.83715				2
2024.10.14	01:08:05.377		0.83721			4
2024.10.14	01:08:08.581		0.83722			4
2024.10.14	01:08:09.101	0.83716	0.83723			6
2024.10.14	01:08:11.563	0.83715	0.83721			6
2024.10.14	01:08:12.338	0.83714				2
2024.10.14	01:08:14.221	0.83717	0.83723			6
2024.10.14	01:08:16.041		0.83722			4
2024.10.14	01:08:17.492		0.83723			4
2024.10.14	01:08:19.269	0.83718	0.83725			6
2024.10.14	01:08:19.881	0.83717				2
2024.10.14	01:08:21.823		0.83726			4
2024.10.14	01:08:23.269	0.83718				2
2024.10.14	01:08:24.449	0.83719	0.83728			6
2024.10.14	01:08:26.843		0.83727			4
2024.10.14	01:08:35.696	0.83720				2
2024.10.14	01:08:41.535	0.83719				2
2024.10.14	01:08:41.844	0.83720	0.83728			6
2024.10.14	01:08:42.784	0.83721				2
2024.10.14	01:08:47.239	0.83720	0.83727			6
2024.10.14	01:08:47.552	0.83718	0.83726			6
2024.10.14	01:08:48.398	0.83720	0.83727			6
2024.10.14	01:08:53.574	0.83718	0.83726			6
2024.10.14	01:09:00.206	0.83720				2
2024.10.14	01:09:01.651	0.83721				2
2024.10.14	01:09:02.542		0.83727			4
2024.10.14	01:09:03.195	0.83722	0.83728			6
2024.10.14	01:09:03.671	0.83721				2
2024.10.14	01:09:04.383	0.83722				2
2024.10.14	01:09:08.870	0.83721				2
2024.10.14	01:09:18.114	0.83722				2
2024.10.14	01:09:24.378	0.83721				2
2024.10.14	01:09:25.392	0.83722				2
2024.10.14	01:09:26.373	0.83721				2
2024.10.14	01:09:27.741		0.83729			4
2024.10.14	01:09:29.711	0.83722				2
2024.10.14	01:09:35.843		0.83728			4
2024.10.14	01:09:44.854		0.83729			4
2024.10.14	01:09:47.377	0.83721				2
2024.10.14	01:09:48.010	0.83722				2
2024.10.14	01:09:48.317		0.83730			4
2024.10.14	01:09:48.820	0.83723	0.83727			6
2024.10.14	01:09:52.435	0.83720				2
2024.10.14	01:09:52.939		0.83726			4
2024.10.14	01:10:00.400	0.83720				2
2024.10.14	01:10:01.371	0.83723	0.83730			6
2024.10.14	01:10:03.854		0.83731			4
2024.10.14	01:10:09.235	0.83722	0.83729			6
2024.10.14	01:10:09.574		0.83728			4
2024.10.14	01:10:11.370	0.83721				2
2024.10.14	01:10:12.780	0.83722				2
2024.10.14	01:10:13.960	0.83721				2
2024.10.14	01:10:21.530	0.83720				2
2024.10.14	01:10:21.843	0.83721				2
2024.10.14	01:10:31.506	0.83720	0.83726			6
2024.10.14	01:10:32.279	0.83721				2
2024.10.14	01:10:32.621	0.83720				2
2024.10.14	01:10:34.533	0.83721				2
2024.10.14	01:10:41.276	0.83719				2
2024.10.14	01:10:45.674	0.83718	0.83725			6
2024.10.14	01:10:46.691		0.83726			4
2024.10.14	01:10:51.759	0.83719	0.83724			6
2024.10.14	01:10:52.070	0.83718				2
2024.10.14	01:10:54.807	0.83716	0.83723			6
2024.10.14	01:10:55.114	0.83715				2
2024.10.14	01:10:55.457	0.83716				2
2024.10.14	01:11:00.550	0.83715	0.83721			6
2024.10.14	01:11:01.964	0.83714				2
2024.10.14	01:11:02.581	0.83715				2
2024.10.14	01:11:06.874	0.83713				2
2024.10.14	01:11:07.177	0.83715				2
2024.10.14	01:11:07.642	0.83714	0.83720			6
2024.10.14	01:11:10.735	0.83713				2
2024.10.14	01:11:12.746	0.83711	0.83719			6
2024.10.14	01:11:13.406	0.83710	0.83717			6
2024.10.14	01:11:16.236	0.83709	0.83715			6
2024.10.14	01:11:16.616	0.83710				2
2024.10.14	01:11:18.675	0.83709				2
2024.10.14	01:11:19.036	0.83710	0.83716			6
2024.10.14	01:11:19.360	0.83709				2
2024.10.14	01:11:20.077	0.83708	0.83715			6
2024.10.14	01:11:23.840	0.83709	0.83717			6
2024.10.14	01:11:24.463		0.83715			4
2024.10.14	01:11:25.696	0.83708				2
2024.10.14	01:11:28.870	0.83709	0.83716			6
2024.10.14	01:11:30.344	0.83708	0.83715			6
2024.10.14	01:11:31.914	0.83709	0.83716			6
2024.10.14	01:11:35.354	0.83710	0.83717			6
2024.10.14	01:11:45.198	0.83709	0.83715			6
2024.10.14	01:11:49.439	0.83710	0.83716			6
2024.10.14	01:11:54.612	0.83711	0.83718			6
2024.10.14	01:11:57.242		0.83716			4
2024.10.14	01:11:57.549	0.83710				2
2024.10.14	01:12:00.553	0.83710				2
2024.10.14	01:12:21.441	0.83711				2
2024.10.14	01:12:25.016		0.83717			4
2024.10.14	01:12:26.618	0.83713				2
2024.10.14	01:12:29.234		0.83718			4
2024.10.14	01:12:39.034		0.83720			4
2024.10.14	01:12:42.262	0.83716				2
2024.10.14	01:12:43.940		0.83721			4
2024.10.14	01:12:45.021	0.83714	0.83720			6
2024.10.14	01:12:51.278	0.83716	0.83721			6
2024.10.14	01:12:51.585		0.83723			4
2024.10.14	01:12:53.941	0.83717				2
2024.10.14	01:12:55.290	0.83714	0.83718			6
2024.10.14	01:13:01.512	0.83714				2
2024.10.14	01:13:03.463	0.83715	0.83721			6
2024.10.14	01:13:05.831	0.83716				2
2024.10.14	01:13:06.160		0.83720			4
2024.10.14	01:13:08.651	0.83713				2
2024.10.14	01:13:13.287		0.83719			4
2024.10.14	01:13:19.842		0.83720			4
2024.10.14	01:13:24.983	0.83714	0.83721			6
2024.10.14	01:13:35.726	0.83715				2
2024.10.14	01:14:00.140	0.83715				2
2024.10.14	01:14:05.465	0.83712	0.83718			6
2024.10.14	01:14:05.879	0.83713	0.83719			6
2024.10.14	01:14:26.496	0.83712	0.83718			6
2024.10.14	01:14:27.048	0.83711				2
2024.10.14	01:14:39.121	0.83713	0.83719			6
2024.10.14	01:14:39.424	0.83714				2
2024.10.14	01:14:47.439		0.83720			4
2024.10.14	01:14:47.821	0.83713				2
2024.10.14	01:14:50.365	0.83714	0.83721			6
2024.10.14	01:14:51.448		0.83720			4
2024.10.14	01:15:00.372	0.83715	0.83721			6
2024.10.14	01:15:17.460	0.83716	0.83722			6
2024.10.14	01:15:19.040		0.83723			4
2024.10.14	01:15:23.947		0.83722			4
2024.10.14	01:15:30.698		0.83723			4
2024.10.14	01:15:33.718		0.83722			4
2024.10.14	01:15:50.743		0.83721			4
2024.10.14	01:15:51.185		0.83722			4
2024.10.14	01:15:53.552	0.83715				2
2024.10.14	01:15:54.003		0.83719			4
2024.10.14	01:15:54.311	0.83714	0.83720			6
2024.10.14	01:15:56.986	0.83713				2
2024.10.14	01:15:57.547	0.83708	0.83711			6
2024.10.14	01:15:57.903	0.83707				2
2024.10.14	01:15:58.953		0.83713			4
2024.10.14	01:16:00.460	0.83707				2
2024.10.14	01:16:01.429	0.83709	0.83716			6
2024.10.14	01:16:03.773	0.83708	0.83712			6
2024.10.14	01:16:04.085	0.83706	0.83711			6
2024.10.14	01:16:05.457		0.83713			4
2024.10.14	01:16:07.939	0.83708	0.83714			6
2024.10.14	01:16:09.582	0.83709				2
2024.10.14	01:16:10.039	0.83708				2
2024.10.14	01:16:11.240	0.83709	0.83715			6
2024.10.14	01:16:12.357	0.83708				2
2024.10.14	01:16:13.016	0.83709				2
2024.10.14	01:16:14.930	0.83710	0.83716			6
2024.10.14	01:16:17.540	0.83712	0.83717			6
2024.10.14	01:16:17.863		0.83719			4
2024.10.14	01:16:21.276	0.83713				2
2024.10.14	01:16:29.911		0.83718			4
2024.10.14	01:16:35.841		0.83719			4
2024.10.14	01:16:36.701	0.83712	0.83718			6
2024.10.14	01:16:37.002	0.83713				2
2024.10.14	01:16:37.370	0.83712				2
2024.10.14	01:16:39.470	0.83713				2
2024.10.14	01:16:54.610		0.83719			4
2024.10.14	01:16:56.613	0.83714				2
2024.10.14	01:16:59.039	0.83713				2
2024.10.14	01:17:02.464	0.83713				2
2024.10.14	01:17:02.784	0.83714				2
2024.10.14	01:17:05.538	0.83715	0.83721			6
2024.10.14	01:17:05.840		0.83720			4
2024.10.14	01:17:11.237	0.83714				2
2024.10.14	01:17:14.191	0.83715				2
2024.10.14	01:17:15.781	0.83714				2
2024.10.14	01:17:17.794	0.83715				2
2024.10.14	01:17:23.580	0.83717	0.83723			6
2024.10.14	01:17:24.043		0.83722			4
2024.10.14	01:17:25.182	0.83716				2
2024.10.14	01:17:26.096	0.83717				2
2024.10.14	01:17:41.231	0.83715	0.83720			6
2024.10.14	01:17:42.333	0.83716				2
2024.10.14	01:17:44.240	0.83715				2
2024.10.14	01:17:47.806	0.83716				2
2024.10.14	01:17:50.855	0.83715				2
2024.10.14	01:17:51.307	0.83716				2
2024.10.14	01:17:55.097		0.83721			4
2024.10.14	01:18:01.079	0.83715	0.83720			6
2024.10.14	01:18:02.046	0.83716				2
2024.10.14	01:18:13.041		0.83721			4
2024.10.14	01:18:13.508	0.83715				2
2024.10.14	01:18:14.665		0.83719			4
2024.10.14	01:18:14.970	0.83714				2
2024.10.14	01:18:15.294	0.83715				2
2024.10.14	01:18:20.610	0.83714				2
2024.10.14	01:18:20.961	0.83715				2
2024.10.14	01:18:23.540		0.83720			4
2024.10.14	01:18:31.330	0.83716	0.83721			6
2024.10.14	01:18:31.637		0.83722			4
2024.10.14	01:18:45.142		0.83721			4
2024.10.14	01:18:55.340		0.83722			4
2024.10.14	01:18:57.226	0.83717	0.83723			6
2024.10.14	01:19:01.236	0.83717				2
2024.10.14	01:19:04.345		0.83722			4
2024.10.14	01:19:08.027		0.83723			4
2024.10.14	01:19:15.910		0.83722			4
2024.10.14	01:19:49.213	0.83719	0.83725			6
2024.10.14	01:19:49.521	0.83721				2
2024.10.14	01:19:49.969		0.83726			4
2024.10.14	01:19:57.826	0.83724	0.83728			6
2024.10.14	01:20:00.323	0.83724				2
2024.10.14	01:20:02.162		0.83729			4
2024.10.14	01:20:03.657	0.83723	0.83728			6
2024.10.14	01:20:06.813	0.83722	0.83727			6
2024.10.14	01:20:08.690	0.83721				2
2024.10.14	01:20:10.361		0.83725			4
2024.10.14	01:20:11.539	0.83720				2
2024.10.14	01:20:22.341	0.83721				2
2024.10.14	01:20:30.439	0.83720				2
2024.10.14	01:20:33.742	0.83721				2
2024.10.14	01:20:47.267	0.83720				2
2024.10.14	01:20:50.599	0.83721				2
2024.10.14	01:21:01.297	0.83721				2
2024.10.14	01:21:05.383	0.83722	0.83728			6
2024.10.14	01:21:16.230	0.83723				2
2024.10.14	01:21:31.281	0.83727	0.83733			6
2024.10.14	01:21:33.419		0.83732			4
2024.10.14	01:21:36.743	0.83726				2
2024.10.14	01:21:41.233	0.83725	0.83730			6
2024.10.14	01:21:43.037	0.83726				2
2024.10.14	01:21:53.914	0.83727	0.83731			6
2024.10.14	01:22:01.434	0.83726				2
2024.10.14	01:22:02.373	0.83728				2
2024.10.14	01:22:15.054	0.83726	0.83732			6
2024.10.14	01:22:25.545	0.83727				2
2024.10.14	01:22:25.851	0.83728				2
2024.10.14	01:22:27.422		0.83731			4
2024.10.14	01:22:29.240	0.83727				2
2024.10.14	01:22:35.288	0.83726				2
2024.10.14	01:23:00.656	0.83726				2
2024.10.14	01:23:14.124	0.83727				2
2024.10.14	01:23:14.983	0.83728				2
2024.10.14	01:23:21.617	0.83729	0.83732			6
2024.10.14	01:23:22.651		0.83733			4
2024.10.14	01:23:55.251	0.83726	0.83731			6
2024.10.14	01:24:00.441	0.83726				2
2024.10.14	01:24:05.640	0.83727				2
2024.10.14	01:24:13.761		0.83732			4
2024.10.14	01:24:15.721		0.83731			4
2024.10.14	01:24:23.245	0.83729	0.83734			6
2024.10.14	01:24:33.003	0.83728				2
2024.10.14	01:24:39.668	0.83729				2
2024.10.14	01:24:40.468	0.83728				2
2024.10.14	01:24:42.013	0.83729				2
2024.10.14	01:24:42.762	0.83730				2
2024.10.14	01:24:44.141	0.83729				2
2024.10.14	01:24:47.821		0.83733			4
2024.10.14	01:24:53.121	0.83728	0.83732			6
2024.10.14	01:25:00.691	0.83728				2
2024.10.14	01:25:10.961	0.83730	0.83734			6
2024.10.14	01:25:11.966		0.83735			4
2024.10.14	01:25:12.357	0.83731				2
2024.10.14	01:25:12.703	0.83730				2
2024.10.14	01:25:18.741		0.83734			4
2024.10.14	01:25:25.701	0.83729				2
2024.10.14	01:25:35.382	0.83730				2
2024.10.14	01:25:41.283	0.83729				2
2024.10.14	01:25:42.749		0.83735			4
2024.10.14	01:25:46.469	0.83730				2
2024.10.14	01:25:48.535	0.83736	0.83740			6
2024.10.14	01:26:00.370	0.83736				2
2024.10.14	01:26:03.537	0.83735	0.83739			6
2024.10.14	01:26:15.682	0.83731	0.83737			6
2024.10.14	01:26:23.406	0.83732				2
2024.10.14	01:26:37.399	0.83733				2
2024.10.14	01:26:41.679	0.83732				2
2024.10.14	01:26:54.503	0.83731				2
2024.10.14	01:27:04.410	0.83731				2
2024.10.14	01:27:08.372	0.83730	0.83734			6
2024.10.14	01:27:12.142	0.83731				2
2024.10.14	01:27:28.898	0.83730				2
2024.10.14	01:27:29.208	0.83731				2
2024.10.14	01:27:32.382	0.83730				2
2024.10.14	01:27:36.738	0.83731				2
2024.10.14	01:27:47.490		0.83735			4
2024.10.14	01:27:49.039		0.83736			4
2024.10.14	01:27:55.857		0.83735			4
2024.10.14	01:27:57.443	0.83730				2
2024.10.14	01:27:59.506	0.83731				2
2024.10.14	01:28:00.060	0.83730				2
2024.10.14	01:28:01.077	0.83731				2
2024.10.14	01:28:07.134	0.83730				2
2024.10.14	01:28:38.772	0.83731				2
2024.10.14	01:28:40.047	0.83732				2
2024.10.14	01:28:40.974		0.83736			4
2024.10.14	01:28:44.552	0.83731				2
2024.10.14	01:28:57.908	0.83732				2
2024.10.14	01:29:00.601	0.83732				2
2024.10.14	01:29:02.840	0.83731				2
2024.10.14	01:29:34.645	0.83726	0.83730			6
2024.10.14	01:29:39.439		0.83731			4
2024.10.14	01:30:00.387	0.83725	0.83729			6
2024.10.14	01:30:02.111	0.83723	0.83731			6
2024.10.14	01:30:02.826	0.83724				2
2024.10.14	01:30:04.097	0.83725				2
2024.10.14	01:30:04.403		0.83730			4
2024.10.14	01:30:05.027	0.83723	0.83728			6
2024.10.14	01:30:15.687	0.83724	0.83729			6
2024.10.14	01:30:19.067	0.83725	0.83730			6
2024.10.14	01:30:19.606	0.83726				2
2024.10.14	01:30:20.986	0.83728	0.83733			6
2024.10.14	01:30:25.073	0.83729				2
2024.10.14	01:30:33.533	0.83728				2
2024.10.14	01:30:41.507	0.83724	0.83728			6
2024.10.14	01:30:41.819	0.83722	0.83729			6
2024.10.14	01:30:43.588	0.83723				2
2024.10.14	01:30:48.110	0.83724	0.83728			6
2024.10.14	01:30:49.892	0.83723				2
2024.10.14	01:30:55.362	0.83724				2
2024.10.14	01:30:55.664	0.83725	0.83731			6
2024.10.14	01:30:58.941		0.83730			4
2024.10.14	01:31:00.440	0.83724	0.83728			6
2024.10.14	01:31:02.377	0.83723	0.83727			6
2024.10.14	01:31:05.218	0.83724				2
2024.10.14	01:31:08.546		0.83728			4
2024.10.14	01:31:10.876	0.83723				2
2024.10.14	01:31:21.066	0.83722				2
2024.10.14	01:31:22.341		0.83727			4
2024.10.14	01:31:48.898	0.83723				2
2024.10.14	01:31:50.274		0.83726			4
2024.10.14	01:31:50.786	0.83722				2
2024.10.14	01:31:58.528	0.83723				2
2024.10.14	01:31:59.384	0.83722	0.83727			6
2024.10.14	01:32:02.162	0.83722				2
2024.10.14	01:32:08.230	0.83723	0.83728			6
2024.10.14	01:32:09.000		0.83727			4
2024.10.14	01:32:10.639	0.83722				2
2024.10.14	01:32:17.465	0.83723	0.83728			6
2024.10.14	01:32:18.161	0.83724				2
2024.10.14	01:32:21.362		0.83727			4
2024.10.14	01:32:26.241		0.83728			4
2024.10.14	01:32:40.193	0.83723	0.83727			6
2024.10.14	01:32:40.900	0.83722				2
2024.10.14	01:32:49.344	0.83721	0.83726			6
2024.10.14	01:32:58.451	0.83722	0.83725			6
2024.10.14	01:32:59.383	0.83723	0.83726			6
2024.10.14	01:33:01.442	0.83723				2
2024.10.14	01:33:06.197	0.83722				2
2024.10.14	01:33:09.439		0.83727			4
2024.10.14	01:33:10.083		0.83726			4
2024.10.14	01:33:16.120		0.83727			4
2024.10.14	01:33:18.584		0.83726			4
2024.10.14	01:33:20.600		0.83727			4
2024.10.14	01:33:23.260	0.83725	0.83729			6
2024.10.14	01:33:47.715	0.83724				2
2024.10.14	01:33:49.481	0.83722	0.83727			6
2024.10.14	01:34:01.940	0.83722				2
2024.10.14	01:34:05.232		0.83726			4
2024.10.14	01:34:22.161		0.83727			4
2024.10.14	01:34:54.140	0.83723				2
2024.10.14	01:35:01.585	0.83723				2
2024.10.14	01:35:03.137		0.83728			4
2024.10.14	01:35:17.539	0.83722	0.83726			6
2024.10.14	01:35:19.431	0.83723	0.83727			6
2024.10.14	01:35:20.015		0.83726			4
2024.10.14	01:35:25.152	0.83722				2
2024.10.14	01:35:30.739		0.83727			4
2024.10.14	01:35:33.714		0.83726			4
2024.10.14	01:35:37.351	0.83720	0.83724			6
2024.10.14	01:35:37.696	0.83719	0.83723			6
2024.10.14	01:35:40.407	0.83720	0.83724			6
2024.10.14	01:35:40.724	0.83719				2
2024.10.14	01:35:42.354		0.83723			4
2024.10.14	01:35:45.663		0.83724			4
2024.10.14	01:35:52.626	0.83721	0.83725			6
2024.10.14	01:35:53.850	0.83720				2
2024.10.14	01:35:55.137	0.83723	0.83726			6
2024.10.14	01:36:01.638	0.83723				2
2024.10.14	01:36:03.256	0.83722				2
2024.10.14	01:36:07.641	0.83723				2
2024.10.14	01:36:08.372		0.83727			4
2024.10.14	01:36:23.409	0.83722	0.83726			6
2024.10.14	01:36:29.831	0.83721				2
2024.10.14	01:37:00.495	0.83721				2
2024.10.14	01:37:04.670	0.83723				2
2024.10.14	01:37:23.961	0.83722	0.83726			6
2024.10.14	01:37:27.514	0.83721				2
2024.10.14	01:37:33.833		0.83725			4
2024.10.14	01:38:00.363	0.83721				2
2024.10.14	01:38:30.376	0.83722				2
2024.10.14	01:38:31.570	0.83723				2
2024.10.14	01:38:32.706	0.83721				2
2024.10.14	01:38:33.375		0.83724			4
2024.10.14	01:38:37.541	0.83722				2
2024.10.14	01:38:38.311	0.83721				2
2024.10.14	01:38:44.530		0.83725			4
2024.10.14	01:38:44.844		0.83724			4
2024.10.14	01:38:49.257	0.83720				2
2024.10.14	01:38:49.593	0.83721				2
2024.10.14	01:38:53.525	0.83720				2
2024.10.14	01:38:55.087		0.83723			4
2024.10.14	01:38:56.307	0.83721				2
2024.10.14	01:38:57.008	0.83719				2
2024.10.14	01:38:59.163	0.83720				2
2024.10.14	01:39:00.097	0.83720				2
2024.10.14	01:39:02.841		0.83722			4
2024.10.14	01:39:03.527		0.83723			4
2024.10.14	01:39:03.847	0.83722	0.83725			6
2024.10.14	01:39:04.173	0.83721	0.83724			6
2024.10.14	01:39:08.339	0.83722	0.83726			6
2024.10.14	01:39:08.807	0.83723				2
2024.10.14	01:39:09.120		0.83727			4
2024.10.14	01:39:15.726	0.83724	0.83728			6
2024.10.14	01:39:17.137	0.83725				2
2024.10.14	01:39:17.540	0.83724				2
2024.10.14	01:39:20.357	0.83725				2
2024.10.14	01:39:22.278	0.83724				2
2024.10.14	01:39:24.879	0.83723				2
2024.10.14	01:39:26.708	0.83724				2
2024.10.14	01:39:31.368	0.83725	0.83727			6
2024.10.14	01:39:43.599	0.83724				2
2024.10.14	01:39:46.910	0.83723	0.83726			6
2024.10.14	01:39:50.854	0.83726	0.83728			6
2024.10.14	01:39:55.749	0.83725				2
2024.10.14	01:40:00.952	0.83725				2
2024.10.14	01:40:02.437	0.83726	0.83729			6
2024.10.14	01:40:03.410	0.83727	0.83732			6
2024.10.14	01:40:05.647	0.83728	0.83731			6
2024.10.14	01:40:07.454	0.83729				2
2024.10.14	01:40:09.012	0.83728				2
2024.10.14	01:40:10.553	0.83729	0.83732			6
2024.10.14	01:40:11.776	0.83728	0.83731			6
2024.10.14	01:40:20.948	0.83727				2
2024.10.14	01:40:31.205		0.83730			4
2024.10.14	01:40:31.790	0.83729	0.83731			6
2024.10.14	01:40:32.403		0.83732			4
2024.10.14	01:40:36.612	0.83727	0.83731			6
2024.10.14	01:40:36.925		0.83730			4
2024.10.14	01:40:37.351	0.83726				2
2024.10.14	01:40:50.996	0.83727				2
2024.10.14	01:41:02.539	0.83727				2
2024.10.14	01:41:24.254	0.83719	0.83720			6
2024.10.14	01:41:24.586	0.83716	0.83717			6
2024.10.14	01:41:26.366	0.83715	0.83716			6
2024.10.14	01:41:28.625	0.83712	0.83713			6
2024.10.14	01:41:28.965	0.83711	0.83712			6
2024.10.14	01:41:29.498	0.83712	0.83713			6
2024.10.14	01:41:31.114	0.83711	0.83712			6
2024.10.14	01:41:36.003	0.83712	0.83713			6
2024.10.14	01:41:36.353	0.83711	0.83712			6
2024.10.14	01:41:37.718	0.83712	0.83713			6
2024.10.14	01:41:42.526	0.83709	0.83710			6
2024.10.14	01:42:03.149	0.83710	0.83711			6
2024.10.14	01:42:06.469	0.83709	0.83710			6
2024.10.14	01:42:17.225	0.83708	0.83709			6
2024.10.14	01:42:18.310	0.83709	0.83710			6
2024.10.14	01:42:19.925	0.83708	0.83709			6
2024.10.14	01:42:20.374	0.83709	0.83710			6
2024.10.14	01:42:20.721	0.83708	0.83709			6
2024.10.14	01:42:26.697	0.83709	0.83710			6
2024.10.14	01:42:36.032	0.83708	0.83709			6
2024.10.14	01:42:39.769	0.83707	0.83708			6
2024.10.14	01:42:54.125	0.83708	0.83709			6
2024.10.14	01:43:00.249	0.83708				2
2024.10.14	01:43:00.649	0.83709	0.83710			6
2024.10.14	01:43:01.532	0.83705	0.83706			6
2024.10.14	01:43:01.845	0.83704	0.83705			6
2024.10.14	01:43:20.401	0.83705	0.83706			6
2024.10.14	01:43:27.268	0.83703	0.83704			6
2024.10.14	01:43:34.904	0.83704	0.83705			6
2024.10.14	01:43:35.865	0.83705	0.83706			6
2024.10.14	01:43:41.941	0.83710	0.83711			6
2024.10.14	01:43:44.934	0.83709	0.83710			6
2024.10.14	01:44:01.445	0.83709				2
2024.10.14	01:44:03.466	0.83708				2
2024.10.14	01:44:05.414		0.83709			4
2024.10.14	01:44:09.749	0.83709	0.83710			6
2024.10.14	01:44:10.777	0.83708				2
2024.10.14	01:44:11.569		0.83709			4
2024.10.14	01:44:12.243	0.83709	0.83710			6
2024.10.14	01:44:17.362	0.83708				2
2024.10.14	01:44:19.003		0.83709			4
2024.10.14	01:44:21.597		0.83710			4
2024.10.14	01:44:24.149		0.83709			4
2024.10.14	01:44:26.450		0.83710			4
2024.10.14	01:44:27.665		0.83709			4
2024.10.14	01:44:28.303		0.83710			4
2024.10.14	01:44:31.690	0.83709				2
2024.10.14	01:44:38.170	0.83708	0.83709			6
2024.10.14	01:44:59.390	0.83709	0.83710			6
2024.10.14	01:45:00.393	0.83709				2
2024.10.14	01:45:14.650	0.83710	0.83711			6
2024.10.14	01:45:26.616		0.83712			4
2024.10.14	01:45:28.958		0.83711			4
2024.10.14	01:45:31.206		0.83712			4
2024.10.14	01:45:33.996	0.83711				2
2024.10.14	01:45:34.585	0.83710				2
2024.10.14	01:45:36.276		0.83711			4
2024.10.14	01:45:37.182	0.83709				2
2024.10.14	01:45:49.153		0.83712			4
2024.10.14	01:45:49.905		0.83711			4
2024.10.14	01:45:50.595	0.83708				2
2024.10.14	01:46:00.740	0.83708				2
2024.10.14	01:46:15.858		0.83712			4
2024.10.14	01:46:35.266	0.83709				2
2024.10.14	01:46:44.696	0.83710				2
2024.10.14	01:46:48.744		0.83713			4
2024.10.14	01:46:49.698		0.83714			4
2024.10.14	01:46:54.833	0.83711				2
2024.10.14	01:47:00.309	0.83711				2
2024.10.14	01:47:07.485	0.83708	0.83712			6
2024.10.14	01:47:09.275	0.83709				2
2024.10.14	01:47:10.882	0.83708	0.83711			6
2024.10.14	01:47:11.775		0.83712			4
2024.10.14	01:47:30.373	0.83710	0.83714			6
2024.10.14	01:47:30.720	0.83711				2
2024.10.14	01:47:33.747		0.83713			4
2024.10.14	01:47:39.379		0.83712			4
2024.10.14	01:47:41.543	0.83712	0.83713			6
2024.10.14	01:47:41.865	0.83711				2
2024.10.14	01:47:43.684		0.83714			4
2024.10.14	01:47:45.387		0.83713			4
2024.10.14	01:47:56.355	0.83710				2
2024.10.14	01:48:01.042	0.83710	0.83711			6
2024.10.14	01:48:06.420		0.83712			4
2024.10.14	01:48:16.354		0.83713			4
2024.10.14	01:48:20.498		0.83712			4
2024.10.14	01:48:26.538		0.83711			4
2024.10.14	01:48:26.856		0.83712			4
2024.10.14	01:48:30.743		0.83713			4
2024.10.14	01:48:42.632		0.83712			4
2024.10.14	01:49:00.308	0.83710				2
2024.10.14	01:49:01.387	0.83711	0.83714			6
2024.10.14	01:49:10.272	0.83710	0.83713			6
2024.10.14	01:49:15.157	0.83709				2
2024.10.14	01:49:31.012	0.83711				2
2024.10.14	01:49:34.545	0.83710	0.83714			6
2024.10.14	01:49:35.269		0.83713			4
2024.10.14	01:49:36.216	0.83711	0.83714			6
2024.10.14	01:49:37.020	0.83710	0.83713			6
2024.10.14	01:49:40.359	0.83711	0.83714			6
2024.10.14	01:49:41.018	0.83710				2
2024.10.14	01:49:41.540	0.83711				2
2024.10.14	01:49:44.754	0.83710	0.83713			6
2024.10.14	01:50:00.465	0.83711	0.83714			6
2024.10.14	01:50:00.789	0.83710	0.83713			6
2024.10.14	01:50:42.384	0.83712	0.83715			6
2024.10.14	01:50:42.705		0.83716			4
2024.10.14	01:51:00.039	0.83712				2
2024.10.14	01:51:23.716	0.83711	0.83715			6
2024.10.14	01:51:31.370	0.83712				2
2024.10.14	01:51:35.031	0.83711				2
2024.10.14	01:51:36.370	0.83710	0.83714			6
2024.10.14	01:51:36.755	0.83711				2
2024.10.14	01:51:38.677	0.83710				2
2024.10.14	01:51:39.183	0.83712	0.83716			6
2024.10.14	01:51:44.821		0.83715			4
2024.10.14	01:51:47.503	0.83711	0.83714			6
2024.10.14	01:52:00.507	0.83711				2
2024.10.14	01:52:13.593	0.83710				2
2024.10.14	01:52:34.375	0.83711	0.83715			6
2024.10.14	01:52:40.670	0.83712				2
2024.10.14	01:52:41.315	0.83711	0.83714			6
2024.10.14	01:52:51.753	0.83712				2
2024.10.14	01:52:52.351	0.83711	0.83715			6
2024.10.14	01:53:00.740	0.83711				2
2024.10.14	01:53:01.376	0.83713				2
2024.10.14	01:53:04.485		0.83714			4
2024.10.14	01:53:05.117		0.83715			4
2024.10.14	01:53:34.579		0.83714			4
2024.10.14	01:53:35.230		0.83715			4
2024.10.14	01:53:36.863	0.83712				2
2024.10.14	01:53:37.813	0.83711				2
2024.10.14	01:53:45.969	0.83712				2
2024.10.14	01:53:48.949	0.83711	0.83714			6
2024.10.14	01:53:58.110		0.83715			4
2024.10.14	01:54:03.139	0.83711				2
2024.10.14	01:54:20.598	0.83712				2
2024.10.14	01:54:20.907	0.83717	0.83720			6
2024.10.14	01:54:22.007	0.83718				2
2024.10.14	01:54:24.729	0.83717				2
2024.10.14	01:54:25.637	0.83718				2
2024.10.14	01:54:25.974	0.83717				2
2024.10.14	01:54:28.971	0.83718				2
2024.10.14	01:54:30.516	0.83717				2
2024.10.14	01:54:35.259	0.83718				2
2024.10.14	01:54:36.622	0.83719	0.83721			6
2024.10.14	01:54:37.223	0.83718				2
2024.10.14	01:54:47.527	0.83719				2
2024.10.14	01:54:50.784	0.83718				2
2024.10.14	01:55:00.221	0.83718				2
2024.10.14	01:55:34.844	0.83717				2
2024.10.14	01:55:41.034		0.83721			4
2024.10.14	01:55:53.272	0.83716	0.83719			6
2024.10.14	01:55:53.597	0.83715				2
2024.10.14	01:55:53.965	0.83716				2
2024.10.14	01:56:00.530	0.83716				2
2024.10.14	01:56:22.695	0.83717	0.83720			6
2024.10.14	01:56:26.872	0.83718				2
2024.10.14	01:57:00.140	0.83718				2
2024.10.14	01:57:04.281	0.83717				2
2024.10.14	01:57:06.292	0.83716	0.83719			6
2024.10.14	01:57:42.226	0.83715				2
2024.10.14	01:57:44.484	0.83716				2
2024.10.14	01:57:45.701	0.83715				2
2024.10.14	01:58:00.289	0.83715				2
2024.10.14	01:58:03.574	0.83716				2
2024.10.14	01:58:08.228		0.83719			4
2024.10.14	01:58:44.843		0.83718			4
2024.10.14	01:59:00.749	0.83716				2
2024.10.14	01:59:09.482		0.83719			4
2024.10.14	01:59:31.622	0.83715	0.83717			6
2024.10.14	01:59:43.938		0.83718			4
2024.10.14	02:00:00.344	0.83716	0.83719			6
2024.10.14	02:00:00.675	0.83713	0.83717			6
2024.10.14	02:00:00.985	0.83714				2
2024.10.14	02:00:01.372	0.83713				2
2024.10.14	02:00:05.723		0.83716			4
2024.10.14	02:00:06.040		0.83717			4
2024.10.14	02:00:16.389	0.83712	0.83716			6
2024.10.14	02:01:00.723	0.83712				2
2024.10.14	02:01:16.783		0.83716			4
2024.10.14	02:01:21.060	0.83714	0.83717			6
2024.10.14	02:01:21.606		0.83718			4
2024.10.14	02:01:24.742		0.83717			4
2024.10.14	02:01:35.962	0.83713				2
2024.10.14	02:02:00.653	0.83714				2
2024.10.14	02:02:04.866	0.83715	0.83718			6
2024.10.14	02:02:24.018	0.83716				2
2024.10.14	02:02:30.751		0.83717			4
2024.10.14	02:02:31.069		0.83718			4
2024.10.14	02:02:48.630	0.83715				2
2024.10.14	02:02:49.957		0.83717			4
2024.10.14	02:02:50.929		0.83716			4
2024.10.14	02:02:51.968	0.83714				2
2024.10.14	02:03:01.497	0.83714				2
2024.10.14	02:03:15.367		0.83717			4
2024.10.14	02:03:27.953	0.83715				2
2024.10.14	02:03:38.162	0.83714	0.83716			6
2024.10.14	02:03:41.610	0.83713				2
2024.10.14	02:03:44.795	0.83712	0.83715			6
2024.10.14	02:03:46.956		0.83714			4
2024.10.14	02:03:50.493	0.83711				2
2024.10.14	02:03:54.282	0.83712	0.83716			6
2024.10.14	02:03:54.942	0.83710	0.83714			6
2024.10.14	02:03:57.941	0.83706	0.83711			6
2024.10.14	02:03:58.709		0.83710			4
2024.10.14	02:04:00.619	0.83708	0.83713			6
2024.10.14	02:04:00.924		0.83712			4
2024.10.14	02:04:03.103		0.83711			4
2024.10.14	02:04:12.727	0.83707				2
2024.10.14	02:04:22.563	0.83708	0.83709			6
2024.10.14	02:04:24.542	0.83707	0.83711			6
2024.10.14	02:04:48.441		0.83710			4
2024.10.14	02:05:01.985	0.83707				2
2024.10.14	02:05:03.790	0.83706				2
2024.10.14	02:05:08.233	0.83709	0.83713			6
2024.10.14	02:05:23.967	0.83710	0.83714			6
2024.10.14	02:05:31.574	0.83711	0.83712			6
2024.10.14	02:05:32.357	0.83710				2
2024.10.14	02:05:33.143	0.83711				2
2024.10.14	02:05:33.586	0.83710	0.83714			6
2024.10.14	02:05:57.762	0.83711	0.83712			6
2024.10.14	02:05:59.752	0.83710	0.83714			6
2024.10.14	02:06:05.746	0.83710				2
2024.10.14	02:06:18.738	0.83709	0.83713			6
2024.10.14	02:06:19.895	0.83710				2
2024.10.14	02:06:20.971	0.83709				2
2024.10.14	02:06:30.333	0.83710				2
2024.10.14	02:06:30.900	0.83709				2
2024.10.14	02:06:37.718	0.83711	0.83715			6
2024.10.14	02:06:38.352	0.83712				2
2024.10.14	02:06:39.177	0.83714	0.83716			6
2024.10.14	02:06:39.571		0.83717			4
2024.10.14	02:06:50.350	0.83713				2
2024.10.14	02:06:52.925	0.83714				2
2024.10.14	02:06:57.915		0.83718			4
2024.10.14	02:07:00.062	0.83714				2
2024.10.14	02:07:04.552	0.83713	0.83716			6
2024.10.14	02:07:05.692	0.83714	0.83718			6
2024.10.14	02:07:19.074	0.83715	0.83719			6
2024.10.14	02:07:59.061	0.83714	0.83718			6
2024.10.14	02:08:00.620	0.83714				2
2024.10.14	02:08:01.383	0.83715	0.83719			6
2024.10.14	02:08:05.609	0.83716				2
2024.10.14	02:08:08.276		0.83720			4
2024.10.14	02:08:37.499	0.83717				2
2024.10.14	02:08:38.850	0.83714	0.83717			6
2024.10.14	02:08:40.739	0.83713				2
2024.10.14	02:08:41.892		0.83716			4
2024.10.14	02:08:42.203	0.83714				2
2024.10.14	02:08:42.517	0.83713	0.83717			6
2024.10.14	02:08:46.111	0.83715	0.83719			6
2024.10.14	02:08:46.640	0.83716				2
2024.10.14	02:08:58.612	0.83715				2
2024.10.14	02:09:02.345	0.83715				2
2024.10.14	02:09:04.855	0.83716				2
2024.10.14	02:09:05.449	0.83715				2
2024.10.14	02:09:07.232		0.83718			4
2024.10.14	02:09:07.668	0.83716	0.83719			6
2024.10.14	02:09:12.502		0.83720			4
2024.10.14	02:09:27.017	0.83718	0.83719			6
2024.10.14	02:09:27.324	0.83717				2
2024.10.14	02:09:34.427	0.83718	0.83720			6
2024.10.14	02:09:37.772		0.83719			4
2024.10.14	02:09:40.055		0.83720			4
2024.10.14	02:09:45.201	0.83717	0.83719			6
2024.10.14	02:09:45.687		0.83720			4
2024.10.14	02:09:47.933		0.83719			4
2024.10.14	02:09:48.677	0.83718				2
2024.10.14	02:09:49.420		0.83720			4
2024.10.14	02:10:02.399	0.83718				2
2024.10.14	02:10:05.724	0.83717	0.83719			6
2024.10.14	02:10:06.039	0.83718				2
2024.10.14	02:10:07.001	0.83717				2
2024.10.14	02:10:09.741	0.83718				2
2024.10.14	02:10:11.269	0.83716	0.83718			6
2024.10.14	02:10:11.590		0.83719			4
2024.10.14	02:10:22.822	0.83717	0.83720			6
2024.10.14	02:10:25.465	0.83718				2
2024.10.14	02:10:27.392	0.83716	0.83719			6
2024.10.14	02:10:29.983	0.83717				2
2024.10.14	02:10:30.393	0.83715				2
2024.10.14	02:10:32.422	0.83716				2
2024.10.14	02:10:43.048	0.83715	0.83718			6
2024.10.14	02:10:48.171	0.83716	0.83719			6
2024.10.14	02:11:00.534	0.83716				2
2024.10.14	02:11:22.495		0.83720			4
2024.10.14	02:11:30.998	0.83717				2
2024.10.14	02:11:35.709		0.83721			4
2024.10.14	02:11:40.895		0.83720			4
2024.10.14	02:11:54.835		0.83719			4
2024.10.14	02:11:58.601		0.83720			4
2024.10.14	02:12:02.252	0.83717				2
2024.10.14	02:12:09.268		0.83721			4
2024.10.14	02:12:13.415		0.83720			4
2024.10.14	02:12:13.883		0.83721			4
2024.10.14	02:12:25.425		0.83720			4
2024.10.14	02:12:35.910	0.83716				2
2024.10.14	02:12:36.334	0.83717				2
2024.10.14	02:12:56.857	0.83716				2
2024.10.14	02:12:57.524	0.83717				2
2024.10.14	02:12:58.888	0.83716				2
2024.10.14	02:13:00.015	0.83716				2
2024.10.14	02:13:01.619	0.83717				2
2024.10.14	02:13:06.929		0.83719			4
2024.10.14	02:13:07.246		0.83720			4
2024.10.14	02:13:19.220	0.83716				2
2024.10.14	02:13:25.671	0.83717				2
2024.10.14	02:13:30.998	0.83718				2
2024.10.14	02:13:35.922	0.83717				2
2024.10.14	02:13:43.311		0.83719			4
2024.10.14	02:13:45.216	0.83715	0.83718			6
2024.10.14	02:13:49.722	0.83713	0.83716			6
2024.10.14	02:13:53.603	0.83714				2
2024.10.14	02:14:00.201	0.83714				2
2024.10.14	02:14:12.704		0.83717			4
2024.10.14	02:14:13.755	0.83715				2
2024.10.14	02:14:17.849	0.83714	0.83716			6
2024.10.14	02:14:20.906	0.83719	0.83721			6
2024.10.14	02:14:23.521	0.83717				2
2024.10.14	02:14:23.952	0.83718				2
2024.10.14	02:14:30.365	0.83717	0.83719			6
2024.10.14	02:14:34.962	0.83716				2
2024.10.14	02:14:37.587	0.83717				2
2024.10.14	02:14:40.527	0.83716				2
2024.10.14	02:14:41.734	0.83715	0.83718			6
2024.10.14	02:14:42.345		0.83717			4
2024.10.14	02:14:42.671	0.83714				2
2024.10.14	02:15:02.298	0.83714				2
2024.10.14	02:15:03.447	0.83716	0.83718			6
2024.10.14	02:15:03.755		0.83719			4
2024.10.14	02:15:04.470	0.83718				2
2024.10.14	02:15:04.771	0.83715				2
2024.10.14	02:15:05.239	0.83716	0.83718			6
2024.10.14	02:15:05.932	0.83715				2
2024.10.14	02:15:18.339	0.83714	0.83717			6
2024.10.14	02:15:19.137		0.83716			4
2024.10.14	02:15:19.731		0.83717			4
2024.10.14	02:15:23.578	0.83713				2
2024.10.14	02:15:24.365	0.83714				2
2024.10.14	02:15:24.760	0.83713				2
2024.10.14	02:15:25.759	0.83714				2
2024.10.14	02:15:26.063		0.83718			4
2024.10.14	02:15:26.374	0.83716				2
2024.10.14	02:15:26.866	0.83715				2
2024.10.14	02:15:36.170	0.83714	0.83717			6
2024.10.14	02:15:36.483	0.83713	0.83716			6
2024.10.14	02:15:40.739	0.83712				2
2024.10.14	02:15:41.399	0.83711	0.83714			6
2024.10.14	02:15:45.588	0.83710				2
2024.10.14	02:15:48.347	0.83711				2
2024.10.14	02:15:48.695	0.83712	0.83715			6
2024.10.14	02:15:54.476	0.83711	0.83714			6
2024.10.14	02:15:54.911	0.83710				2
2024.10.14	02:15:56.647		0.83713			4
2024.10.14	02:15:58.961	0.83711				2
2024.10.14	02:15:59.319		0.83712			4
2024.10.14	02:15:59.637	0.83710				2
2024.10.14	02:16:00.324	0.83710				2
2024.10.14	02:16:04.989	0.83709				2
2024.10.14	02:16:10.021	0.83710				2
2024.10.14	02:16:12.625	0.83709				2
2024.10.14	02:16:13.514	0.83710				2
2024.10.14	02:16:15.394		0.83713			4
2024.10.14	02:16:16.417		0.83712			4
2024.10.14	02:16:16.800	0.83709				2
2024.10.14	02:16:29.408	0.83710	0.83713			6
2024.10.14	02:16:30.491	0.83711				2
2024.10.14	02:16:31.029	0.83710				2
2024.10.14	02:16:31.806	0.83709				2
2024.10.14	02:16:39.006	0.83711				2
2024.10.14	02:16:41.772	0.83710				2
2024.10.14	02:16:43.403	0.83711				2
2024.10.14	02:16:46.165		0.83714			4
2024.10.14	02:17:00.336	0.83711				2
2024.10.14	02:17:02.258		0.83713			4
2024.10.14	02:17:26.223	0.83709	0.83711			6
2024.10.14	02:17:30.136	0.83708	0.83712			6
2024.10.14	02:17:30.437	0.83710				2
2024.10.14	02:17:30.811	0.83709				2
2024.10.14	02:17:31.182		0.83710			4
2024.10.14	02:17:35.986		0.83712			4
2024.10.14	02:17:36.299	0.83708				2
2024.10.14	02:17:41.154		0.83710			4
2024.10.14	02:17:43.361	0.83710	0.83711			6
2024.10.14	02:18:00.592	0.83710				2
2024.10.14	02:18:01.576	0.83709				2
2024.10.14	02:18:43.814		0.83711			4
2024.10.14	02:18:58.109	0.83708				2
2024.10.14	02:19:00.112	0.83708				2
2024.10.14	02:19:00.485	0.83711	0.83714			6
2024.10.14	02:19:43.572		0.83713			4
2024.10.14	02:19:43.963		0.83714			4
2024.10.14	02:19:47.085	0.83714	0.83716			6
2024.10.14	02:19:47.401	0.83713				2
2024.10.14	02:19:47.876	0.83714				2
2024.10.14	02:19:48.564	0.83713				2
2024.10.14	02:19:49.363	0.83714	0.83717			6
2024.10.14	02:19:49.666		0.83716			4
2024.10.14	02:19:52.411	0.83715	0.83717			6
2024.10.14	02:19:55.835	0.83716				2
2024.10.14	02:20:01.651	0.83716				2
2024.10.14	02:20:02.039	0.83714	0.83718			6
2024.10.14	02:20:04.391		0.83717			4
2024.10.14	02:20:05.476		0.83718			4
2024.10.14	02:20:08.743		0.83717			4
2024.10.14	02:20:09.394		0.83718			4
2024.10.14	02:20:09.719		0.83717			4
2024.10.14	02:20:12.258		0.83718			4
2024.10.14	02:20:13.074		0.83717			4
2024.10.14	02:20:14.382		0.83718			4
2024.10.14	02:20:22.106	0.83715	0.83717			6
2024.10.14	02:20:23.104	0.83716				2
2024.10.14	02:20:44.238		0.83718			4
2024.10.14	02:21:00.332	0.83716				2
2024.10.14	02:21:11.381	0.83717				2
2024.10.14	02:21:17.693	0.83716	0.83719			6
2024.10.14	02:21:19.064		0.83718			4
2024.10.14	02:21:27.272	0.83715				2
2024.10.14	02:21:31.041		0.83717			4
2024.10.14	02:21:31.877	0.83716	0.83718			6
2024.10.14	02:21:42.961	0.83717				2
2024.10.14	02:21:48.964		0.83719			4
2024.10.14	02:21:50.308	0.83715	0.83717			6
2024.10.14	02:21:52.813		0.83716			4
2024.10.14	02:21:58.683		0.83717			4
2024.10.14	02:22:00.334	0.83715				2
2024.10.14	02:22:06.930	0.83716				2
2024.10.14	02:22:13.852	0.83715				2
2024.10.14	02:22:17.779		0.83716			4
2024.10.14	02:22:20.073		0.83717			4
2024.10.14	02:22:23.098		0.83716			4
2024.10.14	02:22:23.550		0.83717			4
2024.10.14	02:22:40.667	0.83717	0.83718			6
2024.10.14	02:22:45.122	0.83718	0.83719			6
2024.10.14	02:22:45.993		0.83720			4
2024.10.14	02:23:00.226	0.83718				2
2024.10.14	02:23:03.084	0.83719	0.83721			6
2024.10.14	02:23:03.553	0.83718	0.83720			6
2024.10.14	02:23:10.682		0.83721			4
2024.10.14	02:23:17.414		0.83720			4
2024.10.14	02:23:30.352		0.83721			4
2024.10.14	02:24:00.176	0.83718				2
2024.10.14	02:24:07.202	0.83719				2
2024.10.14	02:24:11.346	0.83718				2
2024.10.14	02:24:13.036	0.83719				2
2024.10.14	02:24:14.044	0.83718				2
2024.10.14	02:24:16.282	0.83719	0.83722			6
2024.10.14	02:24:36.668	0.83721	0.83723			6
2024.10.14	02:24:48.172		0.83724			4
2024.10.14	02:24:49.632	0.83720	0.83723			6
2024.10.14	02:25:00.559	0.83720	0.83722			6
2024.10.14	02:25:02.408	0.83721	0.83724			6
2024.10.14	02:25:02.984	0.83719	0.83721			6
2024.10.14	02:25:30.038	0.83720				2
2024.10.14	02:25:30.625	0.83719				2
2024.10.14	02:25:39.191		0.83722			4
2024.10.14	02:25:42.740		0.83721			4
2024.10.14	02:25:50.495	0.83720				2
2024.10.14	02:25:56.925	0.83719				2
2024.10.14	02:26:01.205	0.83720				2
2024.10.14	02:26:03.243	0.83719	0.83722			6
2024.10.14	02:26:06.064	0.83720	0.83721			6
2024.10.14	02:26:06.626	0.83719				2
2024.10.14	02:26:11.570		0.83722			4
2024.10.14	02:26:56.268	0.83721				2
2024.10.14	02:26:57.007	0.83719				2
2024.10.14	02:27:06.687	0.83719				2
2024.10.14	02:27:11.820		0.83722			4
2024.10.14	02:27:14.708	0.83720				2
2024.10.14	02:27:21.973	0.83721				2
2024.10.14	02:27:22.326	0.83720				2
2024.10.14	02:27:23.927		0.83723			4
2024.10.14	02:28:00.178	0.83720				2
2024.10.14	02:28:01.223	0.83721				2
2024.10.14	02:28:01.808	0.83720				2
2024.10.14	02:28:09.250		0.83722			4
2024.10.14	02:28:09.574		0.83723			4
2024.10.14	02:28:10.116		0.83722			4
2024.10.14	02:28:33.087	0.83721	0.83723			6
2024.10.14	02:28:47.431	0.83722				2
2024.10.14	02:29:05.892	0.83721	0.83724			6
2024.10.14	02:29:06.460	0.83720				2
2024.10.14	02:29:12.097		0.83723			4
2024.10.14	02:29:36.396	0.83719				2
2024.10.14	02:29:48.379	0.83720				2
2024.10.14	02:29:54.118	0.83719				2
2024.10.14	02:29:57.152		0.83722			4
2024.10.14	02:30:00.384	0.83719				2
2024.10.14	02:30:02.539	0.83721	0.83723			6
2024.10.14	02:30:05.531	0.83722				2
2024.10.14	02:30:10.733	0.83721				2
2024.10.14	02:30:14.154	0.83720	0.83722			6
2024.10.14	02:30:27.304	0.83719				2
2024.10.14	02:30:36.982		0.83721			4
2024.10.14	02:30:40.677	0.83720	0.83722			6
2024.10.14	02:30:42.555	0.83719	0.83721			6
2024.10.14	02:30:50.591	0.83718				2
2024.10.14	02:31:00.362	0.83718				2
2024.10.14	02:31:04.756		0.83720			4
2024.10.14	02:31:29.556	0.83717	0.83719			6
2024.10.14	02:31:29.909	0.83715	0.83717			6
2024.10.14	02:31:53.638	0.83713	0.83715			6
2024.10.14	02:31:54.155		0.83714			4
2024.10.14	02:31:54.596	0.83714	0.83715			6
2024.10.14	02:31:59.400		0.83716			4
2024.10.14	02:32:00.040	0.83714				2
2024.10.14	02:32:00.943	0.83713	0.83715			6
2024.10.14	02:32:03.410		0.83714			4
2024.10.14	02:32:05.581		0.83715			4
2024.10.14	02:32:10.595		0.83714			4
2024.10.14	02:32:16.017		0.83715			4
2024.10.14	02:32:21.742	0.83712	0.83714			6
2024.10.14	02:32:29.490		0.83713			4
2024.10.14	02:32:31.919		0.83714			4
2024.10.14	02:32:34.723	0.83713				2
2024.10.14	02:32:54.850	0.83714	0.83715			6
2024.10.14	02:33:00.363	0.83714				2
2024.10.14	02:33:07.334	0.83715	0.83716			6
2024.10.14	02:33:50.328	0.83716	0.83717			6
2024.10.14	02:33:50.911	0.83715				2
2024.10.14	02:33:51.505	0.83716				2
2024.10.14	02:34:02.189	0.83716				2
2024.10.14	02:34:12.081	0.83717	0.83718			6
2024.10.14	02:34:28.304	0.83718	0.83719			6
2024.10.14	02:35:00.453	0.83716	0.83717			6
2024.10.14	02:35:50.608	0.83717	0.83718			6
2024.10.14	02:36:00.324	0.83717				2
2024.10.14	02:36:05.021	0.83716	0.83717			6
2024.10.14	02:36:06.734	0.83715	0.83716			6
2024.10.14	02:36:10.463	0.83716	0.83717			6
2024.10.14	02:37:00.208	0.83716				2
2024.10.14	02:37:12.440		0.83717			4
2024.10.14	02:37:53.006	0.83713	0.83714			6
2024.10.14	02:37:53.582	0.83714	0.83715			6
2024.10.14	02:37:56.222	0.83715	0.83716			6
2024.10.14	02:38:02.894	0.83715				2
2024.10.14	02:38:26.405	0.83714	0.83715			6
2024.10.14	02:38:34.825	0.83713	0.83714			6
2024.10.14	02:38:41.565	0.83714	0.83715			6
2024.10.14	02:38:56.243	0.83717	0.83718			6
2024.10.14	02:39:02.153	0.83717				2
2024.10.14	02:39:08.390	0.83716	0.83717			6
2024.10.14	02:39:14.247	0.83717	0.83718			6
2024.10.14	02:39:19.067	0.83716	0.83717			6
2024.10.14	02:39:39.931	0.83717	0.83718			6
2024.10.14	02:40:00.639	0.83717				2
2024.10.14	02:40:05.755	0.83716	0.83717			6
2024.10.14	02:40:11.635	0.83717	0.83718			6
2024.10.14	02:40:16.883	0.83716	0.83717			6
2024.10.14	02:40:24.570	0.83717	0.83718			6
2024.10.14	02:40:49.712	0.83716	0.83717			6
2024.10.14	02:40:50.539	0.83717	0.83718			6
2024.10.14	02:40:54.802	0.83716	0.83717			6
2024.10.14	02:41:00.127	0.83717	0.83718			6
2024.10.14	02:41:23.002	0.83716	0.83717			6
2024.10.14	02:41:23.648	0.83717	0.83718			6
2024.10.14	02:41:42.795	0.83713	0.83714			6
2024.10.14	02:41:43.112	0.83714	0.83715			6
2024.10.14	02:41:43.497	0.83716	0.83717			6
2024.10.14	02:41:54.176	0.83715	0.83716			6
2024.10.14	02:41:57.064	0.83716	0.83717			6
2024.10.14	02:42:00.498	0.83717	0.83718			6
2024.10.14	02:42:52.727	0.83718	0.83719			6
2024.10.14	02:42:56.763	0.83717	0.83718			6
2024.10.14	02:43:01.218	0.83717				2
2024.10.14	02:43:26.464	0.83716	0.83717			6
2024.10.14	02:43:27.150	0.83717	0.83718			6
2024.10.14	02:43:59.166	0.83716	0.83717			6
2024.10.14	02:44:00.194	0.83716				2
2024.10.14	02:44:10.370	0.83717	0.83718			6
2024.10.14	02:44:10.916	0.83718	0.83719			6
2024.10.14	02:44:11.228	0.83719	0.83720			6
2024.10.14	02:44:11.901	0.83720	0.83721			6
2024.10.14	02:44:17.098	0.83721	0.83722			6
2024.10.14	02:44:29.173	0.83722	0.83723			6
2024.10.14	02:44:49.922	0.83721	0.83722			6
2024.10.14	02:44:53.522	0.83720	0.83721			6
2024.10.14	02:44:54.279	0.83721	0.83722			6
2024.10.14	02:44:58.162	0.83720	0.83721			6
2024.10.14	02:45:00.360	0.83720				2
2024.10.14	02:45:04.235	0.83721	0.83722			6
2024.10.14	02:45:11.025	0.83720	0.83721			6
2024.10.14	02:45:16.808	0.83719				2
2024.10.14	02:45:18.614	0.83720				2
2024.10.14	02:45:36.138	0.83718	0.83719			6
2024.10.14	02:45:36.439	0.83717	0.83718			6
2024.10.14	02:45:43.950	0.83716	0.83717			6
2024.10.14	02:45:47.022	0.83717	0.83718			6
2024.10.14	02:45:56.388	0.83718	0.83719			6
2024.10.14	02:46:00.576	0.83718				2
2024.10.14	02:46:04.684	0.83717	0.83718			6
2024.10.14	02:46:55.176	0.83716	0.83717			6
2024.10.14	02:47:00.352	0.83715	0.83716			6
2024.10.14	02:47:01.372	0.83717	0.83718			6
2024.10.14	02:47:04.777	0.83716	0.83717			6
2024.10.14	02:47:05.083	0.83717	0.83718			6
2024.10.14	02:47:10.732	0.83716	0.83717			6
2024.10.14	02:47:21.894	0.83717	0.83718			6
2024.10.14	02:47:52.527	0.83720	0.83721			6
2024.10.14	02:47:53.880	0.83721	0.83722			6
2024.10.14	02:48:00.373	0.83721				2
2024.10.14	02:48:05.026	0.83722	0.83723			6
2024.10.14	02:48:05.987	0.83720	0.83721			6
2024.10.14	02:48:16.233	0.83721	0.83722			6
2024.10.14	02:48:25.673	0.83720	0.83721			6
2024.10.14	02:48:41.096	0.83722	0.83723			6
2024.10.14	02:48:42.704	0.83721	0.83722			6
2024.10.14	02:48:47.773	0.83720	0.83721			6
2024.10.14	02:49:00.327	0.83720				2
2024.10.14	02:49:02.374	0.83721	0.83722			6
2024.10.14	02:49:03.194	0.83722	0.83723			6
2024.10.14	02:49:38.188	0.83721	0.83722			6
2024.10.14	02:49:38.505	0.83720	0.83721			6
2024.10.14	02:50:00.495	0.83720				2
2024.10.14	02:50:06.180	0.83719	0.83720			6
2024.10.14	02:50:06.502	0.83720	0.83721			6
2024.10.14	02:50:31.530	0.83721	0.83722			6
2024.10.14	02:51:00.572	0.83721				2
2024.10.14	02:51:10.083	0.83719	0.83720			6
2024.10.14	02:51:10.385	0.83718	0.83719			6
2024.10.14	02:51:16.850	0.83717	0.83718			6
2024.10.14	02:51:17.159	0.83718	0.83719			6
2024.10.14	02:51:45.409	0.83719	0.83720			6
2024.10.14	02:51:47.962	0.83718	0.83719			6
2024.10.14	02:52:01.452	0.83718				2
2024.10.14	02:52:49.657		0.83719			4
2024.10.14	02:53:00.158	0.83718				2
2024.10.14	02:53:01.315	0.83716	0.83717			6
2024.10.14	02:53:09.279	0.83717	0.83718			6
2024.10.14	02:53:41.828	0.83718	0.83719			6
2024.10.14	02:54:00.298	0.83718				2
2024.10.14	02:54:08.423	0.83717	0.83718			6
2024.10.14	02:54:31.348	0.83718	0.83719			6
2024.10.14	02:54:33.617	0.83717	0.83718			6
2024.10.14	02:54:41.477	0.83716	0.83717			6
2024.10.14	02:54:43.236	0.83717	0.83718			6
2024.10.14	02:54:47.423	0.83716	0.83717			6
2024.10.14	02:55:00.499	0.83716				2
2024.10.14	02:55:08.459	0.83717	0.83718			6
2024.10.14	02:55:09.185	0.83716	0.83717			6
2024.10.14	02:55:15.028	0.83717	0.83718			6
2024.10.14	02:55:24.717	0.83716	0.83717			6
2024.10.14	02:55:26.277	0.83717	0.83718			6
2024.10.14	02:55:27.446	0.83716	0.83717			6
2024.10.14	02:55:32.602	0.83715	0.83716			6
2024.10.14	02:55:33.409	0.83716	0.83717			6
2024.10.14	02:55:46.266	0.83717	0.83718			6
2024.10.14	02:55:50.701	0.83716	0.83717			6
2024.10.14	02:56:00.224	0.83715	0.83716			6
2024.10.14	02:56:06.041	0.83716	0.83717			6
2024.10.14	02:56:12.345	0.83714	0.83715			6
2024.10.14	02:56:14.833	0.83712	0.83714			6
2024.10.14	02:56:15.145	0.83713				2
2024.10.14	02:56:17.909	0.83715	0.83716			6
2024.10.14	02:56:20.027	0.83714	0.83715			6
2024.10.14	02:56:53.441	0.83713				2
2024.10.14	02:56:53.744	0.83714				2
2024.10.14	02:56:55.092	0.83712	0.83714			6
2024.10.14	02:57:00.293	0.83712				2
2024.10.14	02:57:01.182	0.83711	0.83713			6
2024.10.14	02:57:01.484	0.83712				2
2024.10.14	02:57:10.543		0.83714			4
2024.10.14	02:57:14.021		0.83713			4
2024.10.14	02:57:14.326	0.83713	0.83714			6
2024.10.14	02:57:21.179	0.83714	0.83715			6
2024.10.14	02:57:29.730	0.83713	0.83714			6
2024.10.14	02:57:30.675	0.83712	0.83713			6
2024.10.14	02:57:33.863	0.83713	0.83714			6
2024.10.14	02:57:47.334	0.83712				2
2024.10.14	02:57:50.009	0.83713				2
2024.10.14	02:58:00.331	0.83713				2
2024.10.14	02:58:04.252	0.83714	0.83715			6
2024.10.14	02:58:21.246	0.83712				2
2024.10.14	02:58:25.439	0.83713	0.83714			6
2024.10.14	02:58:35.682	0.83712	0.83713			6
2024.10.14	02:58:50.878	0.83713	0.83714			6
2024.10.14	02:59:02.860	0.83713				2
2024.10.14	02:59:03.165	0.83714	0.83715			6
2024.10.14	02:59:07.717	0.83713	0.83714			6
2024.10.14	02:59:13.010	0.83714	0.83715			6
2024.10.14	02:59:19.386	0.83713	0.83714			6
2024.10.14	02:59:57.431	0.83711				2
2024.10.14	02:59:57.865	0.83712	0.83713			6
2024.10.14	02:59:58.715	0.83713	0.83714			6
2024.10.14	02:59:59.022	0.83712	0.83713			6
2024.10.14	02:59:59.897	0.83713	0.83714			6
2024.10.14	03:00:00.361	0.83714	0.83715			6
2024.10.14	03:00:01.286	0.83715	0.83716			6
2024.10.14	03:00:02.416	0.83714	0.83715			6
2024.10.14	03:00:03.121	0.83715	0.83716			6
2024.10.14	03:00:03.472	0.83714	0.83715			6
2024.10.14	03:00:04.254	0.83715	0.83716			6
2024.10.14	03:00:04.555	0.83717	0.83718			6
2024.10.14	03:00:05.432	0.83718	0.83719			6
2024.10.14	03:00:06.315	0.83717	0.83718			6
2024.10.14	03:00:07.721	0.83718	0.83719			6
2024.10.14	03:00:08.040	0.83717	0.83718			6
2024.10.14	03:00:13.794	0.83718	0.83719			6
2024.10.14	03:00:15.553	0.83719	0.83720			6
2024.10.14	03:00:17.112	0.83721	0.83722			6
2024.10.14	03:00:22.985	0.83722	0.83723			6
2024.10.14	03:00:23.634	0.83721	0.83722			6
2024.10.14	03:00:23.952	0.83722	0.83723			6
2024.10.14	03:00:29.026	0.83721	0.83722			6
2024.10.14	03:00:29.336	0.83723	0.83724			6
2024.10.14	03:00:30.044	0.83722	0.83723			6
2024.10.14	03:00:30.696	0.83723	0.83724			6
2024.10.14	03:00:32.342	0.83722	0.83723			6
2024.10.14	03:00:35.382	0.83723	0.83724			6
2024.10.14	03:00:39.378	0.83722	0.83723			6
2024.10.14	03:00:41.983	0.83721	0.83722			6
2024.10.14	03:00:43.557	0.83722	0.83723			6
2024.10.14	03:00:48.326	0.83721	0.83722			6
2024.10.14	03:00:49.427	0.83720	0.83721			6
2024.10.14	03:00:50.385	0.83719	0.83720			6
2024.10.14	03:00:51.221	0.83718	0.83719			6
2024.10.14	03:00:51.530	0.83719	0.83720			6
2024.10.14	03:00:52.354	0.83718	0.83719			6
2024.10.14	03:00:55.681	0.83719	0.83720			6
2024.10.14	03:00:57.373	0.83716	0.83717			6
2024.10.14	03:00:58.887	0.83715	0.83716			6
2024.10.14	03:01:00.449	0.83716	0.83717			6
2024.10.14	03:01:02.359	0.83718	0.83719			6
2024.10.14	03:01:03.976	0.83717	0.83718			6
2024.10.14	03:01:04.283	0.83718	0.83719			6
2024.10.14	03:01:05.980	0.83717	0.83718			6
2024.10.14	03:01:13.868	0.83715	0.83716			6
2024.10.14	03:01:14.169	0.83716	0.83717			6
2024.10.14	03:01:17.672	0.83715	0.83716			6
2024.10.14	03:01:17.986	0.83716	0.83717			6
2024.10.14	03:01:24.766	0.83715	0.83716			6
2024.10.14	03:01:33.634	0.83716	0.83717			6
2024.10.14	03:01:36.741	0.83715	0.83716			6
2024.10.14	03:01:41.357	0.83716	0.83717			6
2024.10.14	03:01:42.156	0.83715	0.83716			6
2024.10.14	03:01:47.561	0.83716	0.83717			6
2024.10.14	03:02:00.014	0.83716				2
2024.10.14	03:02:01.574	0.83715	0.83716			6
2024.10.14	03:02:03.156	0.83716	0.83717			6
2024.10.14	03:02:04.858	0.83717	0.83718			6
2024.10.14	03:02:05.466	0.83716	0.83717			6
2024.10.14	03:02:09.773	0.83717	0.83719			6
2024.10.14	03:02:10.082	0.83718				2
2024.10.14	03:02:10.435	0.83717	0.83718			6
2024.10.14	03:02:19.718	0.83715	0.83717			6
2024.10.14	03:02:20.032	0.83716				2
2024.10.14	03:02:20.471	0.83717	0.83718			6
2024.10.14	03:02:22.411	0.83716	0.83717			6
2024.10.14	03:02:22.726	0.83718	0.83719			6
2024.10.14	03:02:23.031	0.83717	0.83718			6
2024.10.14	03:02:23.344	0.83716				2
2024.10.14	03:02:23.670	0.83715				2
2024.10.14	03:02:24.092	0.83716				2
2024.10.14	03:02:24.434	0.83717				2
2024.10.14	03:02:25.282		0.83719			4
2024.10.14	03:02:26.166	0.83715	0.83717			6
2024.10.14	03:02:26.540	0.83717	0.83719			6
2024.10.14	03:02:27.708		0.83718			4
2024.10.14	03:02:28.928		0.83719			4
2024.10.14	03:02:29.947		0.83718			4
2024.10.14	03:02:30.367		0.83719			4
2024.10.14	03:02:31.301		0.83718			4
2024.10.14	03:02:31.669	0.83716				2
2024.10.14	03:02:32.643	0.83715	0.83717			6
2024.10.14	03:02:32.944		0.83718			4
2024.10.14	03:02:33.476	0.83716	0.83717			6
2024.10.14	03:02:34.241	0.83714	0.83715			6
2024.10.14	03:02:34.545	0.83711	0.83712			6
2024.10.14	03:02:34.864	0.83712	0.83713			6
2024.10.14	03:02:35.212	0.83711	0.83712			6
2024.10.14	03:02:35.542	0.83712	0.83713			6
2024.10.14	03:02:36.338	0.83711	0.83712			6
2024.10.14	03:02:38.597	0.83713	0.83714			6
2024.10.14	03:02:45.173	0.83700	0.83701			6
2024.10.14	03:02:45.483	0.83699	0.83700			6
2024.10.14	03:02:45.791	0.83702	0.83703			6
2024.10.14	03:02:46.112	0.83701	0.83702			6
2024.10.14	03:02:49.369	0.83703	0.83704			6
2024.10.14	03:02:49.675	0.83702	0.83703			6
2024.10.14	03:02:50.366	0.83699	0.83700			6
2024.10.14	03:02:50.682	0.83696	0.83697			6
2024.10.14	03:02:55.266		0.83698			4
2024.10.14	03:02:55.584	0.83697				2
2024.10.14	03:03:00.371	0.83697				2
2024.10.14	03:03:02.529	0.83695	0.83696			6
2024.10.14	03:03:05.371	0.83696	0.83697			6
2024.10.14	03:03:09.966	0.83695	0.83696			6
2024.10.14	03:03:10.286	0.83696	0.83697			6
2024.10.14	03:03:10.933	0.83697	0.83698			6
2024.10.14	03:03:13.250	0.83695	0.83696			6
2024.10.14	03:03:15.303	0.83696	0.83697			6
2024.10.14	03:03:15.607	0.83694	0.83695			6
2024.10.14	03:03:15.923	0.83693	0.83694			6
2024.10.14	03:03:16.225	0.83694	0.83695			6
2024.10.14	03:03:18.463	0.83693	0.83694			6
2024.10.14	03:03:19.133	0.83694	0.83695			6
2024.10.14	03:03:19.474	0.83693	0.83694			6
2024.10.14	03:03:19.976	0.83694	0.83695			6
2024.10.14	03:03:20.455	0.83693	0.83694			6
2024.10.14	03:03:24.761	0.83694	0.83695			6
2024.10.14	03:03:25.467	0.83693	0.83694			6
2024.10.14	03:03:27.321	0.83694	0.83695			6
2024.10.14	03:03:32.645	0.83697	0.83698			6
2024.10.14	03:03:40.951	0.83698	0.83699			6
2024.10.14	03:03:42.143	0.83697	0.83698			6
2024.10.14	03:03:43.013	0.83698	0.83699			6
2024.10.14	03:03:44.013	0.83697	0.83698			6
2024.10.14	03:03:45.146	0.83695	0.83696			6
2024.10.14	03:03:45.659	0.83697	0.83698			6
2024.10.14	03:03:46.928	0.83695	0.83696			6
2024.10.14	03:03:47.910	0.83697	0.83698			6
2024.10.14	03:03:54.381	0.83698	0.83699			6
2024.10.14	03:04:00.544	0.83693	0.83696			6
2024.10.14	03:04:02.670		0.83695			4
2024.10.14	03:04:03.069		0.83696			4
2024.10.14	03:04:04.051	0.83695				2
2024.10.14	03:04:06.363	0.83697	0.83698			6
2024.10.14	03:04:17.812	0.83699	0.83700			6
2024.10.14	03:04:19.143	0.83698	0.83699			6
2024.10.14	03:04:20.944	0.83696	0.83698			6
2024.10.14	03:04:21.392	0.83697				2
2024.10.14	03:04:21.874	0.83696				2
2024.10.14	03:04:27.126	0.83698	0.83699			6
2024.10.14	03:04:28.307	0.83699	0.83700			6
2024.10.14	03:04:29.790	0.83700	0.83701			6
2024.10.14	03:04:30.224	0.83702	0.83703			6
2024.10.14	03:04:31.044	0.83703	0.83704			6
2024.10.14	03:04:33.424	0.83706	0.83708			6
2024.10.14	03:04:33.733		0.83707			4
2024.10.14	03:04:34.364		0.83708			4
2024.10.14	03:04:35.905	0.83707				2
2024.10.14	03:04:36.353	0.83706				2
2024.10.14	03:04:37.392	0.83707				2
2024.10.14	03:04:52.106	0.83704	0.83705			6
2024.10.14	03:04:54.468	0.83705	0.83706			6
2024.10.14	03:04:55.038	0.83704	0.83705			6
2024.10.14	03:04:57.130	0.83701	0.83703			6
2024.10.14	03:04:57.430	0.83704	0.83705			6
2024.10.14	03:05:00.320	0.83705	0.83706			6
2024.10.14	03:05:01.037		0.83707			4
2024.10.14	03:05:01.383	0.83706				2
2024.10.14	03:05:01.747	0.83707	0.83708			6
2024.10.14	03:05:02.098	0.83703	0.83704			6
2024.10.14	03:05:07.386	0.83702				2
2024.10.14	03:05:08.075		0.83703			4
2024.10.14	03:05:08.960	0.83704	0.83705			6
2024.10.14	03:05:09.408	0.83703	0.83704			6
2024.10.14	03:05:10.695	0.83706	0.83707			6
2024.10.14	03:05:11.403	0.83707	0.83708			6
2024.10.14	03:05:15.674	0.83705	0.83706			6
2024.10.14	03:05:18.232	0.83704	0.83705			6
2024.10.14	03:05:18.550	0.83705	0.83706			6
2024.10.14	03:05:21.966	0.83704	0.83705			6
2024.10.14	03:05:22.282	0.83705	0.83706			6
2024.10.14	03:05:27.738	0.83702	0.83703			6
2024.10.14	03:05:31.012	0.83701	0.83702			6
2024.10.14	03:05:35.955	0.83702	0.83703			6
2024.10.14	03:05:36.263	0.83700	0.83701			6
2024.10.14	03:05:36.567	0.83701	0.83702			6
2024.10.14	03:05:39.151	0.83702	0.83703			6
2024.10.14	03:05:53.503	0.83700	0.83702			6
2024.10.14	03:05:54.127	0.83702	0.83703			6
2024.10.14	03:05:54.436	0.83700	0.83701			6
2024.10.14	03:05:54.749	0.83702	0.83703			6
2024.10.14	03:05:57.414	0.83701	0.83702			6
2024.10.14	03:05:58.523	0.83700	0.83701			6
2024.10.14	03:05:58.824	0.83699	0.83700			6
2024.10.14	03:06:00.132	0.83698	0.83699			6
2024.10.14	03:06:00.496	0.83697	0.83698			6
2024.10.14	03:06:01.220	0.83698	0.83699			6
2024.10.14	03:06:08.453	0.83699	0.83700			6
2024.10.14	03:06:10.146	0.83698	0.83699			6
2024.10.14	03:06:11.201	0.83700	0.83701			6
2024.10.14	03:06:11.960	0.83699	0.83700			6
2024.10.14	03:06:15.903	0.83700	0.83701			6
2024.10.14	03:06:16.633	0.83699	0.83700			6
2024.10.14	03:06:18.231	0.83700	0.83701			6
2024.10.14	03:06:18.921	0.83699	0.83700			6
2024.10.14	03:06:27.414	0.83700	0.83701			6
2024.10.14	03:06:33.361	0.83701	0.83702			6
2024.10.14	03:06:33.682	0.83700	0.83701			6
2024.10.14	03:06:42.911	0.83699	0.83700			6
2024.10.14	03:06:47.708	0.83697	0.83698			6
2024.10.14	03:06:48.384	0.83698	0.83699			6
2024.10.14	03:06:49.135	0.83697	0.83698			6
2024.10.14	03:06:49.441	0.83696	0.83697			6
2024.10.14	03:06:49.922	0.83697	0.83698			6
2024.10.14	03:06:53.141	0.83698	0.83699			6
2024.10.14	03:06:54.191	0.83697	0.83698			6
2024.10.14	03:06:57.249	0.83699	0.83700			6
2024.10.14	03:07:00.392	0.83699				2
2024.10.14	03:07:01.382	0.83701	0.83702			6
2024.10.14	03:07:04.780	0.83700				2
2024.10.14	03:07:06.350	0.83701				2
2024.10.14	03:07:10.535	0.83702	0.83703			6
2024.10.14	03:07:12.548	0.83700	0.83702			6
2024.10.14	03:07:13.399	0.83701				2
2024.10.14	03:07:13.725	0.83702	0.83703			6
2024.10.14	03:07:14.139	0.83700	0.83702			6
2024.10.14	03:07:14.747		0.83701			4
2024.10.14	03:07:15.066		0.83702			4
2024.10.14	03:07:15.634		0.83701			4
2024.10.14	03:07:17.418	0.83701	0.83702			6
2024.10.14	03:07:18.114	0.83703	0.83704			6
2024.10.14	03:07:18.737	0.83702	0.83703			6
2024.10.14	03:07:19.041	0.83703	0.83704			6
2024.10.14	03:07:29.596	0.83702	0.83703			6
2024.10.14	03:07:31.085	0.83703	0.83704			6
2024.10.14	03:07:34.884	0.83704	0.83705			6
2024.10.14	03:07:54.109	0.83705	0.83706			6
2024.10.14	03:08:00.098	0.83705				2
2024.10.14	03:08:01.304	0.83703	0.83704			6
2024.10.14	03:08:14.878	0.83702	0.83703			6
2024.10.14	03:08:26.435	0.83703	0.83704			6
2024.10.14	03:08:38.353		0.83705			4
2024.10.14	03:08:40.317		0.83704			4
2024.10.14	03:08:58.346	0.83705	0.83706			6
2024.10.14	03:08:59.444	0.83707	0.83708			6
2024.10.14	03:09:00.220	0.83707				2
2024.10.14	03:09:00.525	0.83706	0.83707			6
2024.10.14	03:09:00.882	0.83707	0.83708			6
2024.10.14	03:09:01.201	0.83706	0.83707			6
2024.10.14	03:09:02.188	0.83705	0.83706			6
2024.10.14	03:09:02.767	0.83706	0.83707			6
2024.10.14	03:09:07.320	0.83705	0.83706			6
2024.10.14	03:09:09.944	0.83704	0.83705			6
2024.10.14	03:09:21.006	0.83705	0.83706			6
2024.10.14	03:09:24.780	0.83706	0.83707			6
2024.10.14	03:09:25.085	0.83708	0.83709			6
2024.10.14	03:09:25.572	0.83709	0.83710			6
2024.10.14	03:09:30.684	0.83710	0.83711			6
2024.10.14	03:09:31.032	0.83709	0.83710			6
2024.10.14	03:09:31.399	0.83710	0.83711			6
2024.10.14	03:09:31.761	0.83712	0.83713			6
2024.10.14	03:09:32.065	0.83713	0.83714			6
2024.10.14	03:09:33.104	0.83711	0.83712			6
2024.10.14	03:09:35.875	0.83710	0.83711			6
2024.10.14	03:09:43.941	0.83709	0.83710			6
2024.10.14	03:09:56.842	0.83708	0.83709			6
2024.10.14	03:09:57.145	0.83709	0.83710			6
2024.10.14	03:10:00.104	0.83709				2
2024.10.14	03:10:00.656	0.83710	0.83711			6
2024.10.14	03:10:01.813	0.83711	0.83712			6
2024.10.14	03:10:03.139	0.83709	0.83710			6
2024.10.14	03:10:04.176	0.83708	0.83709			6
2024.10.14	03:10:05.084	0.83710	0.83711			6
2024.10.14	03:10:08.151	0.83711	0.83712			6
2024.10.14	03:10:13.021	0.83712	0.83713			6
2024.10.14	03:10:17.074	0.83714	0.83715			6
2024.10.14	03:10:23.123	0.83713	0.83714			6
2024.10.14	03:10:28.189	0.83712	0.83713			6
2024.10.14	03:10:28.512	0.83713	0.83714			6
2024.10.14	03:10:28.878	0.83712	0.83713			6
2024.10.14	03:10:31.011	0.83711	0.83712			6
2024.10.14	03:10:31.404	0.83712	0.83713			6
2024.10.14	03:10:34.284	0.83708	0.83709			6
2024.10.14	03:10:41.185	0.83709	0.83710			6
2024.10.14	03:10:42.214	0.83710	0.83711			6
2024.10.14	03:10:46.362	0.83707	0.83708			6
2024.10.14	03:10:47.284	0.83706	0.83707			6
2024.10.14	03:10:47.798	0.83707	0.83708			6
2024.10.14	03:10:51.546	0.83706	0.83707			6
2024.10.14	03:10:55.122	0.83707	0.83708			6
2024.10.14	03:10:55.848	0.83708	0.83709			6
2024.10.14	03:10:57.421	0.83707	0.83708			6
2024.10.14	03:10:59.936	0.83708	0.83709			6
2024.10.14	03:11:00.242	0.83708				2
2024.10.14	03:11:01.304	0.83707	0.83708			6
2024.10.14	03:11:05.533	0.83708	0.83709			6
2024.10.14	03:11:06.358	0.83707	0.83708			6
2024.10.14	03:11:07.833	0.83706	0.83707			6
2024.10.14	03:11:16.866	0.83708	0.83709			6
2024.10.14	03:11:20.496	0.83709	0.83710			6
2024.10.14	03:11:21.307	0.83708	0.83709			6
2024.10.14	03:11:21.720	0.83709	0.83710			6
2024.10.14	03:11:24.714	0.83708	0.83709			6
2024.10.14	03:11:32.062	0.83703	0.83704			6
2024.10.14	03:11:32.365	0.83702	0.83703			6
2024.10.14	03:11:32.696	0.83704	0.83705			6
2024.10.14	03:11:35.022	0.83703	0.83704			6
2024.10.14	03:11:35.327	0.83704	0.83705			6
2024.10.14	03:11:35.786	0.83703	0.83704			6
2024.10.14	03:11:39.084	0.83704	0.83705			6
2024.10.14	03:11:39.394	0.83703	0.83704			6
2024.10.14	03:11:40.261	0.83704	0.83705			6
2024.10.14	03:11:44.686	0.83703	0.83704			6
2024.10.14	03:11:46.396	0.83704	0.83705			6
2024.10.14	03:11:47.129	0.83705	0.83706			6
2024.10.14	03:11:47.437	0.83706	0.83707			6
2024.10.14	03:11:49.096	0.83705	0.83706			6
2024.10.14	03:12:00.036	0.83705				2
2024.10.14	03:12:01.098	0.83707	0.83708			6
2024.10.14	03:12:03.410	0.83706	0.83707			6
2024.10.14	03:12:03.722	0.83708	0.83709			6
2024.10.14	03:12:04.768	0.83707	0.83708			6
2024.10.14	03:12:07.467	0.83708	0.83709			6
2024.10.14	03:12:09.945	0.83707	0.83708			6
2024.10.14	03:12:10.264	0.83708	0.83709			6
2024.10.14	03:12:10.568	0.83707	0.83708			6
2024.10.14	03:12:10.884	0.83708	0.83709			6
2024.10.14	03:12:11.765	0.83707	0.83708			6
2024.10.14	03:12:13.189	0.83706	0.83707			6
2024.10.14	03:12:13.814	0.83708	0.83709			6
2024.10.14	03:12:14.611	0.83707	0.83708			6
2024.10.14	03:12:15.526	0.83706	0.83707			6
2024.10.14	03:12:17.893	0.83707	0.83708			6
2024.10.14	03:12:32.874	0.83706	0.83707			6
2024.10.14	03:12:36.154	0.83707	0.83708			6
2024.10.14	03:12:45.614	0.83706	0.83707			6
2024.10.14	03:12:50.052	0.83707	0.83708			6
2024.10.14	03:12:50.844	0.83706	0.83707			6
2024.10.14	03:12:55.451	0.83708	0.83709			6
2024.10.14	03:12:56.261	0.83707	0.83708			6
2024.10.14	03:13:00.379	0.83706	0.83707			6
2024.10.14	03:13:05.681	0.83707	0.83708			6
2024.10.14	03:13:06.526	0.83706	0.83707			6
2024.10.14	03:13:06.880	0.83707	0.83708			6
2024.10.14	03:13:13.092	0.83704	0.83705			6
2024.10.14	03:13:14.920	0.83703	0.83704			6
2024.10.14	03:13:15.245	0.83704	0.83705			6
2024.10.14	03:13:23.366	0.83703	0.83704			6
2024.10.14	03:13:39.165	0.83702	0.83703			6
2024.10.14	03:13:44.727	0.83703	0.83704			6
2024.10.14	03:13:46.754	0.83704	0.83705			6
2024.10.14	03:13:47.067	0.83703	0.83704			6
2024.10.14	03:13:47.400	0.83702	0.83703			6
2024.10.14	03:13:53.400	0.83703	0.83704			6
2024.10.14	03:13:53.853	0.83702	0.83703			6
2024.10.14	03:13:56.174	0.83703	0.83704			6
2024.10.14	03:14:00.606	0.83703				2
2024.10.14	03:14:05.032	0.83701	0.83702			6
2024.10.14	03:14:05.781	0.83702	0.83703			6
2024.10.14	03:14:06.149	0.83703	0.83704			6
2024.10.14	03:14:07.146	0.83702	0.83703			6
2024.10.14	03:14:08.809	0.83703	0.83704			6
2024.10.14	03:14:09.499	0.83701	0.83702			6
2024.10.14	03:14:10.441	0.83702	0.83703			6
2024.10.14	03:14:11.003	0.83701	0.83702			6
2024.10.14	03:14:15.145	0.83702	0.83703			6
2024.10.14	03:14:21.423	0.83703	0.83704			6
2024.10.14	03:14:22.706	0.83704	0.83705			6
2024.10.14	03:14:23.376	0.83703	0.83704			6
2024.10.14	03:14:23.720	0.83704	0.83705			6
2024.10.14	03:14:29.124	0.83702	0.83703			6
2024.10.14	03:14:34.152	0.83703	0.83704			6
2024.10.14	03:14:34.484	0.83702	0.83703			6
2024.10.14	03:14:35.361	0.83703	0.83704			6
2024.10.14	03:14:35.665	0.83702	0.83703			6
2024.10.14	03:14:37.564	0.83701	0.83702			6
2024.10.14	03:14:39.761	0.83700	0.83701			6
2024.10.14	03:14:51.262	0.83699	0.83700			6
2024.10.14	03:14:51.582	0.83700	0.83701			6
2024.10.14	03:14:56.969	0.83699	0.83700			6
2024.10.14	03:15:00.261	0.83698	0.83699			6
2024.10.14	03:15:02.561	0.83699	0.83700			6
2024.10.14	03:15:06.714	0.83698	0.83699			6
2024.10.14	03:15:07.244	0.83699	0.83700			6
2024.10.14	03:15:07.978	0.83698	0.83699			6
2024.10.14	03:15:11.139	0.83699	0.83700			6
2024.10.14	03:15:26.279	0.83698	0.83699			6
2024.10.14	03:15:28.552	0.83699	0.83700			6
2024.10.14	03:15:32.516	0.83700	0.83701			6
2024.10.14	03:15:32.845	0.83699	0.83700			6
2024.10.14	03:15:34.161	0.83700	0.83701			6
2024.10.14	03:15:35.281	0.83697	0.83698			6
2024.10.14	03:15:35.589	0.83698	0.83699			6
2024.10.14	03:15:36.596	0.83697	0.83698			6
2024.10.14	03:15:38.453	0.83698	0.83699			6
2024.10.14	03:15:38.766	0.83697	0.83698			6
2024.10.14	03:15:41.420	0.83696	0.83697			6
2024.10.14	03:15:45.288	0.83695	0.83696			6
2024.10.14	03:15:45.665	0.83694	0.83695			6
2024.10.14	03:16:00.184	0.83694				2
2024.10.14	03:16:07.744	0.83693	0.83694			6
2024.10.14	03:16:11.888	0.83694	0.83695			6
2024.10.14	03:16:12.211	0.83693	0.83694			6
2024.10.14	03:16:15.028	0.83692	0.83693			6
2024.10.14	03:16:15.459	0.83693	0.83694			6
2024.10.14	03:16:30.510	0.83694	0.83695			6
2024.10.14	03:16:33.772	0.83695	0.83696			6
2024.10.14	03:16:35.436	0.83694	0.83695			6
2024.10.14	03:16:37.023	0.83695	0.83696			6
2024.10.14	03:16:37.773	0.83694	0.83695			6
2024.10.14	03:16:39.172	0.83695	0.83696			6
2024.10.14	03:16:41.289	0.83697	0.83698			6
2024.10.14	03:16:46.433	0.83698	0.83699			6
2024.10.14	03:16:47.441	0.83699	0.83700			6
2024.10.14	03:16:51.361	0.83698	0.83699			6
2024.10.14	03:16:52.032	0.83699	0.83700			6
2024.10.14	03:16:58.127	0.83698	0.83699			6
2024.10.14	03:16:58.514	0.83697	0.83698			6
2024.10.14	03:17:00.375	0.83697				2
2024.10.14	03:17:04.420	0.83699	0.83700			6
2024.10.14	03:17:10.148	0.83700	0.83701			6
2024.10.14	03:17:10.545	0.83701	0.83702			6
2024.10.14	03:17:12.245	0.83702	0.83703			6
2024.10.14	03:17:12.803	0.83701	0.83702			6
2024.10.14	03:17:13.154	0.83702	0.83703			6
2024.10.14	03:17:22.984	0.83703	0.83704			6
2024.10.14	03:17:23.334	0.83704	0.83705			6
2024.10.14	03:17:25.390	0.83702	0.83703			6
2024.10.14	03:17:28.689	0.83704	0.83705			6
2024.10.14	03:17:32.582	0.83705	0.83706			6
2024.10.14	03:18:00.045	0.83705				2
2024.10.14	03:18:10.664	0.83704	0.83705			6
2024.10.14	03:18:10.986	0.83705	0.83706			6
2024.10.14	03:18:11.300	0.83704	0.83705			6
2024.10.14	03:18:16.833	0.83703	0.83704			6
2024.10.14	03:18:17.904	0.83704	0.83705			6
2024.10.14	03:18:23.378	0.83703	0.83704			6
2024.10.14	03:18:23.686	0.83704	0.83705			6
2024.10.14	03:18:40.652	0.83705	0.83706			6
2024.10.14	03:18:45.710	0.83703	0.83704			6
2024.10.14	03:18:46.352	0.83704	0.83705			6
2024.10.14	03:19:00.181	0.83704				2
2024.10.14	03:19:11.458	0.83703	0.83704			6
2024.10.14	03:19:11.766	0.83705	0.83706			6
2024.10.14	03:19:19.543	0.83704	0.83705			6
2024.10.14	03:19:20.057	0.83705	0.83706			6
2024.10.14	03:19:30.215	0.83704	0.83705			6
2024.10.14	03:19:30.698	0.83705	0.83706			6
2024.10.14	03:19:48.266	0.83706	0.83707			6
2024.10.14	03:19:48.872	0.83707	0.83708			6
2024.10.14	03:19:56.793	0.83708	0.83709			6
2024.10.14	03:19:58.120	0.83707	0.83708			6
2024.10.14	03:20:00.193	0.83708	0.83709			6
2024.10.14	03:20:01.066	0.83709	0.83710			6
2024.10.14	03:20:03.330	0.83708	0.83709			6
2024.10.14	03:20:03.726	0.83709	0.83710			6
2024.10.14	03:20:22.294	0.83708	0.83709			6
2024.10.14	03:20:23.315	0.83705	0.83706			6
2024.10.14	03:21:00.029	0.83705				2
2024.10.14	03:21:12.623	0.83704	0.83705			6
2024.10.14	03:21:16.504	0.83705	0.83706			6
2024.10.14	03:21:19.050	0.83704	0.83705			6
2024.10.14	03:21:26.133	0.83703	0.83704			6
2024.10.14	03:21:28.240	0.83702	0.83703			6
2024.10.14	03:21:31.163	0.83701	0.83702			6
2024.10.14	03:21:34.632	0.83702	0.83703			6
2024.10.14	03:21:36.413	0.83703	0.83704			6
2024.10.14	03:21:37.202	0.83702	0.83703			6
2024.10.14	03:21:39.280	0.83701	0.83702			6
2024.10.14	03:21:40.523	0.83702	0.83703			6
2024.10.14	03:21:42.621	0.83703	0.83704			6
2024.10.14	03:21:47.970	0.83704	0.83705			6
2024.10.14	03:21:51.553	0.83705	0.83706			6
2024.10.14	03:22:00.707	0.83704	0.83705			6
2024.10.14	03:22:08.326	0.83701	0.83702			6
2024.10.14	03:22:10.426	0.83702	0.83703			6
2024.10.14	03:22:12.724	0.83701	0.83702			6
2024.10.14	03:22:20.602	0.83702	0.83703			6
2024.10.14	03:22:22.131	0.83701	0.83702			6
2024.10.14	03:22:25.385	0.83702	0.83703			6
2024.10.14	03:22:26.277	0.83699	0.83700			6
2024.10.14	03:22:31.790	0.83696	0.83697			6
2024.10.14	03:22:35.552	0.83695	0.83696			6
2024.10.14	03:22:36.900	0.83696	0.83697			6
2024.10.14	03:22:38.758	0.83695	0.83696			6
2024.10.14	03:22:39.128	0.83694	0.83695			6
2024.10.14	03:22:48.401	0.83693	0.83694			6
2024.10.14	03:22:53.431	0.83694	0.83695			6
2024.10.14	03:22:53.746	0.83693	0.83694			6
2024.10.14	03:23:00.294	0.83693				2
2024.10.14	03:23:00.943	0.83694	0.83695			6
2024.10.14	03:23:04.091	0.83693	0.83694			6
2024.10.14	03:23:07.856	0.83692	0.83693			6
2024.10.14	03:23:08.164	0.83694	0.83695			6
2024.10.14	03:23:20.841	0.83697	0.83698			6
2024.10.14	03:23:31.123	0.83698	0.83699			6
2024.10.14	03:23:38.267	0.83699	0.83700			6
2024.10.14	03:23:42.067	0.83698	0.83699			6
2024.10.14	03:23:42.429	0.83699	0.83700			6
2024.10.14	03:23:42.751	0.83698	0.83699			6
2024.10.14	03:23:44.389	0.83699	0.83700			6
2024.10.14	03:23:47.645	0.83698	0.83699			6
2024.10.14	03:23:51.578	0.83697	0.83698			6
2024.10.14	03:23:54.996	0.83698	0.83699			6
2024.10.14	03:23:58.364	0.83699	0.83700			6
2024.10.14	03:24:00.322	0.83699				2
2024.10.14	03:24:02.055	0.83698	0.83699			6
2024.10.14	03:24:02.938	0.83699	0.83700			6
2024.10.14	03:24:03.286	0.83698	0.83699			6
2024.10.14	03:24:03.674	0.83699	0.83700			6
2024.10.14	03:24:03.986	0.83697	0.83698			6
2024.10.14	03:24:04.350	0.83698	0.83699			6
2024.10.14	03:24:12.352	0.83697	0.83698			6
2024.10.14	03:24:16.758	0.83696	0.83697			6
2024.10.14	03:24:17.374	0.83697	0.83698			6
2024.10.14	03:24:26.319	0.83696	0.83697			6
2024.10.14	03:24:29.589	0.83697	0.83698			6
2024.10.14	03:24:35.447	0.83698	0.83699			6
2024.10.14	03:24:37.197	0.83699	0.83700			6
2024.10.14	03:24:44.235	0.83698	0.83699			6
2024.10.14	03:24:48.551	0.83699	0.83700			6
2024.10.14	03:24:56.261	0.83700	0.83701			6
2024.10.14	03:25:00.577	0.83700				2
2024.10.14	03:25:01.146	0.83699	0.83700			6
2024.10.14	03:25:02.759	0.83701	0.83702			6
2024.10.14	03:25:05.368	0.83700	0.83701			6
2024.10.14	03:25:12.468	0.83701	0.83702			6
2024.10.14	03:25:45.674	0.83700	0.83701			6
2024.10.14	03:25:52.833	0.83701	0.83702			6
2024.10.14	03:26:00.429	0.83701				2
2024.10.14	03:26:02.561	0.83700	0.83701			6
2024.10.14	03:26:14.912	0.83701	0.83702			6
2024.10.14	03:26:25.403	0.83700	0.83701			6
2024.10.14	03:26:36.566	0.83699	0.83700			6
2024.10.14	03:26:38.558	0.83698	0.83699			6
2024.10.14	03:26:43.145	0.83696	0.83698			6
2024.10.14	03:26:43.590	0.83699	0.83700			6
2024.10.14	03:26:44.680	0.83697	0.83698			6
2024.10.14	03:26:45.014		0.83699			4
2024.10.14	03:26:45.711	0.83696				2
2024.10.14	03:26:46.354		0.83698			4
2024.10.14	03:26:50.791	0.83697				2
2024.10.14	03:26:54.354	0.83696	0.83697			6
2024.10.14	03:26:55.624	0.83697	0.83698			6
2024.10.14	03:26:56.849	0.83696	0.83697			6
2024.10.14	03:27:00.377	0.83696				2
2024.10.14	03:27:03.876	0.83694	0.83695			6
2024.10.14	03:27:04.184	0.83692	0.83693			6
2024.10.14	03:27:06.707	0.83691	0.83692			6
2024.10.14	03:27:16.465	0.83692	0.83693			6
2024.10.14	03:27:17.452	0.83691	0.83692			6
2024.10.14	03:27:17.762	0.83692	0.83693			6
2024.10.14	03:27:19.445	0.83690	0.83691			6
2024.10.14	03:27:19.788	0.83691	0.83692			6
2024.10.14	03:27:20.496	0.83692	0.83693			6
2024.10.14	03:27:21.166	0.83691	0.83692			6
2024.10.14	03:27:21.483	0.83694	0.83695			6
2024.10.14	03:27:26.624	0.83692	0.83693			6
2024.10.14	03:27:26.924	0.83693	0.83694			6
2024.10.14	03:27:27.239	0.83692	0.83693			6
2024.10.14	03:27:28.595	0.83691	0.83692			6
2024.10.14	03:27:33.797	0.83692	0.83693			6
2024.10.14	03:27:34.112	0.83693	0.83694			6
2024.10.14	03:27:36.584	0.83694	0.83695			6
2024.10.14	03:27:37.234	0.83693	0.83694			6
2024.10.14	03:27:47.798	0.83692	0.83693			6
2024.10.14	03:27:48.419	0.83691	0.83692			6
2024.10.14	03:27:54.637	0.83693	0.83694			6
2024.10.14	03:27:54.943	0.83694	0.83695			6
2024.10.14	03:27:55.601	0.83695	0.83696			6
2024.10.14	03:28:00.127	0.83695				2
2024.10.14	03:28:07.544	0.83696	0.83697			6
2024.10.14	03:28:17.060	0.83697	0.83698			6
2024.10.14	03:28:21.104	0.83698	0.83699			6
2024.10.14	03:28:22.052	0.83696	0.83697			6
2024.10.14	03:28:22.368	0.83697	0.83698			6
2024.10.14	03:28:29.381	0.83696	0.83697			6
2024.10.14	03:28:30.494	0.83697	0.83698			6
2024.10.14	03:28:32.142	0.83696	0.83697			6
2024.10.14	03:28:32.446	0.83697	0.83698			6
2024.10.14	03:28:35.936	0.83696	0.83697			6
2024.10.14	03:28:37.676	0.83697	0.83698			6
2024.10.14	03:28:38.371	0.83696	0.83697			6
2024.10.14	03:28:54.138	0.83695	0.83696			6
2024.10.14	03:28:54.446	0.83696	0.83697			6
2024.10.14	03:28:58.415	0.83695	0.83696			6
2024.10.14	03:29:00.316	0.83696	0.83697			6
2024.10.14	03:29:01.781	0.83695	0.83696			6
2024.10.14	03:29:06.994	0.83696	0.83697			6
2024.10.14	03:29:07.329	0.83695	0.83696			6
2024.10.14	03:29:07.643	0.83696	0.83697			6
2024.10.14	03:29:08.468	0.83697	0.83698			6
2024.10.14	03:29:10.254	0.83696	0.83697			6
2024.10.14	03:29:19.154	0.83695	0.83696			6
2024.10.14	03:29:19.463	0.83696	0.83697			6
2024.10.14	03:29:19.882	0.83695	0.83696			6
2024.10.14	03:29:20.208	0.83696	0.83697			6
2024.10.14	03:29:20.909	0.83695	0.83696			6
2024.10.14	03:29:21.223	0.83696	0.83697			6
2024.10.14	03:29:30.652	0.83697	0.83698			6
2024.10.14	03:29:31.452	0.83696	0.83697			6
2024.10.14	03:29:31.780	0.83697	0.83698			6
2024.10.14	03:29:32.096	0.83696	0.83697			6
2024.10.14	03:29:35.963	0.83695	0.83696			6
2024.10.14	03:29:36.265	0.83697	0.83698			6
2024.10.14	03:29:43.485	0.83696	0.83697			6
2024.10.14	03:29:45.766	0.83697	0.83698			6
2024.10.14	03:29:54.259	0.83698	0.83699			6
2024.10.14	03:29:54.904	0.83697	0.83698			6
2024.10.14	03:29:55.888	0.83698	0.83699			6
2024.10.14	03:29:56.273	0.83697	0.83698			6
2024.10.14	03:30:00.280	0.83697				2
