<DATE>	<TIME>	<BID>	<ASK>	<LAST>	<VOLUME>	<FLAGS>
2024.07.26	00:00:00.503	0.84335	0.84430			6
2024.07.26	00:00:02.860	0.84325	0.84439			6
2024.07.26	00:00:30.613	0.84308	0.84413			6
2024.07.26	00:00:54.319		0.84410			4
2024.07.26	00:01:00.383	0.84308				2
2024.07.26	00:01:34.266	0.84311				2
2024.07.26	00:01:54.372		0.84410			4
2024.07.26	00:02:01.671	0.84311				2
2024.07.26	00:02:18.682	0.84329				2
2024.07.26	00:02:39.427		0.84428			4
2024.07.26	00:02:57.226		0.84411			4
2024.07.26	00:03:00.500	0.84347	0.84413			6
2024.07.26	00:03:01.002	0.84329	0.84411			6
2024.07.26	00:03:13.123	0.84343				2
2024.07.26	00:04:20.899	0.84343	0.84411			6
2024.07.26	00:05:02.087	0.84343				2
2024.07.26	00:05:21.420		0.84411			4
2024.07.26	00:06:01.121	0.84343				2
2024.07.26	00:06:22.099		0.84411			4
2024.07.26	00:07:00.868	0.84343				2
2024.07.26	00:07:22.422		0.84411			4
2024.07.26	00:07:32.232		0.84414			4
2024.07.26	00:08:02.359	0.84343				2
2024.07.26	00:08:27.221		0.84413			4
2024.07.26	00:08:35.067	0.84356				2
2024.07.26	00:08:37.201	0.84353				2
2024.07.26	00:08:46.355	0.84354				2
2024.07.26	00:08:54.356	0.84355				2
2024.07.26	00:09:00.318	0.84354				2
2024.07.26	00:09:15.439		0.84415			4
2024.07.26	00:09:32.352	0.84355				2
2024.07.26	00:09:34.358	0.84354				2
2024.07.26	00:09:36.301	0.84355				2
2024.07.26	00:09:38.352	0.84354				2
2024.07.26	00:09:40.361	0.84355				2
2024.07.26	00:09:58.358	0.84356				2
2024.07.26	00:10:00.378	0.84353				2
2024.07.26	00:10:02.854		0.84414			4
2024.07.26	00:10:13.539	0.84354				2
2024.07.26	00:10:17.095	0.84353				2
2024.07.26	00:10:22.118	0.84352				2
2024.07.26	00:10:27.073	0.84353				2
2024.07.26	00:10:29.927		0.84413			4
2024.07.26	00:10:32.681		0.84414			4
2024.07.26	00:10:35.069		0.84413			4
2024.07.26	00:10:35.408	0.84350				2
2024.07.26	00:10:36.919	0.84349				2
2024.07.26	00:10:37.901	0.84348	0.84406			6
2024.07.26	00:10:41.901	0.84349				2
2024.07.26	00:10:47.165	0.84350				2
2024.07.26	00:10:47.808	0.84349				2
2024.07.26	00:10:50.584	0.84350				2
2024.07.26	00:10:51.935	0.84348				2
2024.07.26	00:10:57.138	0.84350				2
2024.07.26	00:10:57.441	0.84348				2
2024.07.26	00:10:57.756	0.84350				2
2024.07.26	00:10:58.079	0.84349				2
2024.07.26	00:10:58.380	0.84348				2
2024.07.26	00:11:02.499	0.84351				2
2024.07.26	00:11:09.637	0.84354				2
2024.07.26	00:11:12.364	0.84353				2
2024.07.26	00:11:23.494	0.84351				2
2024.07.26	00:11:26.171	0.84350				2
2024.07.26	00:11:29.299	0.84351				2
2024.07.26	00:11:29.828		0.84405			4
2024.07.26	00:11:31.306	0.84354				2
2024.07.26	00:11:32.561		0.84406			4
2024.07.26	00:11:35.100	0.84353				2
2024.07.26	00:11:37.900		0.84407			4
2024.07.26	00:11:38.223	0.84349				2
2024.07.26	00:11:39.705	0.84350				2
2024.07.26	00:11:46.861	0.84349				2
2024.07.26	00:11:57.928	0.84348				2
2024.07.26	00:11:58.250	0.84347				2
2024.07.26	00:12:00.026	0.84349				2
2024.07.26	00:12:02.358	0.84346				2
2024.07.26	00:12:04.353	0.84351				2
2024.07.26	00:12:09.174	0.84344				2
2024.07.26	00:12:09.715	0.84345				2
2024.07.26	00:12:11.170	0.84350				2
2024.07.26	00:12:12.359	0.84354				2
2024.07.26	00:12:14.725	0.84353				2
2024.07.26	00:12:30.038	0.84351				2
2024.07.26	00:12:37.876	0.84359				2
2024.07.26	00:12:38.349		0.84407			4
2024.07.26	00:12:40.714	0.84358				2
2024.07.26	00:13:00.362	0.84358				2
2024.07.26	00:13:10.371	0.84357				2
2024.07.26	00:13:12.166	0.84361				2
2024.07.26	00:13:13.436	0.84359				2
2024.07.26	00:13:13.933	0.84357				2
2024.07.26	00:13:50.890		0.84407			4
2024.07.26	00:14:01.122	0.84358				2
2024.07.26	00:14:21.993	0.84361				2
2024.07.26	00:15:00.780	0.84361	0.84407			6
2024.07.26	00:15:12.214	0.84362				2
2024.07.26	00:15:15.942	0.84363				2
2024.07.26	00:15:30.405	0.84361				2
2024.07.26	00:16:00.889	0.84361	0.84407			6
2024.07.26	00:16:07.675	0.84356				2
2024.07.26	00:16:10.522	0.84357				2
2024.07.26	00:16:14.382	0.84361				2
2024.07.26	00:16:23.665		0.84410			4
2024.07.26	00:16:36.638	0.84362	0.84409			6
2024.07.26	00:16:46.910	0.84359	0.84407			6
2024.07.26	00:16:48.350	0.84358				2
2024.07.26	00:17:00.317	0.84358				2
2024.07.26	00:17:01.837		0.84408			4
2024.07.26	00:17:14.139	0.84357				2
2024.07.26	00:17:18.990		0.84409			4
2024.07.26	00:17:22.384		0.84408			4
2024.07.26	00:17:43.541		0.84409			4
2024.07.26	00:17:46.926	0.84355	0.84410			6
2024.07.26	00:17:49.906	0.84351				2
2024.07.26	00:17:52.907	0.84350	0.84409			6
2024.07.26	00:17:53.273	0.84353	0.84410			6
2024.07.26	00:17:53.581	0.84356				2
2024.07.26	00:17:54.937	0.84353				2
2024.07.26	00:17:57.562	0.84354	0.84408			6
2024.07.26	00:18:00.361	0.84354				2
2024.07.26	00:18:00.891	0.84355				2
2024.07.26	00:18:10.501	0.84351	0.84405			6
2024.07.26	00:18:13.911	0.84349	0.84407			6
2024.07.26	00:18:16.076	0.84334	0.84403			6
2024.07.26	00:18:16.861		0.84401			4
2024.07.26	00:18:19.038	0.84320				2
2024.07.26	00:18:26.705	0.84321				2
2024.07.26	00:18:27.204	0.84320				2
2024.07.26	00:18:28.201		0.84402			4
2024.07.26	00:18:30.204	0.84321	0.84403			6
2024.07.26	00:18:31.536		0.84402			4
2024.07.26	00:18:32.213	0.84322				2
2024.07.26	00:18:33.202	0.84320				2
2024.07.26	00:18:34.205	0.84322	0.84403			6
2024.07.26	00:18:35.207	0.84320				2
2024.07.26	00:18:35.522		0.84402			4
2024.07.26	00:18:36.205	0.84321				2
2024.07.26	00:18:38.568		0.84401			4
2024.07.26	00:18:39.209	0.84320	0.84402			6
2024.07.26	00:18:39.938		0.84403			4
2024.07.26	00:18:40.304	0.84321				2
2024.07.26	00:18:41.211	0.84320	0.84402			6
2024.07.26	00:18:42.039	0.84321	0.84403			6
2024.07.26	00:18:43.211	0.84320	0.84402			6
2024.07.26	00:18:44.214	0.84321	0.84405			6
2024.07.26	00:18:45.213		0.84406			4
2024.07.26	00:18:46.202		0.84405			4
2024.07.26	00:18:46.522	0.84320	0.84406			6
2024.07.26	00:18:50.481		0.84405			4
2024.07.26	00:18:53.139	0.84322	0.84406			6
2024.07.26	00:18:54.209	0.84320	0.84405			6
2024.07.26	00:19:00.752	0.84320				2
2024.07.26	00:19:05.564		0.84406			4
2024.07.26	00:19:09.536		0.84405			4
2024.07.26	00:19:11.437		0.84406			4
2024.07.26	00:19:16.073		0.84407			4
2024.07.26	00:19:18.921		0.84406			4
2024.07.26	00:19:23.737		0.84405			4
2024.07.26	00:19:24.880		0.84404			4
2024.07.26	00:19:29.442		0.84403			4
2024.07.26	00:19:36.253	0.84321				2
2024.07.26	00:19:36.641		0.84404			4
2024.07.26	00:19:51.279	0.84336	0.84409			6
2024.07.26	00:19:51.582	0.84339				2
2024.07.26	00:19:52.052	0.84335				2
2024.07.26	00:19:53.360	0.84334				2
2024.07.26	00:19:55.841	0.84333				2
2024.07.26	00:19:56.491	0.84334				2
2024.07.26	00:19:57.493	0.84333				2
2024.07.26	00:19:58.382	0.84334				2
2024.07.26	00:20:00.414	0.84335				2
2024.07.26	00:20:02.356	0.84339				2
2024.07.26	00:20:09.036	0.84340				2
2024.07.26	00:20:11.495	0.84339				2
2024.07.26	00:20:13.512	0.84340				2
2024.07.26	00:20:15.246	0.84337	0.84407			6
2024.07.26	00:20:18.494	0.84336				2
2024.07.26	00:20:19.600	0.84337				2
2024.07.26	00:20:20.140		0.84406			4
2024.07.26	00:20:20.651	0.84336				2
2024.07.26	00:20:27.469	0.84338				2
2024.07.26	00:20:30.389	0.84339	0.84405			6
2024.07.26	00:20:32.932	0.84342	0.84409			6
2024.07.26	00:20:36.722	0.84341				2
2024.07.26	00:20:37.236	0.84340				2
2024.07.26	00:20:38.810	0.84342				2
2024.07.26	00:20:47.644	0.84338	0.84406			6
2024.07.26	00:20:50.140	0.84337	0.84405			6
2024.07.26	00:20:51.216	0.84338	0.84402			6
2024.07.26	00:20:53.113	0.84339	0.84404			6
2024.07.26	00:21:00.404	0.84339	0.84405			6
2024.07.26	00:21:01.837	0.84337				2
2024.07.26	00:21:03.407		0.84404			4
2024.07.26	00:21:04.406	0.84338				2
2024.07.26	00:21:11.441		0.84406			4
2024.07.26	00:21:18.738	0.84339				2
2024.07.26	00:21:23.453	0.84340				2
2024.07.26	00:21:31.837	0.84338				2
2024.07.26	00:21:32.185	0.84340				2
2024.07.26	00:22:00.891	0.84340				2
2024.07.26	00:22:05.565	0.84338				2
2024.07.26	00:22:09.589	0.84337				2
2024.07.26	00:22:12.041		0.84406			4
2024.07.26	00:22:12.395		0.84405			4
2024.07.26	00:22:15.240	0.84340				2
2024.07.26	00:22:19.001		0.84404			4
2024.07.26	00:22:19.318		0.84405			4
2024.07.26	00:22:21.415		0.84404			4
2024.07.26	00:22:21.744		0.84406			4
2024.07.26	00:22:35.202		0.84405			4
2024.07.26	00:22:50.892	0.84337	0.84402			6
2024.07.26	00:22:51.654		0.84401			4
2024.07.26	00:22:52.230	0.84338	0.84403			6
2024.07.26	00:22:52.570		0.84405			4
2024.07.26	00:22:52.912		0.84404			4
2024.07.26	00:22:57.657	0.84339				2
2024.07.26	00:23:05.561	0.84340				2
2024.07.26	00:23:24.533		0.84405			4
2024.07.26	00:23:31.209	0.84338				2
2024.07.26	00:23:50.592	0.84333				2
2024.07.26	00:23:50.958	0.84338				2
2024.07.26	00:23:54.383		0.84404			4
2024.07.26	00:23:55.986	0.84339				2
2024.07.26	00:23:57.556	0.84340				2
2024.07.26	00:24:03.335	0.84340				2
2024.07.26	00:24:04.925		0.84403			4
2024.07.26	00:24:05.634	0.84339	0.84404			6
2024.07.26	00:24:11.421	0.84340				2
2024.07.26	00:24:12.747	0.84339				2
2024.07.26	00:24:18.171	0.84340				2
2024.07.26	00:24:23.456	0.84339				2
2024.07.26	00:24:24.932	0.84338	0.84405			6
2024.07.26	00:24:31.841		0.84404			4
2024.07.26	00:24:32.868	0.84339				2
2024.07.26	00:24:34.435	0.84337	0.84401			6
2024.07.26	00:24:34.792		0.84402			4
2024.07.26	00:24:37.442	0.84335				2
2024.07.26	00:24:40.408		0.84403			4
2024.07.26	00:24:48.091	0.84336				2
2024.07.26	00:24:50.313	0.84335				2
2024.07.26	00:25:00.323	0.84338				2
2024.07.26	00:25:01.546		0.84402			4
2024.07.26	00:25:03.872	0.84335				2
2024.07.26	00:25:16.406	0.84337	0.84405			6
2024.07.26	00:25:20.365	0.84338				2
2024.07.26	00:25:27.560		0.84403			4
2024.07.26	00:25:40.296	0.84343	0.84405			6
2024.07.26	00:25:41.923	0.84342				2
2024.07.26	00:25:42.349	0.84343				2
2024.07.26	00:25:47.955	0.84344				2
2024.07.26	00:25:50.571	0.84343				2
2024.07.26	00:25:50.889	0.84344				2
2024.07.26	00:25:55.588	0.84345				2
2024.07.26	00:25:59.314		0.84406			4
2024.07.26	00:25:59.741		0.84407			4
2024.07.26	00:26:00.188	0.84347				2
2024.07.26	00:26:05.564	0.84344				2
2024.07.26	00:26:15.691	0.84346				2
2024.07.26	00:26:19.227	0.84347				2
2024.07.26	00:26:19.807	0.84346	0.84408			6
2024.07.26	00:26:20.660	0.84343				2
2024.07.26	00:26:23.012	0.84344	0.84405			6
2024.07.26	00:26:23.341	0.84343				2
2024.07.26	00:26:25.761	0.84344				2
2024.07.26	00:26:26.080	0.84346				2
2024.07.26	00:26:27.638		0.84404			4
2024.07.26	00:26:29.768		0.84408			4
2024.07.26	00:26:30.359	0.84344				2
2024.07.26	00:26:32.018	0.84347	0.84411			6
2024.07.26	00:26:32.352	0.84346				2
2024.07.26	00:26:34.496	0.84344				2
2024.07.26	00:26:35.499	0.84347				2
2024.07.26	00:26:38.125	0.84349				2
2024.07.26	00:26:40.155	0.84348				2
2024.07.26	00:26:45.586	0.84347				2
2024.07.26	00:26:48.535	0.84348				2
2024.07.26	00:26:51.916	0.84345	0.84410			6
2024.07.26	00:26:54.957	0.84346	0.84405			6
2024.07.26	00:26:56.863	0.84345	0.84409			6
2024.07.26	00:26:57.213		0.84410			4
2024.07.26	00:27:00.569	0.84346				2
2024.07.26	00:27:11.392		0.84409			4
2024.07.26	00:27:13.209	0.84345				2
2024.07.26	00:27:19.238		0.84408			4
2024.07.26	00:27:21.619		0.84409			4
2024.07.26	00:27:33.922	0.84346				2
2024.07.26	00:27:43.922	0.84345				2
2024.07.26	00:27:46.334	0.84346				2
2024.07.26	00:27:54.531		0.84408			4
2024.07.26	00:27:56.442		0.84409			4
2024.07.26	00:27:57.897	0.84354	0.84411			6
2024.07.26	00:27:58.356	0.84352				2
2024.07.26	00:28:00.890	0.84352				2
2024.07.26	00:28:01.750	0.84351				2
2024.07.26	00:28:07.612	0.84343				2
2024.07.26	00:28:08.351	0.84345				2
2024.07.26	00:28:12.262	0.84346				2
2024.07.26	00:28:12.691	0.84345				2
2024.07.26	00:28:16.699	0.84346				2
2024.07.26	00:28:27.101	0.84352				2
2024.07.26	00:28:27.535	0.84351				2
2024.07.26	00:28:28.499	0.84352				2
2024.07.26	00:28:29.288	0.84351				2
2024.07.26	00:28:42.509	0.84352				2
2024.07.26	00:28:53.339	0.84353				2
2024.07.26	00:28:58.012	0.84352	0.84411			6
2024.07.26	00:29:00.598	0.84352				2
2024.07.26	00:29:04.462	0.84354				2
2024.07.26	00:29:11.138	0.84352				2
2024.07.26	00:29:24.842	0.84350				2
2024.07.26	00:29:26.004	0.84351				2
2024.07.26	00:29:35.696	0.84350				2
2024.07.26	00:29:40.865	0.84352				2
2024.07.26	00:29:41.327	0.84351				2
2024.07.26	00:29:56.568	0.84353				2
2024.07.26	00:30:00.382	0.84353	0.84411			6
2024.07.26	00:30:01.874	0.84351				2
2024.07.26	00:30:17.590	0.84353				2
2024.07.26	00:30:21.492	0.84354				2
2024.07.26	00:30:22.960	0.84352				2
2024.07.26	00:31:41.210	0.84352	0.84411			6
2024.07.26	00:31:46.754	0.84354				2
2024.07.26	00:33:03.539	0.84350	0.84410			6
2024.07.26	00:33:03.843	0.84351	0.84411			6
2024.07.26	00:33:04.355	0.84353				2
2024.07.26	00:33:04.845		0.84410			4
2024.07.26	00:33:07.083		0.84411			4
2024.07.26	00:33:08.351	0.84354				2
2024.07.26	00:33:10.153	0.84351	0.84407			6
2024.07.26	00:33:19.121		0.84406			4
2024.07.26	00:33:19.543	0.84350				2
2024.07.26	00:33:20.437		0.84405			4
2024.07.26	00:33:21.649	0.84351				2
2024.07.26	00:33:22.368	0.84354	0.84411			6
2024.07.26	00:33:26.972	0.84357				2
2024.07.26	00:33:32.671	0.84356				2
2024.07.26	00:33:33.368	0.84353				2
2024.07.26	00:33:36.362	0.84354				2
2024.07.26	00:33:41.607	0.84353				2
2024.07.26	00:33:44.774	0.84354				2
2024.07.26	00:33:50.613	0.84352				2
2024.07.26	00:33:51.853	0.84351	0.84410			6
2024.07.26	00:33:53.157	0.84353	0.84411			6
2024.07.26	00:34:02.350	0.84354				2
2024.07.26	00:34:03.485	0.84353				2
2024.07.26	00:34:09.075	0.84354				2
2024.07.26	00:34:10.294	0.84352				2
2024.07.26	00:34:15.319		0.84410			4
2024.07.26	00:34:20.736	0.84351				2
2024.07.26	00:34:30.607	0.84353				2
2024.07.26	00:34:35.980	0.84349				2
2024.07.26	00:34:37.539	0.84347				2
2024.07.26	00:34:39.628	0.84348				2
2024.07.26	00:34:44.352	0.84347				2
2024.07.26	00:34:45.850	0.84349				2
2024.07.26	00:34:50.973	0.84348				2
2024.07.26	00:34:54.664	0.84346	0.84408			6
2024.07.26	00:34:56.436	0.84347				2
2024.07.26	00:34:57.563		0.84407			4
2024.07.26	00:34:59.574	0.84348	0.84411			6
2024.07.26	00:35:00.388	0.84354				2
2024.07.26	00:35:01.862	0.84356				2
2024.07.26	00:35:04.019	0.84355				2
2024.07.26	00:35:07.163	0.84354				2
2024.07.26	00:35:12.324	0.84353				2
2024.07.26	00:35:18.203	0.84354				2
2024.07.26	00:35:22.526	0.84353				2
2024.07.26	00:35:27.558	0.84354				2
2024.07.26	00:35:35.013	0.84355				2
2024.07.26	00:35:41.210	0.84352				2
2024.07.26	00:35:51.548		0.84413			4
2024.07.26	00:35:59.138	0.84355				2
2024.07.26	00:35:59.442		0.84410			4
2024.07.26	00:35:59.748	0.84353				2
2024.07.26	00:36:00.063	0.84355	0.84413			6
2024.07.26	00:36:00.385	0.84356	0.84410			6
2024.07.26	00:36:00.691	0.84355	0.84412			6
2024.07.26	00:36:01.003	0.84356				2
2024.07.26	00:36:02.424		0.84413			4
2024.07.26	00:36:02.760	0.84355				2
2024.07.26	00:36:03.273	0.84357	0.84411			6
2024.07.26	00:36:10.756	0.84359				2
2024.07.26	00:36:11.070	0.84355				2
2024.07.26	00:36:14.533		0.84412			4
2024.07.26	00:36:17.855	0.84358	0.84411			6
2024.07.26	00:36:26.881	0.84357	0.84414			6
2024.07.26	00:36:27.298	0.84358				2
2024.07.26	00:36:32.464	0.84357	0.84411			6
2024.07.26	00:36:32.779	0.84356				2
2024.07.26	00:36:33.333	0.84353				2
2024.07.26	00:36:36.276	0.84355				2
2024.07.26	00:36:36.714		0.84413			4
2024.07.26	00:36:45.902		0.84412			4
2024.07.26	00:36:46.920	0.84356				2
2024.07.26	00:36:47.227	0.84355	0.84413			6
2024.07.26	00:36:47.545		0.84412			4
2024.07.26	00:36:50.807		0.84410			4
2024.07.26	00:36:52.368	0.84356				2
2024.07.26	00:36:58.226	0.84355				2
2024.07.26	00:37:03.114	0.84355	0.84411			6
2024.07.26	00:37:07.286	0.84354				2
2024.07.26	00:37:07.614	0.84353	0.84410			6
2024.07.26	00:37:13.185	0.84354	0.84409			6
2024.07.26	00:37:20.802		0.84411			4
2024.07.26	00:37:21.391		0.84410			4
2024.07.26	00:37:34.076	0.84353	0.84409			6
2024.07.26	00:37:40.477	0.84354				2
2024.07.26	00:37:43.656	0.84353				2
2024.07.26	00:37:50.982		0.84410			4
2024.07.26	00:37:51.283		0.84409			4
2024.07.26	00:37:51.591		0.84410			4
2024.07.26	00:37:53.461	0.84354				2
2024.07.26	00:37:58.542	0.84355				2
2024.07.26	00:38:03.210	0.84354				2
2024.07.26	00:38:03.913	0.84353	0.84409			6
2024.07.26	00:38:04.706		0.84410			4
2024.07.26	00:38:07.730	0.84354				2
2024.07.26	00:38:12.570	0.84355				2
2024.07.26	00:38:12.885	0.84359				2
2024.07.26	00:38:17.332	0.84358				2
2024.07.26	00:38:17.633	0.84356				2
2024.07.26	00:38:20.187	0.84355				2
2024.07.26	00:38:22.380	0.84357				2
2024.07.26	00:38:27.415	0.84358				2
2024.07.26	00:38:34.143		0.84409			4
2024.07.26	00:38:34.488		0.84408			4
2024.07.26	00:38:35.770	0.84359	0.84410			6
2024.07.26	00:38:39.278	0.84358	0.84406			6
2024.07.26	00:38:40.844	0.84359				2
2024.07.26	00:38:42.371	0.84358				2
2024.07.26	00:38:43.896	0.84357	0.84405			6
2024.07.26	00:38:46.784		0.84404			4
2024.07.26	00:38:49.366		0.84403			4
2024.07.26	00:38:53.617		0.84402			4
2024.07.26	00:38:55.177	0.84358	0.84403			6
2024.07.26	00:38:56.148	0.84355	0.84409			6
2024.07.26	00:38:56.460	0.84356	0.84410			6
2024.07.26	00:38:56.777	0.84355				2
2024.07.26	00:38:57.288	0.84356	0.84409			6
2024.07.26	00:38:57.845		0.84410			4
2024.07.26	00:38:59.514	0.84353	0.84414			6
2024.07.26	00:38:59.835	0.84354				2
2024.07.26	00:39:00.362	0.84353				2
2024.07.26	00:39:01.229	0.84354				2
2024.07.26	00:39:01.993	0.84355	0.84409			6
2024.07.26	00:39:04.072		0.84410			4
2024.07.26	00:39:06.355	0.84356				2
2024.07.26	00:39:10.359	0.84358				2
2024.07.26	00:39:19.687	0.84357	0.84409			6
2024.07.26	00:39:20.739	0.84358				2
2024.07.26	00:39:31.537	0.84357				2
2024.07.26	00:39:31.844		0.84410			4
2024.07.26	00:39:34.076		0.84408			4
2024.07.26	00:39:34.386	0.84358	0.84409			6
2024.07.26	00:39:34.709	0.84357	0.84410			6
2024.07.26	00:39:40.476	0.84358				2
2024.07.26	00:39:48.768		0.84411			4
2024.07.26	00:39:49.296	0.84357	0.84410			6
2024.07.26	00:39:49.633		0.84411			4
2024.07.26	00:39:49.936	0.84358				2
2024.07.26	00:39:54.339	0.84356				2
2024.07.26	00:40:01.471	0.84357	0.84410			6
2024.07.26	00:40:02.158	0.84354				2
2024.07.26	00:40:03.037	0.84355				2
2024.07.26	00:40:03.422	0.84352				2
2024.07.26	00:40:04.357	0.84351				2
2024.07.26	00:40:04.693		0.84409			4
2024.07.26	00:40:12.361	0.84354				2
2024.07.26	00:40:12.698	0.84355	0.84410			6
2024.07.26	00:40:14.841	0.84364				2
2024.07.26	00:40:15.158		0.84411			4
2024.07.26	00:40:17.091		0.84413			4
2024.07.26	00:40:22.653		0.84411			4
2024.07.26	00:40:24.099	0.84358	0.84410			6
2024.07.26	00:40:24.399	0.84357				2
2024.07.26	00:40:28.346		0.84409			4
2024.07.26	00:40:28.650		0.84410			4
2024.07.26	00:40:35.152	0.84356				2
2024.07.26	00:40:44.844		0.84409			4
2024.07.26	00:40:45.259		0.84410			4
2024.07.26	00:40:51.321	0.84357				2
2024.07.26	00:40:51.628	0.84356				2
2024.07.26	00:40:55.562	0.84357				2
2024.07.26	00:41:00.382	0.84356				2
2024.07.26	00:41:03.426	0.84357				2
2024.07.26	00:41:03.871		0.84409			4
2024.07.26	00:41:06.349	0.84358				2
2024.07.26	00:41:07.555		0.84410			4
2024.07.26	00:41:09.703	0.84356				2
2024.07.26	00:41:14.628		0.84411			4
2024.07.26	00:41:14.976		0.84410			4
2024.07.26	00:41:22.654	0.84357				2
2024.07.26	00:41:22.970	0.84356				2
2024.07.26	00:41:24.460		0.84411			4
2024.07.26	00:41:34.073		0.84410			4
2024.07.26	00:41:41.265		0.84411			4
2024.07.26	00:41:41.589	0.84355				2
2024.07.26	00:41:41.966	0.84356				2
2024.07.26	00:41:42.332	0.84355				2
2024.07.26	00:41:59.722		0.84410			4
2024.07.26	00:42:01.445	0.84354				2
2024.07.26	00:42:02.900	0.84356				2
2024.07.26	00:42:03.899		0.84409			4
2024.07.26	00:42:14.529		0.84410			4
2024.07.26	00:42:15.067	0.84357				2
2024.07.26	00:42:16.467	0.84356	0.84409			6
2024.07.26	00:42:24.110	0.84357				2
2024.07.26	00:42:24.536	0.84356				2
2024.07.26	00:42:26.888		0.84408			4
2024.07.26	00:42:39.664	0.84357	0.84409			6
2024.07.26	00:42:47.133	0.84358	0.84411			6
2024.07.26	00:42:47.548	0.84357				2
2024.07.26	00:42:50.077		0.84410			4
2024.07.26	00:42:53.812	0.84356	0.84411			6
2024.07.26	00:42:56.964	0.84355	0.84410			6
2024.07.26	00:42:57.897	0.84357	0.84411			6
2024.07.26	00:43:04.120	0.84356				2
2024.07.26	00:43:04.469	0.84357				2
2024.07.26	00:43:04.785	0.84358				2
2024.07.26	00:43:05.101	0.84357				2
2024.07.26	00:43:11.960		0.84410			4
2024.07.26	00:43:12.866	0.84358				2
2024.07.26	00:43:16.646	0.84357				2
2024.07.26	00:43:17.478		0.84411			4
2024.07.26	00:43:17.782	0.84356				2
2024.07.26	00:43:18.141	0.84357				2
2024.07.26	00:43:19.968	0.84356				2
2024.07.26	00:43:21.642	0.84354				2
2024.07.26	00:43:23.843	0.84355				2
2024.07.26	00:43:27.470	0.84354				2
2024.07.26	00:43:27.851	0.84353				2
2024.07.26	00:43:28.637	0.84350				2
2024.07.26	00:43:29.191	0.84353	0.84410			6
2024.07.26	00:43:29.496		0.84409			4
2024.07.26	00:43:30.362	0.84350				2
2024.07.26	00:43:34.354	0.84351				2
2024.07.26	00:43:36.638	0.84352				2
2024.07.26	00:43:38.726		0.84410			4
2024.07.26	00:43:40.359	0.84354				2
2024.07.26	00:43:47.805		0.84411			4
2024.07.26	00:43:52.752	0.84353				2
2024.07.26	00:43:53.096	0.84354				2
2024.07.26	00:43:53.580	0.84352				2
2024.07.26	00:44:01.457	0.84357				2
2024.07.26	00:44:02.151	0.84356				2
2024.07.26	00:44:04.638	0.84354				2
2024.07.26	00:44:09.366	0.84356	0.84410			6
2024.07.26	00:44:10.894	0.84357				2
2024.07.26	00:44:11.197		0.84411			4
2024.07.26	00:44:12.360	0.84356				2
2024.07.26	00:44:15.008		0.84410			4
2024.07.26	00:44:18.298	0.84355				2
2024.07.26	00:44:22.863	0.84353	0.84411			6
2024.07.26	00:44:29.335	0.84355				2
2024.07.26	00:44:29.645	0.84353				2
2024.07.26	00:44:34.800	0.84355	0.84410			6
2024.07.26	00:44:45.472		0.84411			4
2024.07.26	00:44:45.802	0.84354				2
2024.07.26	00:44:46.113	0.84355				2
2024.07.26	00:44:56.329	0.84356				2
2024.07.26	00:45:00.019	0.84356				2
2024.07.26	00:45:00.325	0.84355				2
2024.07.26	00:45:01.097	0.84354				2
2024.07.26	00:45:01.441	0.84369	0.84409			6
2024.07.26	00:45:02.631	0.84355	0.84411			6
2024.07.26	00:45:04.088	0.84356				2
2024.07.26	00:45:04.448	0.84354				2
2024.07.26	00:45:06.452	0.84368	0.84399			6
2024.07.26	00:45:14.307	0.84367				2
2024.07.26	00:45:21.800	0.84368				2
2024.07.26	00:45:27.493	0.84366				2
2024.07.26	00:45:27.807	0.84368				2
2024.07.26	00:45:31.800	0.84367				2
2024.07.26	00:45:34.211	0.84366				2
2024.07.26	00:45:35.205	0.84367				2
2024.07.26	00:45:36.182	0.84368				2
2024.07.26	00:45:41.031	0.84367				2
2024.07.26	00:45:41.460	0.84368				2
2024.07.26	00:46:00.561	0.84368				2
2024.07.26	00:46:01.173	0.84369				2
2024.07.26	00:46:02.496	0.84368				2
2024.07.26	00:46:03.113	0.84369				2
2024.07.26	00:46:04.102	0.84368				2
2024.07.26	00:46:06.347	0.84366				2
2024.07.26	00:46:07.004	0.84364	0.84399			6
2024.07.26	00:46:09.175	0.84363				2
2024.07.26	00:46:11.128	0.84364				2
2024.07.26	00:46:11.939	0.84366				2
2024.07.26	00:46:12.352	0.84364				2
2024.07.26	00:46:14.308	0.84365				2
2024.07.26	00:46:22.356	0.84367				2
2024.07.26	00:46:31.804	0.84365				2
2024.07.26	00:46:35.514	0.84358				2
2024.07.26	00:46:37.804	0.84366				2
2024.07.26	00:46:42.263		0.84398			4
2024.07.26	00:46:44.351	0.84365				2
2024.07.26	00:46:47.301	0.84366	0.84399			6
2024.07.26	00:46:47.942	0.84367				2
2024.07.26	00:46:49.329	0.84366				2
2024.07.26	00:46:50.238	0.84365				2
2024.07.26	00:46:50.556	0.84366				2
2024.07.26	00:46:56.673	0.84367				2
2024.07.26	00:47:00.335	0.84367				2
2024.07.26	00:47:01.437	0.84381	0.84397			6
2024.07.26	00:47:02.622	0.84367	0.84399			6
2024.07.26	00:47:04.075	0.84365				2
2024.07.26	00:47:04.375	0.84366				2
2024.07.26	00:47:08.020	0.84365				2
2024.07.26	00:47:13.324	0.84366				2
2024.07.26	00:47:18.742	0.84365				2
2024.07.26	00:47:23.415	0.84366				2
2024.07.26	00:47:32.905	0.84365				2
2024.07.26	00:47:38.008	0.84366				2
2024.07.26	00:47:44.848	0.84364	0.84397			6
2024.07.26	00:47:45.179	0.84365	0.84400			6
2024.07.26	00:47:45.688	0.84366	0.84399			6
2024.07.26	00:47:48.387	0.84368				2
2024.07.26	00:47:53.090	0.84366				2
2024.07.26	00:47:55.326	0.84368				2
2024.07.26	00:47:59.845	0.84367				2
2024.07.26	00:48:00.889	0.84367				2
2024.07.26	00:48:01.433	0.84368	0.84400			6
2024.07.26	00:48:02.092	0.84369				2
2024.07.26	00:48:20.089	0.84370				2
2024.07.26	00:48:20.674	0.84369				2
2024.07.26	00:48:21.809	0.84367				2
2024.07.26	00:48:22.130	0.84369				2
2024.07.26	00:48:24.128		0.84401			4
2024.07.26	00:48:29.201		0.84402			4
2024.07.26	00:48:30.382		0.84401			4
2024.07.26	00:48:30.808		0.84400			4
2024.07.26	00:48:35.372		0.84401			4
2024.07.26	00:48:41.029		0.84400			4
2024.07.26	00:48:43.815	0.84368				2
2024.07.26	00:48:44.347		0.84401			4
2024.07.26	00:48:51.146		0.84398			4
2024.07.26	00:48:54.380	0.84369				2
2024.07.26	00:48:56.852	0.84368	0.84396			6
2024.07.26	00:48:58.312	0.84369	0.84400			6
2024.07.26	00:49:00.360	0.84365				2
2024.07.26	00:49:00.708	0.84368				2
2024.07.26	00:49:02.125	0.84367				2
2024.07.26	00:49:02.475	0.84366				2
2024.07.26	00:49:10.357	0.84368				2
2024.07.26	00:49:24.177	0.84358	0.84399			6
2024.07.26	00:49:38.136		0.84400			4
2024.07.26	00:49:38.826		0.84399			4
2024.07.26	00:49:41.316		0.84400			4
2024.07.26	00:49:57.241	0.84368	0.84399			6
2024.07.26	00:49:57.711	0.84358				2
2024.07.26	00:49:59.147	0.84366				2
2024.07.26	00:50:00.140	0.84366				2
2024.07.26	00:50:01.455	0.84368				2
2024.07.26	00:50:01.801	0.84369				2
2024.07.26	00:50:02.248	0.84368	0.84400			6
2024.07.26	00:50:02.597	0.84367				2
2024.07.26	00:50:12.565	0.84370				2
2024.07.26	00:50:12.925	0.84369				2
2024.07.26	00:50:14.119	0.84358				2
2024.07.26	00:50:14.500		0.84399			4
2024.07.26	00:50:22.436		0.84400			4
2024.07.26	00:50:36.872	0.84367				2
2024.07.26	00:50:41.871	0.84368				2
2024.07.26	00:50:42.211	0.84366				2
2024.07.26	00:50:43.029	0.84367				2
2024.07.26	00:50:43.512	0.84366				2
2024.07.26	00:50:47.396	0.84365	0.84401			6
2024.07.26	00:50:55.384		0.84400			4
2024.07.26	00:51:00.138	0.84368				2
2024.07.26	00:51:00.443	0.84358				2
2024.07.26	00:51:08.496		0.84399			4
2024.07.26	00:51:13.970		0.84398			4
2024.07.26	00:51:14.744		0.84399			4
2024.07.26	00:51:15.830		0.84398			4
2024.07.26	00:51:20.436		0.84399			4
2024.07.26	00:51:24.186	0.84365				2
2024.07.26	00:51:26.083	0.84367	0.84400			6
2024.07.26	00:51:27.553	0.84368	0.84399			6
2024.07.26	00:51:28.011	0.84367				2
2024.07.26	00:51:30.422	0.84358				2
2024.07.26	00:51:33.767	0.84366				2
2024.07.26	00:51:34.084	0.84369				2
2024.07.26	00:51:40.503	0.84367	0.84400			6
2024.07.26	00:51:44.695	0.84369	0.84399			6
2024.07.26	00:51:47.896	0.84368	0.84400			6
2024.07.26	00:51:49.338	0.84367				2
2024.07.26	00:51:51.201		0.84401			4
2024.07.26	00:51:51.747	0.84366	0.84400			6
2024.07.26	00:51:52.065	0.84368				2
2024.07.26	00:51:52.409	0.84369				2
2024.07.26	00:51:53.825	0.84368				2
2024.07.26	00:51:54.165	0.84369				2
2024.07.26	00:51:55.759	0.84368				2
2024.07.26	00:52:00.266	0.84368				2
2024.07.26	00:52:02.639	0.84369				2
2024.07.26	00:52:06.996	0.84366				2
2024.07.26	00:52:07.317		0.84399			4
2024.07.26	00:52:08.352		0.84390			4
2024.07.26	00:52:10.353	0.84359				2
2024.07.26	00:52:13.784	0.84360				2
2024.07.26	00:52:16.280		0.84391			4
2024.07.26	00:52:19.960	0.84358				2
2024.07.26	00:52:20.356	0.84364				2
2024.07.26	00:52:23.706	0.84366				2
2024.07.26	00:52:27.394	0.84365				2
2024.07.26	00:52:34.348	0.84366				2
2024.07.26	00:52:35.435		0.84390			4
2024.07.26	00:52:36.809	0.84365				2
2024.07.26	00:52:37.605	0.84366				2
2024.07.26	00:52:42.848	0.84363				2
2024.07.26	00:52:43.235	0.84364				2
2024.07.26	00:52:47.475	0.84365				2
2024.07.26	00:52:51.277	0.84366				2
2024.07.26	00:52:56.326	0.84363				2
2024.07.26	00:52:57.024	0.84364				2
2024.07.26	00:53:00.944	0.84366				2
2024.07.26	00:53:02.194	0.84364				2
2024.07.26	00:53:06.842	0.84367				2
2024.07.26	00:53:07.332	0.84364				2
2024.07.26	00:53:15.844	0.84349	0.84389			6
2024.07.26	00:53:18.616	0.84357				2
2024.07.26	00:53:18.988	0.84356				2
2024.07.26	00:53:20.497	0.84357				2
2024.07.26	00:53:21.844	0.84356				2
2024.07.26	00:53:22.449	0.84358				2
2024.07.26	00:53:23.823	0.84349				2
2024.07.26	00:53:28.841		0.84388			4
2024.07.26	00:53:55.274	0.84353	0.84385			6
2024.07.26	00:53:55.826	0.84349				2
2024.07.26	00:53:56.166	0.84355				2
2024.07.26	00:54:00.884	0.84355				2
2024.07.26	00:54:01.272	0.84359				2
2024.07.26	00:54:02.668	0.84352				2
2024.07.26	00:54:03.202	0.84354				2
2024.07.26	00:54:03.502	0.84349				2
2024.07.26	00:54:09.376	0.84350				2
2024.07.26	00:54:10.789	0.84349				2
2024.07.26	00:54:13.033	0.84348				2
2024.07.26	00:54:14.162	0.84349				2
2024.07.26	00:54:18.964	0.84348				2
2024.07.26	00:54:19.589	0.84350				2
2024.07.26	00:54:20.055	0.84351				2
2024.07.26	00:54:23.101		0.84386			4
2024.07.26	00:54:29.877	0.84349				2
2024.07.26	00:54:30.278	0.84355				2
2024.07.26	00:54:32.691	0.84354				2
2024.07.26	00:54:36.089	0.84355				2
2024.07.26	00:54:39.569	0.84350				2
2024.07.26	00:54:40.015	0.84347				2
2024.07.26	00:54:40.401	0.84349				2
2024.07.26	00:54:43.689	0.84348				2
2024.07.26	00:54:44.116	0.84349				2
2024.07.26	00:54:44.435		0.84384			4
2024.07.26	00:54:55.381		0.84383			4
2024.07.26	00:55:00.715	0.84349				2
2024.07.26	00:55:03.656		0.84385			4
2024.07.26	00:55:04.160		0.84384			4
2024.07.26	00:55:07.410	0.84350				2
2024.07.26	00:55:09.780		0.84383			4
2024.07.26	00:55:11.805	0.84348				2
2024.07.26	00:55:52.360	0.84359				2
2024.07.26	00:55:52.935	0.84358				2
2024.07.26	00:55:55.243	0.84357	0.84384			6
2024.07.26	00:55:55.913	0.84355	0.84386			6
2024.07.26	00:56:01.022	0.84355				2
2024.07.26	00:56:01.665	0.84357				2
2024.07.26	00:56:06.686	0.84356				2
2024.07.26	00:56:12.917	0.84348				2
2024.07.26	00:56:16.459	0.84351				2
2024.07.26	00:56:19.082	0.84350				2
2024.07.26	00:56:20.880	0.84348				2
2024.07.26	00:56:32.289	0.84352				2
2024.07.26	00:56:33.661	0.84351	0.84405			6
2024.07.26	00:56:34.004		0.84403			4
2024.07.26	00:56:34.323		0.84407			4
2024.07.26	00:56:35.697		0.84408			4
2024.07.26	00:56:36.385		0.84407			4
2024.07.26	00:56:39.271		0.84404			4
2024.07.26	00:56:44.351		0.84410			4
2024.07.26	00:56:47.736		0.84408			4
2024.07.26	00:56:48.850	0.84354				2
2024.07.26	00:56:50.739	0.84355	0.84407			6
2024.07.26	00:56:52.708	0.84356	0.84406			6
2024.07.26	00:56:54.300	0.84354				2
2024.07.26	00:56:54.936	0.84358				2
2024.07.26	00:56:55.375	0.84357				2
2024.07.26	00:56:55.973	0.84356				2
2024.07.26	00:56:59.185	0.84358				2
2024.07.26	00:56:59.563	0.84359	0.84407			6
2024.07.26	00:56:59.890		0.84405			4
2024.07.26	00:57:01.236	0.84361	0.84404			6
2024.07.26	00:57:03.794	0.84363	0.84403			6
2024.07.26	00:57:04.130		0.84402			4
2024.07.26	00:57:04.441	0.84367	0.84398			6
2024.07.26	00:57:04.748		0.84399			4
2024.07.26	00:57:05.061	0.84370				2
2024.07.26	00:57:05.371	0.84368				2
2024.07.26	00:57:07.669	0.84372	0.84395			6
2024.07.26	00:57:09.129	0.84370	0.84394			6
2024.07.26	00:57:09.766	0.84364	0.84393			6
2024.07.26	00:57:10.722	0.84365	0.84389			6
2024.07.26	00:57:12.821	0.84361				2
2024.07.26	00:57:14.074	0.84363				2
2024.07.26	00:57:14.731	0.84364	0.84388			6
2024.07.26	00:57:15.491	0.84365	0.84386			6
2024.07.26	00:57:17.485	0.84364	0.84387			6
2024.07.26	00:57:19.382	0.84366				2
2024.07.26	00:57:21.436	0.84362	0.84390			6
2024.07.26	00:57:23.434	0.84360	0.84392			6
2024.07.26	00:57:24.829	0.84361				2
2024.07.26	00:57:25.705	0.84362	0.84393			6
2024.07.26	00:57:26.326	0.84363				2
2024.07.26	00:57:27.035	0.84364				2
2024.07.26	00:57:31.039	0.84362	0.84392			6
2024.07.26	00:57:31.536	0.84363				2
2024.07.26	00:57:32.206	0.84360	0.84393			6
2024.07.26	00:57:32.623	0.84362				2
2024.07.26	00:57:33.459	0.84361	0.84395			6
2024.07.26	00:57:33.847	0.84366	0.84394			6
2024.07.26	00:57:34.535	0.84365	0.84395			6
2024.07.26	00:57:37.995	0.84364				2
2024.07.26	00:57:38.346	0.84367				2
2024.07.26	00:57:39.036	0.84365				2
2024.07.26	00:57:40.188	0.84367	0.84394			6
2024.07.26	00:57:40.501	0.84365	0.84396			6
2024.07.26	00:57:40.882	0.84366	0.84395			6
2024.07.26	00:57:42.541	0.84367				2
2024.07.26	00:57:45.919	0.84364				2
2024.07.26	00:57:46.222	0.84365	0.84394			6
2024.07.26	00:57:46.525	0.84363				2
2024.07.26	00:57:47.135	0.84365				2
2024.07.26	00:57:47.735	0.84362				2
2024.07.26	00:57:48.638	0.84365				2
2024.07.26	00:57:49.642	0.84363				2
2024.07.26	00:57:59.295	0.84365				2
2024.07.26	00:57:59.694	0.84364				2
2024.07.26	00:58:00.110	0.84363	0.84393			6
2024.07.26	00:58:00.761		0.84394			4
2024.07.26	00:58:01.150	0.84364				2
2024.07.26	00:58:07.972	0.84363				2
2024.07.26	00:58:09.781		0.84393			4
2024.07.26	00:58:10.471	0.84362				2
2024.07.26	00:58:10.977	0.84363	0.84394			6
2024.07.26	00:58:11.286	0.84362				2
2024.07.26	00:58:11.602	0.84364				2
2024.07.26	00:58:13.033		0.84393			4
2024.07.26	00:58:14.329	0.84363				2
2024.07.26	00:58:18.352	0.84362	0.84394			6
2024.07.26	00:58:21.017		0.84395			4
2024.07.26	00:58:23.833	0.84363	0.84394			6
2024.07.26	00:58:34.592	0.84364				2
2024.07.26	00:58:34.924	0.84365				2
2024.07.26	00:58:35.279	0.84361	0.84395			6
2024.07.26	00:58:35.582	0.84363				2
2024.07.26	00:58:36.477	0.84362	0.84394			6
2024.07.26	00:58:36.784	0.84363				2
2024.07.26	00:58:42.874	0.84361				2
2024.07.26	00:58:44.739	0.84362	0.84395			6
2024.07.26	00:58:45.925	0.84363				2
2024.07.26	00:58:46.236	0.84361				2
2024.07.26	00:58:48.735	0.84363				2
2024.07.26	00:58:49.236	0.84361				2
2024.07.26	00:58:49.542	0.84362				2
2024.07.26	00:58:53.436	0.84363				2
2024.07.26	00:58:54.929	0.84362				2
2024.07.26	00:58:56.954		0.84396			4
2024.07.26	00:58:57.258	0.84363	0.84395			6
2024.07.26	00:58:57.951	0.84364				2
2024.07.26	00:59:00.125	0.84364				2
2024.07.26	00:59:02.434		0.84396			4
2024.07.26	00:59:03.395	0.84365	0.84395			6
2024.07.26	00:59:03.991	0.84338	0.84396			6
2024.07.26	00:59:04.303		0.84404			4
2024.07.26	00:59:04.644		0.84401			4
2024.07.26	00:59:04.977		0.84405			4
2024.07.26	00:59:05.330		0.84402			4
2024.07.26	00:59:06.056		0.84407			4
2024.07.26	00:59:06.444		0.84412			4
2024.07.26	00:59:09.793		0.84407			4
2024.07.26	00:59:10.201		0.84419			4
2024.07.26	00:59:11.294		0.84413			4
2024.07.26	00:59:12.935	0.84337	0.84395			6
2024.07.26	00:59:15.405	0.84310	0.84401			6
2024.07.26	00:59:16.344		0.84399			4
2024.07.26	00:59:16.816	0.84307	0.84389			6
2024.07.26	00:59:17.347	0.84310	0.84391			6
2024.07.26	00:59:18.206	0.84307	0.84384			6
2024.07.26	00:59:19.454	0.84313	0.84401			6
2024.07.26	00:59:22.645		0.84400			4
2024.07.26	00:59:23.770		0.84401			4
2024.07.26	00:59:24.638	0.84325				2
2024.07.26	00:59:25.761		0.84399			4
2024.07.26	00:59:26.090		0.84397			4
2024.07.26	00:59:26.438	0.84329	0.84395			6
2024.07.26	00:59:26.770	0.84324	0.84389			6
2024.07.26	00:59:27.084	0.84313	0.84390			6
2024.07.26	00:59:27.442	0.84326	0.84389			6
2024.07.26	00:59:27.785	0.84313	0.84391			6
2024.07.26	00:59:28.115	0.84321				2
2024.07.26	00:59:28.784		0.84390			4
2024.07.26	00:59:29.883		0.84391			4
2024.07.26	00:59:30.484	0.84318	0.84390			6
2024.07.26	00:59:31.421	0.84321	0.84391			6
2024.07.26	00:59:32.197	0.84326				2
2024.07.26	00:59:32.617	0.84321	0.84392			6
2024.07.26	00:59:33.622	0.84313	0.84389			6
2024.07.26	00:59:34.877		0.84390			4
2024.07.26	00:59:35.193		0.84388			4
2024.07.26	00:59:35.705	0.84323				2
2024.07.26	00:59:36.354	0.84321	0.84389			6
2024.07.26	00:59:37.333	0.84313	0.84393			6
2024.07.26	00:59:37.656	0.84324				2
2024.07.26	00:59:38.346		0.84394			4
2024.07.26	00:59:38.871	0.84313	0.84395			6
2024.07.26	00:59:44.359	0.84322				2
2024.07.26	00:59:45.770	0.84317	0.84394			6
2024.07.26	00:59:46.402	0.84322				2
2024.07.26	00:59:47.381	0.84317	0.84395			6
2024.07.26	00:59:51.131	0.84319				2
2024.07.26	00:59:53.976	0.84323				2
2024.07.26	00:59:57.684	0.84325	0.84396			6
2024.07.26	01:00:00.318	0.84328	0.84388			6
2024.07.26	01:00:00.623	0.84327	0.84389			6
2024.07.26	01:00:00.944	0.84338	0.84399			6
2024.07.26	01:00:01.263		0.84401			4
2024.07.26	01:00:01.605	0.84387	0.84403			6
2024.07.26	01:00:01.979	0.84386				2
2024.07.26	01:00:02.337	0.84388				2
2024.07.26	01:00:02.946	0.84338	0.84401			6
2024.07.26	01:00:03.281	0.84351	0.84390			6
2024.07.26	01:00:03.603	0.84328	0.84397			6
2024.07.26	01:00:03.926	0.84351	0.84394			6
2024.07.26	01:00:04.242	0.84329				2
2024.07.26	01:00:04.552	0.84328				2
2024.07.26	01:00:04.862	0.84351	0.84390			6
2024.07.26	01:00:05.189	0.84330	0.84394			6
2024.07.26	01:00:05.504	0.84326	0.84395			6
2024.07.26	01:00:05.807	0.84351	0.84391			6
2024.07.26	01:00:06.122	0.84328	0.84395			6
2024.07.26	01:00:06.425	0.84329				2
2024.07.26	01:00:06.725	0.84353				2
2024.07.26	01:00:07.042	0.84375	0.84399			6
2024.07.26	01:00:07.345	0.84373	0.84393			6
2024.07.26	01:00:07.662	0.84366				2
2024.07.26	01:00:07.973	0.84361				2
2024.07.26	01:00:08.284	0.84360				2
2024.07.26	01:00:08.604	0.84366				2
2024.07.26	01:00:08.921	0.84369				2
2024.07.26	01:00:09.251	0.84366				2
2024.07.26	01:00:10.236	0.84365				2
2024.07.26	01:00:10.542	0.84366				2
2024.07.26	01:00:10.850	0.84365				2
2024.07.26	01:00:11.162	0.84364				2
2024.07.26	01:00:11.527	0.84366				2
2024.07.26	01:00:12.157	0.84369				2
2024.07.26	01:00:12.635	0.84373				2
2024.07.26	01:00:13.842	0.84374				2
2024.07.26	01:00:16.346	0.84375				2
2024.07.26	01:00:16.662	0.84373				2
2024.07.26	01:00:17.537	0.84374				2
2024.07.26	01:00:18.191	0.84373				2
2024.07.26	01:00:19.372	0.84368				2
2024.07.26	01:00:19.741	0.84369				2
2024.07.26	01:00:20.268	0.84374				2
2024.07.26	01:00:21.541	0.84375				2
2024.07.26	01:00:24.108	0.84376				2
2024.07.26	01:00:25.574	0.84369				2
2024.07.26	01:00:25.987	0.84368				2
2024.07.26	01:00:26.429	0.84375	0.84388			6
2024.07.26	01:00:27.610	0.84366				2
2024.07.26	01:00:28.837	0.84375				2
2024.07.26	01:00:29.558	0.84366				2
2024.07.26	01:00:30.123	0.84376				2
2024.07.26	01:00:33.936	0.84366				2
2024.07.26	01:00:36.320	0.84371				2
2024.07.26	01:00:37.353	0.84376				2
2024.07.26	01:00:39.398	0.84379	0.84391			6
2024.07.26	01:00:39.706	0.84380	0.84394			6
2024.07.26	01:00:40.022	0.84382				2
2024.07.26	01:00:40.766	0.84378	0.84391			6
2024.07.26	01:00:47.112	0.84377				2
2024.07.26	01:00:50.518		0.84390			4
2024.07.26	01:00:51.255		0.84391			4
2024.07.26	01:00:52.088		0.84390			4
2024.07.26	01:00:52.421		0.84391			4
2024.07.26	01:00:53.068		0.84390			4
2024.07.26	01:00:54.076	0.84376				2
2024.07.26	01:00:56.973		0.84389			4
2024.07.26	01:00:59.165	0.84375	0.84388			6
2024.07.26	01:01:00.273	0.84375	0.84389			6
2024.07.26	01:01:02.581		0.84388			4
2024.07.26	01:01:03.071		0.84389			4
2024.07.26	01:01:07.837	0.84376	0.84390			6
2024.07.26	01:01:10.155		0.84389			4
2024.07.26	01:01:10.812	0.84375				2
2024.07.26	01:01:11.122	0.84376				2
2024.07.26	01:01:21.729	0.84375	0.84386			6
2024.07.26	01:01:22.041		0.84382			4
2024.07.26	01:01:22.346	0.84373	0.84385			6
2024.07.26	01:01:22.666	0.84371	0.84382			6
2024.07.26	01:01:25.686		0.84383			4
2024.07.26	01:01:26.260		0.84380			4
2024.07.26	01:01:26.567	0.84370				2
2024.07.26	01:01:29.435	0.84371				2
2024.07.26	01:01:39.921	0.84372	0.84383			6
2024.07.26	01:01:42.833	0.84373				2
2024.07.26	01:01:46.701	0.84374	0.84384			6
2024.07.26	01:01:47.009	0.84373				2
2024.07.26	01:02:01.017	0.84373				2
2024.07.26	01:02:01.558	0.84374	0.84383			6
2024.07.26	01:02:04.241	0.84373				2
2024.07.26	01:02:05.612	0.84374	0.84384			6
2024.07.26	01:02:07.619	0.84376	0.84386			6
2024.07.26	01:02:10.539	0.84377				2
2024.07.26	01:02:12.901		0.84385			4
2024.07.26	01:02:15.562	0.84376				2
2024.07.26	01:02:15.894		0.84384			4
2024.07.26	01:02:18.275	0.84377	0.84385			6
2024.07.26	01:02:22.121		0.84382			4
2024.07.26	01:02:28.751	0.84378				2
2024.07.26	01:02:40.681		0.84383			4
2024.07.26	01:02:42.941	0.84380	0.84384			6
2024.07.26	01:02:46.799	0.84381	0.84387			6
2024.07.26	01:02:57.228	0.84380				2
2024.07.26	01:02:58.353		0.84386			4
2024.07.26	01:02:59.024		0.84385			4
2024.07.26	01:03:00.461	0.84379				2
2024.07.26	01:03:04.538	0.84381				2
2024.07.26	01:03:14.353	0.84382				2
2024.07.26	01:03:14.769	0.84384	0.84386			6
2024.07.26	01:03:15.140	0.84382	0.84385			6
2024.07.26	01:03:15.483		0.84386			4
2024.07.26	01:03:17.137	0.84383				2
2024.07.26	01:03:21.373		0.84385			4
2024.07.26	01:03:24.196	0.84384	0.84387			6
2024.07.26	01:03:33.526	0.84383	0.84385			6
2024.07.26	01:03:39.728		0.84386			4
2024.07.26	01:03:41.845		0.84385			4
2024.07.26	01:03:43.886		0.84386			4
2024.07.26	01:03:44.352	0.84384				2
2024.07.26	01:03:59.808	0.84383				2
2024.07.26	01:04:01.617	0.84383				2
2024.07.26	01:04:03.935	0.84386	0.84387			6
2024.07.26	01:04:05.751	0.84385	0.84386			6
2024.07.26	01:04:12.936	0.84384	0.84385			6
2024.07.26	01:04:23.737	0.84385	0.84386			6
2024.07.26	01:05:00.669	0.84385				2
2024.07.26	01:05:14.438	0.84384	0.84385			6
2024.07.26	01:05:18.917	0.84383	0.84384			6
2024.07.26	01:05:22.536	0.84384	0.84385			6
2024.07.26	01:05:26.800	0.84383	0.84384			6
2024.07.26	01:06:00.672	0.84383				2
2024.07.26	01:06:27.915		0.84384			4
2024.07.26	01:06:39.029	0.84382	0.84383			6
2024.07.26	01:06:40.148	0.84381	0.84382			6
2024.07.26	01:06:45.935	0.84382	0.84383			6
2024.07.26	01:07:00.140	0.84382				2
2024.07.26	01:07:37.535	0.84381	0.84382			6
2024.07.26	01:07:45.709	0.84382	0.84383			6
2024.07.26	01:07:56.436	0.84383	0.84384			6
2024.07.26	01:08:01.374	0.84383				2
2024.07.26	01:08:59.231		0.84384			4
2024.07.26	01:09:00.466	0.84383				2
2024.07.26	01:09:03.635	0.84384	0.84385			6
2024.07.26	01:09:53.399	0.84383	0.84388			6
2024.07.26	01:09:54.150		0.84384			4
2024.07.26	01:09:56.699	0.84384	0.84385			6
2024.07.26	01:10:00.380	0.84384				2
2024.07.26	01:10:30.862	0.84386	0.84387			6
2024.07.26	01:10:46.838	0.84385	0.84386			6
2024.07.26	01:10:49.536	0.84386	0.84387			6
2024.07.26	01:11:00.477	0.84386				2
2024.07.26	01:11:22.756	0.84385	0.84386			6
2024.07.26	01:11:32.060	0.84374	0.84375			6
2024.07.26	01:11:32.779		0.84376			4
2024.07.26	01:11:35.481		0.84375			4
2024.07.26	01:11:36.587	0.84373	0.84374			6
2024.07.26	01:11:37.196	0.84374	0.84375			6
2024.07.26	01:11:48.186		0.84376			4
2024.07.26	01:11:51.995	0.84375	0.84377			6
2024.07.26	01:11:57.595		0.84376			4
2024.07.26	01:12:00.590	0.84375				2
2024.07.26	01:12:01.714	0.84374	0.84375			6
2024.07.26	01:12:04.212		0.84376			4
2024.07.26	01:12:20.345	0.84376	0.84377			6
2024.07.26	01:12:20.659		0.84378			4
2024.07.26	01:12:21.036	0.84377				2
2024.07.26	01:12:24.392	0.84376				2
2024.07.26	01:12:25.465	0.84377				2
2024.07.26	01:12:30.734	0.84376				2
2024.07.26	01:12:34.920		0.84377			4
2024.07.26	01:12:40.360	0.84377	0.84378			6
2024.07.26	01:12:48.427	0.84376	0.84377			6
2024.07.26	01:13:01.416	0.84376	0.84378			6
2024.07.26	01:13:08.713	0.84381	0.84382			6
2024.07.26	01:13:13.691	0.84382	0.84383			6
2024.07.26	01:13:17.874	0.84381	0.84382			6
2024.07.26	01:13:38.585	0.84382	0.84383			6
2024.07.26	01:14:00.297	0.84382				2
2024.07.26	01:14:16.767	0.84387	0.84388			6
2024.07.26	01:14:32.351	0.84386	0.84387			6
2024.07.26	01:14:37.014	0.84387	0.84388			6
2024.07.26	01:14:43.492	0.84386	0.84387			6
2024.07.26	01:14:46.211	0.84387	0.84388			6
2024.07.26	01:15:00.389	0.84387				2
2024.07.26	01:15:10.878	0.84386	0.84387			6
2024.07.26	01:15:11.560	0.84387	0.84388			6
2024.07.26	01:15:12.152	0.84389	0.84390			6
2024.07.26	01:15:21.520	0.84388	0.84389			6
2024.07.26	01:15:47.736	0.84387	0.84388			6
2024.07.26	01:16:00.061	0.84387				2
2024.07.26	01:16:01.392	0.84388	0.84389			6
2024.07.26	01:16:02.277	0.84387	0.84388			6
2024.07.26	01:16:03.113	0.84388	0.84389			6
2024.07.26	01:16:11.642	0.84387	0.84388			6
2024.07.26	01:16:13.835	0.84388	0.84389			6
2024.07.26	01:16:29.752	0.84387	0.84388			6
2024.07.26	01:16:31.237	0.84388	0.84389			6
2024.07.26	01:16:31.546	0.84387	0.84388			6
2024.07.26	01:17:00.551	0.84387				2
2024.07.26	01:17:16.845	0.84388	0.84389			6
2024.07.26	01:17:18.846	0.84387	0.84388			6
2024.07.26	01:17:19.148	0.84385	0.84386			6
2024.07.26	01:17:51.264	0.84386	0.84387			6
2024.07.26	01:18:01.297	0.84386				2
2024.07.26	01:18:07.756	0.84384	0.84385			6
2024.07.26	01:18:08.448	0.84386	0.84387			6
2024.07.26	01:18:11.405	0.84387	0.84388			6
2024.07.26	01:18:18.872	0.84386	0.84387			6
2024.07.26	01:18:19.870	0.84385	0.84386			6
2024.07.26	01:18:21.428	0.84386	0.84387			6
2024.07.26	01:18:24.583	0.84387	0.84388			6
2024.07.26	01:18:26.416	0.84388	0.84389			6
2024.07.26	01:18:41.463	0.84389	0.84390			6
2024.07.26	01:18:45.796	0.84388	0.84389			6
2024.07.26	01:18:52.373	0.84389	0.84390			6
2024.07.26	01:18:53.410	0.84388	0.84389			6
2024.07.26	01:19:00.360	0.84388				2
2024.07.26	01:19:03.700	0.84389	0.84390			6
2024.07.26	01:19:06.578	0.84388	0.84389			6
2024.07.26	01:19:09.385	0.84387	0.84388			6
2024.07.26	01:19:19.874	0.84388	0.84389			6
2024.07.26	01:19:49.956	0.84387	0.84388			6
2024.07.26	01:19:54.179	0.84386	0.84387			6
2024.07.26	01:19:54.684	0.84387	0.84388			6
2024.07.26	01:20:00.295	0.84387				2
2024.07.26	01:20:00.637	0.84386	0.84387			6
2024.07.26	01:20:01.947	0.84388	0.84389			6
2024.07.26	01:20:07.211	0.84389	0.84390			6
2024.07.26	01:21:00.383	0.84389				2
2024.07.26	01:21:08.071		0.84390			4
2024.07.26	01:21:09.636	0.84390	0.84391			6
2024.07.26	01:21:45.517	0.84389	0.84390			6
2024.07.26	01:21:45.891	0.84390	0.84391			6
2024.07.26	01:21:53.216	0.84389	0.84390			6
2024.07.26	01:21:54.307	0.84390	0.84391			6
2024.07.26	01:22:00.360	0.84390				2
2024.07.26	01:22:02.043	0.84391	0.84392			6
2024.07.26	01:22:05.186	0.84390	0.84391			6
2024.07.26	01:22:05.532	0.84391	0.84392			6
2024.07.26	01:22:05.844	0.84390	0.84391			6
2024.07.26	01:22:11.371	0.84391	0.84392			6
2024.07.26	01:22:13.020	0.84390	0.84391			6
2024.07.26	01:23:00.425	0.84390				2
2024.07.26	01:23:07.855	0.84389	0.84390			6
2024.07.26	01:23:23.596	0.84388	0.84389			6
2024.07.26	01:23:27.199	0.84389	0.84390			6
2024.07.26	01:23:56.590	0.84388	0.84389			6
2024.07.26	01:24:00.300	0.84388				2
2024.07.26	01:24:01.216	0.84389	0.84390			6
2024.07.26	01:24:27.604	0.84388	0.84389			6
2024.07.26	01:24:29.416	0.84389	0.84390			6
2024.07.26	01:24:31.094	0.84388	0.84389			6
2024.07.26	01:24:31.801	0.84389	0.84390			6
2024.07.26	01:25:00.506	0.84389				2
2024.07.26	01:25:12.693	0.84386	0.84388			6
2024.07.26	01:25:13.050	0.84387				2
2024.07.26	01:25:23.377	0.84388	0.84389			6
2024.07.26	01:25:30.372	0.84389	0.84390			6
2024.07.26	01:25:57.865	0.84388	0.84389			6
2024.07.26	01:25:59.546	0.84387	0.84388			6
2024.07.26	01:26:00.415	0.84387				2
2024.07.26	01:26:01.229	0.84389	0.84390			6
2024.07.26	01:27:00.201	0.84389				2
2024.07.26	01:27:01.260	0.84388	0.84389			6
2024.07.26	01:27:03.447	0.84389	0.84390			6
2024.07.26	01:27:11.056	0.84388	0.84389			6
2024.07.26	01:27:14.437	0.84389	0.84390			6
2024.07.26	01:27:15.437	0.84388	0.84389			6
2024.07.26	01:27:15.795	0.84389	0.84390			6
2024.07.26	01:27:38.197	0.84388	0.84389			6
2024.07.26	01:27:48.844	0.84386	0.84387			6
2024.07.26	01:28:00.424	0.84386				2
2024.07.26	01:28:23.594	0.84385	0.84386			6
2024.07.26	01:28:26.499	0.84386	0.84387			6
2024.07.26	01:28:50.566	0.84385	0.84386			6
2024.07.26	01:28:52.498	0.84384	0.84385			6
2024.07.26	01:28:52.803	0.84385	0.84386			6
2024.07.26	01:28:59.744	0.84386	0.84387			6
2024.07.26	01:29:00.615	0.84386				2
2024.07.26	01:29:02.765	0.84387	0.84388			6
2024.07.26	01:29:06.611	0.84386	0.84387			6
2024.07.26	01:29:07.981	0.84387	0.84388			6
2024.07.26	01:29:52.529	0.84386	0.84387			6
2024.07.26	01:29:53.614	0.84385	0.84386			6
2024.07.26	01:29:58.048	0.84386	0.84387			6
2024.07.26	01:30:00.308	0.84386				2
2024.07.26	01:30:03.580	0.84385	0.84388			6
2024.07.26	01:30:05.567	0.84386	0.84387			6
2024.07.26	01:30:06.713	0.84385	0.84388			6
2024.07.26	01:30:08.032	0.84386	0.84387			6
2024.07.26	01:30:10.168	0.84387	0.84388			6
2024.07.26	01:30:11.667	0.84384	0.84385			6
2024.07.26	01:30:20.386	0.84383				2
2024.07.26	01:30:22.582	0.84384				2
2024.07.26	01:30:40.243		0.84386			4
2024.07.26	01:31:00.303	0.84384				2
2024.07.26	01:31:11.159		0.84385			4
2024.07.26	01:31:13.886		0.84386			4
2024.07.26	01:31:16.565	0.84383	0.84385			6
2024.07.26	01:31:18.782	0.84382				2
2024.07.26	01:31:26.437	0.84383				2
2024.07.26	01:31:32.435	0.84382				2
2024.07.26	01:31:36.324	0.84384				2
2024.07.26	01:31:44.821	0.84385	0.84386			6
2024.07.26	01:31:51.810	0.84386	0.84387			6
2024.07.26	01:31:57.570	0.84387	0.84388			6
2024.07.26	01:32:01.609	0.84387				2
2024.07.26	01:32:02.625	0.84388	0.84389			6
2024.07.26	01:32:08.128	0.84389	0.84390			6
2024.07.26	01:32:14.594	0.84388	0.84389			6
2024.07.26	01:32:17.482	0.84386	0.84388			6
2024.07.26	01:32:19.545	0.84387				2
2024.07.26	01:33:03.354	0.84387				2
2024.07.26	01:33:12.348	0.84388	0.84389			6
2024.07.26	01:33:13.001	0.84387	0.84388			6
2024.07.26	01:33:21.653	0.84388	0.84389			6
2024.07.26	01:33:42.122	0.84387	0.84388			6
2024.07.26	01:33:44.751	0.84388	0.84389			6
2024.07.26	01:34:03.785	0.84386				2
2024.07.26	01:34:04.431	0.84387	0.84388			6
2024.07.26	01:34:08.787	0.84389	0.84390			6
2024.07.26	01:35:01.247	0.84389				2
2024.07.26	01:35:02.246	0.84388	0.84389			6
2024.07.26	01:35:56.413	0.84389	0.84390			6
2024.07.26	01:36:00.445	0.84389				2
2024.07.26	01:36:26.419	0.84388	0.84389			6
2024.07.26	01:36:55.313	0.84389	0.84390			6
2024.07.26	01:37:00.043	0.84389				2
2024.07.26	01:37:00.447	0.84388	0.84391			6
2024.07.26	01:37:02.521	0.84389	0.84390			6
2024.07.26	01:37:36.960	0.84388	0.84389			6
2024.07.26	01:38:01.797	0.84388				2
2024.07.26	01:38:29.708	0.84389	0.84390			6
2024.07.26	01:38:38.557	0.84388	0.84389			6
2024.07.26	01:39:02.447	0.84388				2
2024.07.26	01:39:26.469	0.84389	0.84390			6
2024.07.26	01:39:26.770	0.84388	0.84389			6
2024.07.26	01:39:34.780	0.84390	0.84391			6
2024.07.26	01:39:35.083	0.84391	0.84392			6
2024.07.26	01:39:36.853	0.84390				2
2024.07.26	01:39:37.157	0.84391				2
2024.07.26	01:39:40.571	0.84393	0.84394			6
2024.07.26	01:39:42.783	0.84392	0.84393			6
2024.07.26	01:39:43.427	0.84391	0.84392			6
2024.07.26	01:39:48.760	0.84392	0.84393			6
2024.07.26	01:40:01.047	0.84392				2
2024.07.26	01:40:18.692	0.84391	0.84392			6
2024.07.26	01:40:31.277	0.84392	0.84393			6
2024.07.26	01:40:31.798	0.84391	0.84392			6
2024.07.26	01:40:32.823	0.84392	0.84393			6
2024.07.26	01:40:44.927	0.84391	0.84392			6
2024.07.26	01:40:47.695	0.84392	0.84393			6
2024.07.26	01:40:53.282	0.84391	0.84392			6
2024.07.26	01:40:53.771	0.84392	0.84393			6
2024.07.26	01:41:00.891	0.84392				2
2024.07.26	01:41:21.484	0.84391	0.84392			6
2024.07.26	01:41:48.390	0.84390	0.84391			6
2024.07.26	01:41:49.271	0.84391	0.84392			6
2024.07.26	01:42:01.112	0.84391				2
2024.07.26	01:42:18.841	0.84393	0.84394			6
2024.07.26	01:42:19.923	0.84392	0.84393			6
2024.07.26	01:42:20.223	0.84393	0.84394			6
2024.07.26	01:42:21.647	0.84392	0.84393			6
2024.07.26	01:43:00.476	0.84392				2
2024.07.26	01:43:21.653		0.84393			4
2024.07.26	01:43:23.811	0.84387	0.84388			6
2024.07.26	01:43:24.120	0.84386				2
2024.07.26	01:43:24.930	0.84387				2
2024.07.26	01:44:01.681	0.84387				2
2024.07.26	01:44:06.826	0.84386	0.84387			6
2024.07.26	01:44:44.963		0.84388			4
2024.07.26	01:44:48.892	0.84388	0.84389			6
2024.07.26	01:44:54.509		0.84392			4
2024.07.26	01:44:54.822	0.84389				2
2024.07.26	01:44:55.533		0.84393			4
2024.07.26	01:44:57.076		0.84392			4
2024.07.26	01:45:00.172	0.84389				2
2024.07.26	01:45:01.135	0.84392	0.84393			6
2024.07.26	01:45:01.443	0.84391	0.84392			6
2024.07.26	01:45:01.870	0.84390	0.84391			6
2024.07.26	01:45:14.694	0.84389	0.84390			6
2024.07.26	01:45:16.687	0.84390	0.84391			6
2024.07.26	01:45:21.157	0.84389	0.84390			6
2024.07.26	01:45:29.118	0.84390	0.84391			6
2024.07.26	01:46:00.127	0.84390				2
2024.07.26	01:46:29.168		0.84391			4
2024.07.26	01:47:00.122	0.84390				2
2024.07.26	01:47:10.245	0.84391	0.84392			6
2024.07.26	01:47:11.715	0.84390				2
2024.07.26	01:47:16.614		0.84391			4
2024.07.26	01:47:20.332	0.84392	0.84393			6
2024.07.26	01:47:30.642	0.84391	0.84392			6
2024.07.26	01:47:35.906	0.84392	0.84393			6
2024.07.26	01:48:00.821	0.84392				2
2024.07.26	01:48:03.803	0.84391	0.84392			6
2024.07.26	01:48:04.821	0.84390	0.84391			6
2024.07.26	01:48:05.451	0.84389	0.84390			6
2024.07.26	01:48:29.387	0.84390	0.84391			6
2024.07.26	01:48:29.703	0.84389	0.84390			6
2024.07.26	01:48:30.271	0.84388	0.84389			6
2024.07.26	01:48:35.807	0.84389	0.84390			6
2024.07.26	01:48:42.138	0.84388	0.84389			6
2024.07.26	01:49:01.020	0.84388				2
2024.07.26	01:49:05.772	0.84389	0.84390			6
2024.07.26	01:49:06.439	0.84388	0.84389			6
2024.07.26	01:49:09.391	0.84387	0.84388			6
2024.07.26	01:49:09.837	0.84388	0.84389			6
2024.07.26	01:49:33.474	0.84390	0.84391			6
2024.07.26	01:49:36.704	0.84392	0.84393			6
2024.07.26	01:49:42.856	0.84391	0.84392			6
2024.07.26	01:49:58.132	0.84393	0.84394			6
2024.07.26	01:50:00.444	0.84393				2
2024.07.26	01:50:02.551	0.84392	0.84393			6
2024.07.26	01:50:08.668	0.84393	0.84394			6
2024.07.26	01:50:20.209	0.84392	0.84393			6
2024.07.26	01:50:23.485	0.84393	0.84394			6
2024.07.26	01:50:49.546	0.84392	0.84393			6
2024.07.26	01:50:51.295	0.84391	0.84392			6
2024.07.26	01:50:56.188	0.84392	0.84393			6
2024.07.26	01:51:00.029	0.84392				2
2024.07.26	01:51:04.174	0.84391	0.84392			6
2024.07.26	01:51:12.261	0.84392	0.84393			6
2024.07.26	01:51:25.667	0.84391	0.84392			6
2024.07.26	01:51:27.457	0.84392	0.84393			6
2024.07.26	01:51:27.917	0.84391	0.84392			6
2024.07.26	01:51:28.391	0.84392	0.84393			6
2024.07.26	01:51:32.461	0.84393	0.84394			6
2024.07.26	01:51:32.787	0.84392	0.84393			6
2024.07.26	01:51:58.686	0.84391	0.84392			6
2024.07.26	01:52:00.122	0.84392	0.84393			6
2024.07.26	01:52:59.035	0.84390	0.84391			6
2024.07.26	01:52:59.818	0.84391	0.84392			6
2024.07.26	01:53:00.374	0.84391				2
2024.07.26	01:53:45.803	0.84390	0.84391			6
2024.07.26	01:54:00.377	0.84390				2
2024.07.26	01:54:07.052	0.84391	0.84392			6
2024.07.26	01:54:07.663	0.84390	0.84391			6
2024.07.26	01:54:18.663	0.84391	0.84392			6
2024.07.26	01:55:00.320	0.84391				2
2024.07.26	01:55:15.908	0.84390	0.84391			6
2024.07.26	01:55:19.895	0.84391	0.84392			6
2024.07.26	01:55:20.437	0.84392	0.84393			6
2024.07.26	01:55:26.901	0.84391	0.84392			6
2024.07.26	01:56:00.382	0.84391				2
2024.07.26	01:56:18.357	0.84392	0.84393			6
2024.07.26	01:56:18.824	0.84391	0.84392			6
2024.07.26	01:56:23.435	0.84390	0.84391			6
2024.07.26	01:56:26.364	0.84392	0.84393			6
2024.07.26	01:56:27.543	0.84393	0.84394			6
2024.07.26	01:56:59.390	0.84394	0.84395			6
2024.07.26	01:57:00.570	0.84394				2
2024.07.26	01:57:01.604	0.84393	0.84394			6
2024.07.26	01:57:03.656	0.84394	0.84395			6
2024.07.26	01:57:30.311	0.84393	0.84394			6
2024.07.26	01:57:33.901	0.84394	0.84395			6
2024.07.26	01:58:04.757	0.84394				2
2024.07.26	01:58:12.570	0.84393	0.84394			6
2024.07.26	01:58:12.897	0.84394	0.84395			6
2024.07.26	01:58:24.176	0.84393	0.84394			6
2024.07.26	01:59:00.836	0.84393				2
2024.07.26	01:59:17.457	0.84392	0.84393			6
2024.07.26	01:59:18.212	0.84393	0.84394			6
2024.07.26	01:59:26.788	0.84394	0.84395			6
2024.07.26	01:59:27.375	0.84393	0.84394			6
2024.07.26	02:00:00.326	0.84394	0.84395			6
2024.07.26	02:00:31.178	0.84393	0.84394			6
2024.07.26	02:00:33.792	0.84392	0.84393			6
2024.07.26	02:00:36.135	0.84394	0.84395			6
2024.07.26	02:00:37.738	0.84393	0.84394			6
2024.07.26	02:00:40.008	0.84394	0.84395			6
2024.07.26	02:00:42.178	0.84393	0.84394			6
2024.07.26	02:00:49.651	0.84394	0.84395			6
2024.07.26	02:00:54.805	0.84392	0.84393			6
2024.07.26	02:00:57.154	0.84393	0.84394			6
2024.07.26	02:01:00.254	0.84393				2
2024.07.26	02:01:00.580	0.84392	0.84393			6
2024.07.26	02:01:01.012	0.84393	0.84394			6
2024.07.26	02:01:01.323	0.84392	0.84393			6
2024.07.26	02:01:15.197	0.84391	0.84392			6
2024.07.26	02:01:15.750	0.84392	0.84393			6
2024.07.26	02:01:16.803	0.84391	0.84392			6
2024.07.26	02:01:21.145	0.84392	0.84393			6
2024.07.26	02:01:24.383	0.84391	0.84392			6
2024.07.26	02:01:24.691	0.84390	0.84391			6
2024.07.26	02:01:25.425	0.84392	0.84393			6
2024.07.26	02:01:40.993	0.84391	0.84392			6
2024.07.26	02:01:42.748	0.84392	0.84393			6
2024.07.26	02:01:45.488	0.84393	0.84394			6
2024.07.26	02:01:52.420	0.84392	0.84393			6
2024.07.26	02:02:00.366	0.84392				2
2024.07.26	02:02:36.297	0.84393	0.84394			6
2024.07.26	02:02:41.471	0.84392	0.84393			6
2024.07.26	02:02:42.171	0.84393	0.84394			6
2024.07.26	02:02:44.497	0.84392	0.84393			6
2024.07.26	02:02:51.185	0.84393	0.84394			6
2024.07.26	02:02:56.283	0.84392	0.84393			6
2024.07.26	02:02:57.351	0.84393	0.84394			6
2024.07.26	02:02:57.750	0.84392				2
2024.07.26	02:02:58.197	0.84393				2
2024.07.26	02:02:58.527	0.84391				2
2024.07.26	02:02:59.284	0.84393				2
2024.07.26	02:02:59.639	0.84392	0.84393			6
2024.07.26	02:03:00.346	0.84392				2
2024.07.26	02:03:03.125	0.84393	0.84394			6
2024.07.26	02:03:03.454	0.84394	0.84395			6
2024.07.26	02:03:04.538	0.84393	0.84394			6
2024.07.26	02:03:06.735	0.84394	0.84395			6
2024.07.26	02:03:10.724		0.84397			4
2024.07.26	02:03:11.033		0.84395			4
2024.07.26	02:03:11.342	0.84395	0.84396			6
2024.07.26	02:03:12.308	0.84393	0.84394			6
2024.07.26	02:03:12.758	0.84394	0.84395			6
2024.07.26	02:03:13.435	0.84395	0.84396			6
2024.07.26	02:03:13.803	0.84394	0.84395			6
2024.07.26	02:03:22.373	0.84393	0.84394			6
2024.07.26	02:03:22.683	0.84394	0.84395			6
2024.07.26	02:03:24.229	0.84393	0.84394			6
2024.07.26	02:03:26.879	0.84394	0.84395			6
2024.07.26	02:03:27.195	0.84393	0.84394			6
2024.07.26	02:03:27.669	0.84394	0.84395			6
2024.07.26	02:03:31.195	0.84395	0.84396			6
2024.07.26	02:03:35.860	0.84394	0.84395			6
2024.07.26	02:03:38.356	0.84395	0.84396			6
2024.07.26	02:03:42.655	0.84396	0.84397			6
2024.07.26	02:03:43.279	0.84395	0.84396			6
2024.07.26	02:03:43.809	0.84396	0.84397			6
2024.07.26	02:03:44.664	0.84395	0.84396			6
2024.07.26	02:03:45.373	0.84396	0.84397			6
2024.07.26	02:03:48.185	0.84395	0.84396			6
2024.07.26	02:03:52.802	0.84396	0.84397			6
2024.07.26	02:03:54.859	0.84395	0.84396			6
2024.07.26	02:03:56.417	0.84396	0.84397			6
2024.07.26	02:03:59.005	0.84395	0.84396			6
2024.07.26	02:04:00.126	0.84395				2
2024.07.26	02:04:01.253	0.84396	0.84397			6
2024.07.26	02:04:04.993	0.84395	0.84396			6
2024.07.26	02:04:06.033	0.84396	0.84397			6
2024.07.26	02:04:10.420	0.84395	0.84396			6
2024.07.26	02:04:10.951	0.84396	0.84397			6
2024.07.26	02:04:19.887	0.84395	0.84399			6
2024.07.26	02:04:21.134	0.84396	0.84398			6
2024.07.26	02:04:21.472		0.84397			4
2024.07.26	02:04:24.649	0.84397	0.84398			6
2024.07.26	02:04:25.401	0.84396	0.84397			6
2024.07.26	02:04:25.932	0.84395	0.84396			6
2024.07.26	02:04:26.240	0.84394				2
2024.07.26	02:04:26.896	0.84395				2
2024.07.26	02:04:27.249	0.84396	0.84397			6
2024.07.26	02:04:30.941	0.84395				2
2024.07.26	02:04:31.578	0.84396				2
2024.07.26	02:04:31.957	0.84397	0.84398			6
2024.07.26	02:04:37.569	0.84395	0.84397			6
2024.07.26	02:04:37.897	0.84397	0.84398			6
2024.07.26	02:04:54.374	0.84396	0.84397			6
2024.07.26	02:04:54.681	0.84395				2
2024.07.26	02:04:55.052	0.84397	0.84398			6
2024.07.26	02:04:58.734	0.84396	0.84397			6
2024.07.26	02:04:59.099	0.84397	0.84398			6
2024.07.26	02:05:00.695	0.84397				2
2024.07.26	02:05:07.967	0.84396	0.84397			6
2024.07.26	02:05:08.299	0.84397	0.84398			6
2024.07.26	02:05:11.826	0.84396	0.84397			6
2024.07.26	02:05:12.179	0.84397	0.84398			6
2024.07.26	02:05:12.677	0.84396	0.84397			6
2024.07.26	02:05:13.015	0.84397	0.84398			6
2024.07.26	02:05:14.326	0.84396	0.84397			6
2024.07.26	02:05:25.524	0.84395	0.84396			6
2024.07.26	02:05:25.879	0.84397	0.84398			6
2024.07.26	02:05:26.633	0.84396	0.84397			6
2024.07.26	02:05:34.833	0.84397	0.84398			6
2024.07.26	02:05:48.019	0.84396	0.84397			6
2024.07.26	02:05:48.711	0.84397	0.84398			6
2024.07.26	02:06:00.354	0.84397				2
2024.07.26	02:06:07.270	0.84396	0.84397			6
2024.07.26	02:06:08.136	0.84395	0.84396			6
2024.07.26	02:06:14.674	0.84396	0.84397			6
2024.07.26	02:07:02.369	0.84396				2
2024.07.26	02:07:12.974	0.84393	0.84394			6
2024.07.26	02:07:13.282		0.84395			4
2024.07.26	02:07:17.610	0.84394				2
2024.07.26	02:07:17.988	0.84396	0.84397			6
2024.07.26	02:07:18.711	0.84393	0.84394			6
2024.07.26	02:07:45.860	0.84392	0.84393			6
2024.07.26	02:07:52.277	0.84393	0.84394			6
2024.07.26	02:08:00.104	0.84393				2
2024.07.26	02:08:08.414	0.84394	0.84395			6
2024.07.26	02:08:16.322	0.84393	0.84394			6
2024.07.26	02:08:16.736	0.84394	0.84395			6
2024.07.26	02:08:18.936	0.84395	0.84396			6
2024.07.26	02:08:20.201		0.84397			4
2024.07.26	02:08:20.856		0.84396			4
2024.07.26	02:08:21.255		0.84397			4
2024.07.26	02:08:27.395	0.84394				2
2024.07.26	02:08:27.837	0.84396				2
2024.07.26	02:08:30.451	0.84395				2
2024.07.26	02:08:33.683		0.84398			4
2024.07.26	02:08:38.239		0.84397			4
2024.07.26	02:08:41.147		0.84398			4
2024.07.26	02:08:41.823	0.84396				2
2024.07.26	02:08:42.169	0.84395				2
2024.07.26	02:08:42.476	0.84396				2
2024.07.26	02:08:42.838	0.84395				2
2024.07.26	02:08:45.474		0.84397			4
2024.07.26	02:08:47.085		0.84398			4
2024.07.26	02:08:48.569	0.84396	0.84397			6
2024.07.26	02:08:48.884	0.84395	0.84398			6
2024.07.26	02:08:49.245		0.84397			4
2024.07.26	02:08:55.978	0.84397	0.84398			6
2024.07.26	02:08:56.329	0.84396				2
2024.07.26	02:08:58.143	0.84397				2
2024.07.26	02:09:00.062	0.84397				2
2024.07.26	02:09:00.696	0.84396				2
2024.07.26	02:09:04.011	0.84397				2
2024.07.26	02:09:04.659	0.84396				2
2024.07.26	02:09:11.053	0.84397				2
2024.07.26	02:09:11.357	0.84396				2
2024.07.26	02:09:11.795	0.84397				2
2024.07.26	02:09:13.128	0.84396				2
2024.07.26	02:09:16.500		0.84397			4
2024.07.26	02:09:17.055	0.84397	0.84398			6
2024.07.26	02:09:28.163	0.84396				2
2024.07.26	02:09:30.395	0.84397				2
2024.07.26	02:09:43.591	0.84395				2
2024.07.26	02:09:43.913	0.84396				2
2024.07.26	02:09:44.467		0.84397			4
2024.07.26	02:09:45.129	0.84397	0.84398			6
2024.07.26	02:09:58.131	0.84396	0.84397			6
2024.07.26	02:09:59.059	0.84395	0.84398			6
2024.07.26	02:10:00.357	0.84396				2
2024.07.26	02:10:04.560	0.84395				2
2024.07.26	02:10:05.746	0.84394				2
2024.07.26	02:10:06.258	0.84395				2
2024.07.26	02:10:07.433	0.84394				2
2024.07.26	02:10:08.099	0.84395				2
2024.07.26	02:10:09.142	0.84394				2
2024.07.26	02:10:10.046	0.84396				2
2024.07.26	02:10:18.787	0.84397				2
2024.07.26	02:10:20.396	0.84398	0.84399			6
2024.07.26	02:10:20.755	0.84396	0.84398			6
2024.07.26	02:10:26.564	0.84398	0.84399			6
2024.07.26	02:10:26.865	0.84396	0.84398			6
2024.07.26	02:10:34.439	0.84397				2
2024.07.26	02:10:35.376	0.84396				2
2024.07.26	02:10:44.451	0.84398	0.84399			6
2024.07.26	02:10:45.844	0.84397	0.84398			6
2024.07.26	02:10:52.387	0.84396	0.84397			6
2024.07.26	02:10:53.067	0.84397	0.84398			6
2024.07.26	02:11:00.347	0.84397				2
2024.07.26	02:11:05.161	0.84395				2
2024.07.26	02:11:06.411	0.84397				2
2024.07.26	02:11:10.342	0.84395				2
2024.07.26	02:11:12.598	0.84396				2
2024.07.26	02:11:12.978	0.84395				2
2024.07.26	02:11:17.216		0.84399			4
2024.07.26	02:11:29.742	0.84396				2
2024.07.26	02:11:35.519	0.84395				2
2024.07.26	02:11:37.749	0.84396				2
2024.07.26	02:12:01.398	0.84397	0.84398			6
2024.07.26	02:12:07.166	0.84396	0.84399			6
2024.07.26	02:12:07.565	0.84395				2
2024.07.26	02:12:08.721	0.84396				2
2024.07.26	02:12:11.060	0.84395				2
2024.07.26	02:12:11.375	0.84396				2
2024.07.26	02:12:13.108	0.84395				2
2024.07.26	02:12:16.401	0.84396				2
2024.07.26	02:12:17.238	0.84395				2
2024.07.26	02:12:17.699	0.84396				2
2024.07.26	02:12:19.963	0.84395				2
2024.07.26	02:12:24.404	0.84396				2
2024.07.26	02:12:25.423		0.84398			4
2024.07.26	02:12:27.326	0.84395				2
2024.07.26	02:12:27.632	0.84396	0.84399			6
2024.07.26	02:12:31.002	0.84395				2
2024.07.26	02:12:36.667	0.84396				2
2024.07.26	02:12:44.062	0.84395	0.84398			6
2024.07.26	02:12:46.063	0.84397				2
2024.07.26	02:12:48.238	0.84395	0.84397			6
2024.07.26	02:12:53.392	0.84396				2
2024.07.26	02:12:54.561	0.84397	0.84398			6
2024.07.26	02:13:00.071	0.84397				2
2024.07.26	02:13:01.848	0.84395	0.84397			6
2024.07.26	02:13:02.341	0.84396	0.84398			6
2024.07.26	02:13:04.156		0.84397			4
2024.07.26	02:13:22.101		0.84398			4
2024.07.26	02:13:24.643		0.84397			4
2024.07.26	02:13:41.719	0.84395				2
2024.07.26	02:13:44.573		0.84398			4
2024.07.26	02:13:46.407	0.84396				2
2024.07.26	02:13:54.079	0.84395				2
2024.07.26	02:13:54.419	0.84396				2
2024.07.26	02:13:59.915	0.84395	0.84397			6
2024.07.26	02:14:00.374	0.84395				2
2024.07.26	02:14:12.465	0.84396				2
2024.07.26	02:14:15.209	0.84395				2
2024.07.26	02:14:16.417	0.84396				2
2024.07.26	02:14:21.035	0.84395				2
2024.07.26	02:14:21.352	0.84396				2
2024.07.26	02:14:24.559	0.84395	0.84396			6
2024.07.26	02:14:25.958	0.84394				2
2024.07.26	02:14:27.460		0.84395			4
2024.07.26	02:14:30.651	0.84395	0.84398			6
2024.07.26	02:14:40.347		0.84397			4
2024.07.26	02:14:41.024		0.84396			4
2024.07.26	02:14:42.073		0.84398			4
2024.07.26	02:14:42.376	0.84394	0.84397			6
2024.07.26	02:14:45.366	0.84395				2
2024.07.26	02:14:45.683	0.84396				2
2024.07.26	02:14:46.758	0.84395	0.84398			6
2024.07.26	02:14:48.980	0.84394	0.84396			6
2024.07.26	02:14:55.164	0.84395				2
2024.07.26	02:15:00.399	0.84395	0.84397			6
2024.07.26	02:15:01.548	0.84394				2
2024.07.26	02:15:02.080		0.84398			4
2024.07.26	02:15:02.384	0.84395				2
2024.07.26	02:15:03.160	0.84394				2
2024.07.26	02:15:05.618	0.84395				2
2024.07.26	02:15:07.378	0.84394				2
2024.07.26	02:15:08.400	0.84395				2
2024.07.26	02:15:09.169	0.84394				2
2024.07.26	02:15:09.477	0.84395				2
2024.07.26	02:15:12.535		0.84397			4
2024.07.26	02:15:23.802	0.84394	0.84396			6
2024.07.26	02:15:24.659	0.84395				2
2024.07.26	02:15:34.013	0.84394	0.84395			6
2024.07.26	02:15:35.260	0.84395	0.84396			6
2024.07.26	02:15:44.466		0.84399			4
2024.07.26	02:15:45.251	0.84396				2
2024.07.26	02:15:46.284	0.84394	0.84398			6
2024.07.26	02:15:50.001	0.84395				2
2024.07.26	02:15:50.378	0.84394				2
2024.07.26	02:15:57.721		0.84397			4
2024.07.26	02:15:59.343		0.84396			4
2024.07.26	02:16:00.360	0.84394				2
2024.07.26	02:16:19.908		0.84397			4
2024.07.26	02:16:21.227		0.84396			4
2024.07.26	02:16:25.747		0.84395			4
2024.07.26	02:16:32.210		0.84396			4
2024.07.26	02:16:34.106	0.84393				2
2024.07.26	02:16:34.423	0.84394				2
2024.07.26	02:16:42.689		0.84395			4
2024.07.26	02:17:01.379	0.84394				2
2024.07.26	02:17:27.348	0.84395	0.84396			6
2024.07.26	02:17:27.655	0.84394				2
2024.07.26	02:17:41.288		0.84395			4
2024.07.26	02:17:53.531		0.84396			4
2024.07.26	02:18:00.740	0.84394				2
2024.07.26	02:18:02.412		0.84395			4
2024.07.26	02:18:03.704		0.84396			4
2024.07.26	02:18:06.147		0.84395			4
2024.07.26	02:18:07.559		0.84396			4
2024.07.26	02:18:25.694	0.84395				2
2024.07.26	02:18:28.657	0.84394				2
2024.07.26	02:18:29.731		0.84395			4
2024.07.26	02:18:34.449	0.84393				2
2024.07.26	02:18:35.759	0.84394				2
2024.07.26	02:19:00.379	0.84394				2
2024.07.26	02:19:01.331		0.84396			4
2024.07.26	02:19:12.845		0.84395			4
2024.07.26	02:19:13.165	0.84395	0.84396			6
2024.07.26	02:19:13.837	0.84394	0.84395			6
2024.07.26	02:19:15.980		0.84396			4
2024.07.26	02:19:22.672		0.84395			4
2024.07.26	02:19:24.015		0.84396			4
2024.07.26	02:19:24.372		0.84395			4
2024.07.26	02:19:24.677	0.84395	0.84396			6
2024.07.26	02:19:24.989	0.84394	0.84395			6
2024.07.26	02:19:26.405	0.84395	0.84396			6
2024.07.26	02:19:27.714	0.84394				2
2024.07.26	02:19:29.390	0.84395				2
2024.07.26	02:19:31.989		0.84397			4
2024.07.26	02:19:38.192	0.84396				2
2024.07.26	02:19:38.516	0.84395				2
2024.07.26	02:19:38.818	0.84396	0.84398			6
2024.07.26	02:19:40.402	0.84395				2
2024.07.26	02:19:41.742	0.84396				2
2024.07.26	02:19:42.069		0.84397			4
2024.07.26	02:19:42.496	0.84395				2
2024.07.26	02:19:45.048	0.84393	0.84395			6
2024.07.26	02:19:45.809	0.84391	0.84392			6
2024.07.26	02:20:00.359	0.84391				2
2024.07.26	02:20:01.677	0.84392	0.84393			6
2024.07.26	02:20:15.353	0.84393	0.84394			6
2024.07.26	02:20:19.980	0.84392	0.84393			6
2024.07.26	02:20:20.421	0.84393	0.84394			6
2024.07.26	02:20:25.745	0.84392	0.84393			6
2024.07.26	02:20:26.953	0.84393	0.84394			6
2024.07.26	02:20:40.712	0.84392	0.84393			6
2024.07.26	02:20:54.844	0.84391	0.84392			6
2024.07.26	02:20:57.964	0.84392	0.84393			6
2024.07.26	02:20:58.583	0.84390	0.84391			6
2024.07.26	02:20:58.889	0.84391	0.84392			6
2024.07.26	02:21:00.353	0.84391				2
2024.07.26	02:21:15.252	0.84390	0.84391			6
2024.07.26	02:21:44.118	0.84389	0.84390			6
2024.07.26	02:21:44.966	0.84390	0.84391			6
2024.07.26	02:21:47.503	0.84391	0.84392			6
2024.07.26	02:21:49.855	0.84390	0.84391			6
2024.07.26	02:21:57.022	0.84391	0.84392			6
2024.07.26	02:22:00.432	0.84391				2
2024.07.26	02:22:13.449	0.84392	0.84393			6
2024.07.26	02:22:16.692	0.84391	0.84392			6
2024.07.26	02:22:18.404	0.84396	0.84397			6
2024.07.26	02:22:18.722	0.84395	0.84396			6
2024.07.26	02:22:19.785	0.84396	0.84397			6
2024.07.26	02:22:51.740	0.84397	0.84398			6
2024.07.26	02:22:52.047	0.84393	0.84395			6
2024.07.26	02:22:58.136		0.84394			4
2024.07.26	02:22:58.490	0.84394	0.84395			6
2024.07.26	02:23:00.354	0.84395	0.84396			6
2024.07.26	02:23:01.462	0.84397	0.84398			6
2024.07.26	02:23:08.129	0.84396	0.84397			6
2024.07.26	02:23:08.710	0.84397	0.84398			6
2024.07.26	02:23:10.718	0.84394	0.84396			6
2024.07.26	02:23:11.169	0.84395				2
2024.07.26	02:23:12.256	0.84396	0.84397			6
2024.07.26	02:23:52.553	0.84397	0.84398			6
2024.07.26	02:24:01.130	0.84396	0.84397			6
2024.07.26	02:24:07.566	0.84397	0.84398			6
2024.07.26	02:24:08.573	0.84396	0.84397			6
2024.07.26	02:24:44.002		0.84398			4
2024.07.26	02:24:48.713	0.84397				2
2024.07.26	02:24:56.032	0.84396	0.84397			6
2024.07.26	02:25:00.042	0.84396				2
2024.07.26	02:25:04.009	0.84397	0.84398			6
2024.07.26	02:25:05.604	0.84396	0.84397			6
2024.07.26	02:25:42.659		0.84398			4
2024.07.26	02:25:43.054		0.84397			4
2024.07.26	02:26:00.374	0.84396				2
2024.07.26	02:26:00.692		0.84398			4
2024.07.26	02:26:01.061		0.84397			4
2024.07.26	02:27:00.188	0.84396				2
2024.07.26	02:27:02.595		0.84397			4
2024.07.26	02:28:00.097	0.84396				2
2024.07.26	02:28:02.669		0.84397			4
2024.07.26	02:28:04.265	0.84397	0.84398			6
2024.07.26	02:28:05.018	0.84398	0.84399			6
2024.07.26	02:28:06.049	0.84397	0.84398			6
2024.07.26	02:28:11.718	0.84398	0.84399			6
2024.07.26	02:28:13.671	0.84397	0.84398			6
2024.07.26	02:28:38.728	0.84396	0.84397			6
2024.07.26	02:28:39.045	0.84397	0.84398			6
2024.07.26	02:28:55.499	0.84399	0.84401			6
2024.07.26	02:28:55.808		0.84400			4
2024.07.26	02:29:00.383	0.84399				2
2024.07.26	02:29:02.428	0.84397	0.84399			6
2024.07.26	02:29:02.783		0.84400			4
2024.07.26	02:29:09.577	0.84399	0.84401			6
2024.07.26	02:29:10.064	0.84398	0.84400			6
2024.07.26	02:29:12.139		0.84399			4
2024.07.26	02:29:20.870	0.84397	0.84398			6
2024.07.26	02:29:33.071		0.84399			4
2024.07.26	02:29:34.964		0.84398			4
2024.07.26	02:29:35.938		0.84399			4
2024.07.26	02:29:41.785	0.84398				2
2024.07.26	02:29:42.105	0.84399	0.84400			6
2024.07.26	02:29:42.558	0.84398	0.84399			6
2024.07.26	02:29:45.185		0.84401			4
2024.07.26	02:29:45.550		0.84400			4
2024.07.26	02:29:46.558	0.84397	0.84399			6
2024.07.26	02:29:46.936	0.84398				2
2024.07.26	02:29:57.800		0.84401			4
2024.07.26	02:30:00.096	0.84398	0.84400			6
2024.07.26	02:30:00.421		0.84401			4
2024.07.26	02:30:06.384		0.84400			4
2024.07.26	02:30:07.153	0.84397				2
2024.07.26	02:30:07.548	0.84398	0.84401			6
2024.07.26	02:30:08.064		0.84402			4
2024.07.26	02:30:09.075		0.84401			4
2024.07.26	02:30:12.847	0.84399	0.84400			6
2024.07.26	02:30:14.684		0.84401			4
2024.07.26	02:30:15.047		0.84400			4
2024.07.26	02:30:15.446		0.84401			4
2024.07.26	02:30:16.660		0.84400			4
2024.07.26	02:30:18.055		0.84401			4
2024.07.26	02:30:18.396	0.84398	0.84400			6
2024.07.26	02:30:21.505		0.84401			4
2024.07.26	02:30:22.508		0.84400			4
2024.07.26	02:30:24.277		0.84401			4
2024.07.26	02:30:25.976	0.84397				2
2024.07.26	02:30:38.232	0.84398				2
2024.07.26	02:30:39.576	0.84397				2
2024.07.26	02:30:42.299	0.84398				2
2024.07.26	02:30:44.314	0.84397				2
2024.07.26	02:31:00.382	0.84397				2
2024.07.26	02:31:02.709	0.84398				2
2024.07.26	02:31:12.581	0.84397				2
2024.07.26	02:31:24.291		0.84401			4
2024.07.26	02:31:30.928	0.84398				2
2024.07.26	02:31:31.401	0.84397				2
2024.07.26	02:31:32.256	0.84398	0.84400			6
2024.07.26	02:31:36.380		0.84399			4
2024.07.26	02:31:36.919		0.84400			4
2024.07.26	02:31:38.702		0.84399			4
2024.07.26	02:32:00.955	0.84398				2
2024.07.26	02:32:08.803		0.84400			4
2024.07.26	02:32:15.740	0.84397				2
2024.07.26	02:32:17.750	0.84396				2
2024.07.26	02:32:18.914	0.84397				2
2024.07.26	02:32:19.661	0.84396				2
2024.07.26	02:32:21.311	0.84397				2
2024.07.26	02:32:21.623		0.84399			4
2024.07.26	02:32:21.980	0.84396	0.84397			6
2024.07.26	02:32:25.796	0.84395				2
2024.07.26	02:32:29.397	0.84394				2
2024.07.26	02:32:31.376	0.84395				2
2024.07.26	02:32:31.741	0.84394				2
2024.07.26	02:32:33.794		0.84398			4
2024.07.26	02:33:00.517	0.84395				2
2024.07.26	02:33:00.819	0.84394				2
2024.07.26	02:33:04.417	0.84396	0.84400			6
2024.07.26	02:33:04.720	0.84395	0.84399			6
2024.07.26	02:33:10.354		0.84400			4
2024.07.26	02:33:10.802	0.84396				2
2024.07.26	02:33:11.540	0.84395				2
2024.07.26	02:33:14.151	0.84396				2
2024.07.26	02:33:14.544	0.84395				2
2024.07.26	02:33:15.685	0.84396	0.84399			6
2024.07.26	02:33:17.103		0.84400			4
2024.07.26	02:33:18.380	0.84395				2
2024.07.26	02:33:25.043		0.84399			4
2024.07.26	02:33:40.837		0.84400			4
2024.07.26	02:33:50.888	0.84396				2
2024.07.26	02:33:53.274	0.84395				2
2024.07.26	02:33:54.801		0.84399			4
2024.07.26	02:33:58.835		0.84400			4
2024.07.26	02:33:59.215		0.84399			4
2024.07.26	02:34:00.361	0.84395				2
2024.07.26	02:34:12.730	0.84396				2
2024.07.26	02:34:17.929		0.84400			4
2024.07.26	02:34:36.161	0.84395	0.84399			6
2024.07.26	02:34:50.098	0.84396	0.84400			6
2024.07.26	02:34:59.723	0.84395	0.84399			6
2024.07.26	02:35:00.134	0.84395				2
2024.07.26	02:35:04.957	0.84396				2
2024.07.26	02:35:05.765	0.84397				2
2024.07.26	02:35:15.828	0.84396				2
2024.07.26	02:35:16.753		0.84398			4
2024.07.26	02:35:19.481	0.84398	0.84399			6
2024.07.26	02:35:30.849	0.84397				2
2024.07.26	02:35:35.379		0.84398			4
2024.07.26	02:35:35.742	0.84396	0.84397			6
2024.07.26	02:35:59.481		0.84398			4
2024.07.26	02:36:00.374	0.84396				2
2024.07.26	02:36:24.392	0.84398	0.84399			6
2024.07.26	02:36:24.818		0.84400			4
2024.07.26	02:36:43.344		0.84399			4
2024.07.26	02:36:46.498	0.84399	0.84400			6
2024.07.26	02:37:00.405	0.84399				2
2024.07.26	02:37:10.887	0.84398				2
2024.07.26	02:37:11.221		0.84399			4
2024.07.26	02:37:11.710	0.84399	0.84400			6
2024.07.26	02:37:12.445	0.84398	0.84399			6
2024.07.26	02:37:12.821	0.84397	0.84398			6
2024.07.26	02:37:13.723	0.84398	0.84399			6
2024.07.26	02:37:14.212	0.84399	0.84400			6
2024.07.26	02:37:31.711	0.84398	0.84402			6
2024.07.26	02:37:32.022		0.84401			4
2024.07.26	02:37:33.555		0.84400			4
2024.07.26	02:37:41.967		0.84401			4
2024.07.26	02:37:47.725	0.84400				2
2024.07.26	02:37:51.686	0.84398				2
2024.07.26	02:37:53.019	0.84397	0.84399			6
2024.07.26	02:38:00.475	0.84397				2
2024.07.26	02:38:12.285		0.84400			4
2024.07.26	02:38:12.861	0.84398				2
2024.07.26	02:38:18.106		0.84399			4
2024.07.26	02:38:21.115		0.84400			4
2024.07.26	02:38:38.951		0.84401			4
2024.07.26	02:38:40.107		0.84400			4
2024.07.26	02:38:52.079	0.84397				2
2024.07.26	02:38:53.681	0.84398	0.84401			6
2024.07.26	02:38:57.873		0.84400			4
2024.07.26	02:38:58.184		0.84401			4
2024.07.26	02:38:59.252		0.84399			4
2024.07.26	02:39:02.088	0.84398				2
2024.07.26	02:39:02.913	0.84399	0.84400			6
2024.07.26	02:39:16.499	0.84396	0.84397			6
2024.07.26	02:39:17.762	0.84397	0.84398			6
2024.07.26	02:39:47.416	0.84398	0.84401			6
2024.07.26	02:39:47.731		0.84400			4
2024.07.26	02:39:50.836	0.84399				2
2024.07.26	02:39:51.148	0.84398	0.84399			6
2024.07.26	02:39:58.034	0.84397	0.84400			6
2024.07.26	02:39:59.003	0.84398				2
2024.07.26	02:40:00.315	0.84398				2
2024.07.26	02:40:02.016	0.84399				2
2024.07.26	02:40:05.370		0.84401			4
2024.07.26	02:40:09.191	0.84400				2
2024.07.26	02:40:15.474	0.84399	0.84400			6
2024.07.26	02:40:59.371	0.84398	0.84401			6
2024.07.26	02:41:00.497	0.84398				2
2024.07.26	02:41:11.849		0.84399			4
2024.07.26	02:41:12.151	0.84399	0.84400			6
2024.07.26	02:41:24.103	0.84401	0.84402			6
2024.07.26	02:41:30.894		0.84403			4
2024.07.26	02:41:31.213	0.84400				2
2024.07.26	02:41:35.981		0.84401			4
2024.07.26	02:41:39.203	0.84401	0.84402			6
2024.07.26	02:41:41.780	0.84400	0.84403			6
2024.07.26	02:41:42.822	0.84401				2
2024.07.26	02:41:47.039		0.84404			4
2024.07.26	02:41:47.346		0.84403			4
2024.07.26	02:41:49.902		0.84402			4
2024.07.26	02:42:00.396	0.84401				2
2024.07.26	02:42:01.740		0.84403			4
2024.07.26	02:42:03.413		0.84402			4
2024.07.26	02:42:09.295		0.84404			4
2024.07.26	02:42:15.189		0.84403			4
2024.07.26	02:43:00.193	0.84401				2
2024.07.26	02:43:04.246		0.84404			4
2024.07.26	02:43:09.848	0.84400	0.84403			6
2024.07.26	02:43:10.162		0.84401			4
2024.07.26	02:44:00.202	0.84400				2
2024.07.26	02:44:05.108	0.84399				2
2024.07.26	02:44:05.478	0.84400				2
2024.07.26	02:44:07.570		0.84402			4
2024.07.26	02:44:10.518	0.84401				2
2024.07.26	02:44:50.308	0.84402	0.84403			6
2024.07.26	02:44:50.722	0.84401	0.84402			6
2024.07.26	02:45:00.440	0.84401				2
2024.07.26	02:45:16.312	0.84405	0.84406			6
2024.07.26	02:45:16.673	0.84406	0.84407			6
2024.07.26	02:45:18.159	0.84407	0.84408			6
2024.07.26	02:45:18.908	0.84406	0.84407			6
2024.07.26	02:45:36.923	0.84407	0.84408			6
2024.07.26	02:45:50.766	0.84406	0.84407			6
2024.07.26	02:46:00.246	0.84406				2
2024.07.26	02:46:49.449	0.84405	0.84406			6
2024.07.26	02:46:55.639	0.84406	0.84407			6
2024.07.26	02:46:56.581	0.84407	0.84408			6
2024.07.26	02:47:00.565	0.84407				2
2024.07.26	02:47:12.378	0.84406	0.84407			6
2024.07.26	02:47:25.584	0.84407	0.84408			6
2024.07.26	02:47:45.559	0.84404	0.84405			6
2024.07.26	02:47:46.112	0.84406	0.84407			6
2024.07.26	02:48:00.381	0.84406				2
2024.07.26	02:48:01.969	0.84405	0.84406			6
2024.07.26	02:48:15.755	0.84406	0.84407			6
2024.07.26	02:49:00.752	0.84406				2
2024.07.26	02:49:08.141	0.84407	0.84408			6
2024.07.26	02:49:18.627	0.84406	0.84407			6
2024.07.26	02:49:22.038	0.84405	0.84406			6
2024.07.26	02:49:23.126	0.84406	0.84407			6
2024.07.26	02:49:51.352	0.84407	0.84408			6
2024.07.26	02:49:52.995	0.84406	0.84407			6
2024.07.26	02:50:00.047	0.84406				2
2024.07.26	02:50:10.901	0.84405	0.84406			6
2024.07.26	02:50:11.231	0.84404				2
2024.07.26	02:50:11.541	0.84405				2
2024.07.26	02:50:28.755	0.84404				2
2024.07.26	02:50:29.768		0.84405			4
2024.07.26	02:50:30.451	0.84405	0.84406			6
2024.07.26	02:50:32.935	0.84404	0.84405			6
2024.07.26	02:50:46.544	0.84405	0.84406			6
2024.07.26	02:50:51.247	0.84406	0.84407			6
2024.07.26	02:50:51.552	0.84405	0.84406			6
2024.07.26	02:50:59.458	0.84404	0.84405			6
2024.07.26	02:50:59.763	0.84405	0.84406			6
2024.07.26	02:51:00.254	0.84405				2
2024.07.26	02:51:01.041	0.84403	0.84404			6
2024.07.26	02:51:14.525	0.84404	0.84405			6
2024.07.26	02:51:14.846	0.84403	0.84404			6
2024.07.26	02:51:24.369	0.84404	0.84405			6
2024.07.26	02:51:41.549	0.84403	0.84404			6
2024.07.26	02:52:01.660	0.84404	0.84405			6
2024.07.26	02:52:02.844	0.84405	0.84406			6
2024.07.26	02:52:08.305	0.84404	0.84405			6
2024.07.26	02:52:18.146	0.84405	0.84406			6
2024.07.26	02:52:18.463		0.84407			4
2024.07.26	02:52:20.198		0.84406			4
2024.07.26	02:52:25.705	0.84403	0.84404			6
2024.07.26	02:52:39.702	0.84404	0.84405			6
2024.07.26	02:52:40.013	0.84403	0.84404			6
2024.07.26	02:53:00.462	0.84403				2
2024.07.26	02:53:20.403	0.84402	0.84403			6
2024.07.26	02:53:58.303		0.84404			4
2024.07.26	02:54:00.395	0.84402				2
2024.07.26	02:54:01.396	0.84403				2
2024.07.26	02:54:29.772	0.84402	0.84405			6
2024.07.26	02:54:30.607	0.84403				2
2024.07.26	02:54:31.589		0.84404			4
2024.07.26	02:54:32.278	0.84402	0.84405			6
2024.07.26	02:54:35.417		0.84404			4
2024.07.26	02:54:37.475	0.84403				2
2024.07.26	02:54:44.006		0.84405			4
2024.07.26	02:54:45.058		0.84404			4
2024.07.26	02:54:56.542	0.84402				2
2024.07.26	02:54:58.135		0.84403			4
2024.07.26	02:54:59.081	0.84403	0.84404			6
2024.07.26	02:54:59.384	0.84402	0.84403			6
2024.07.26	02:55:00.097	0.84402				2
2024.07.26	02:55:04.754		0.84404			4
2024.07.26	02:55:06.035	0.84403				2
2024.07.26	02:55:14.852	0.84405	0.84406			6
2024.07.26	02:55:28.520	0.84404	0.84405			6
2024.07.26	02:55:29.437	0.84405	0.84406			6
2024.07.26	02:55:30.315	0.84404	0.84405			6
2024.07.26	02:55:37.562	0.84405	0.84406			6
2024.07.26	02:55:53.533	0.84404	0.84405			6
2024.07.26	02:55:53.872	0.84403	0.84404			6
2024.07.26	02:55:54.183		0.84405			4
2024.07.26	02:55:57.307		0.84404			4
2024.07.26	02:56:00.240	0.84403				2
2024.07.26	02:56:58.183	0.84404	0.84405			6
2024.07.26	02:57:00.130	0.84405	0.84406			6
2024.07.26	02:57:30.296	0.84406	0.84407			6
2024.07.26	02:57:39.477	0.84407	0.84408			6
2024.07.26	02:57:47.533	0.84406	0.84407			6
2024.07.26	02:57:49.630	0.84407	0.84408			6
2024.07.26	02:57:58.078	0.84406	0.84407			6
2024.07.26	02:58:01.524	0.84406				2
2024.07.26	02:58:08.018	0.84407	0.84408			6
2024.07.26	02:58:10.130	0.84408	0.84409			6
2024.07.26	02:58:17.261	0.84409	0.84410			6
2024.07.26	02:58:17.922	0.84410	0.84411			6
2024.07.26	02:58:19.631		0.84412			4
2024.07.26	02:58:22.200		0.84411			4
2024.07.26	02:58:25.535		0.84412			4
2024.07.26	02:58:27.086	0.84409	0.84411			6
2024.07.26	02:58:28.287		0.84410			4
2024.07.26	02:58:30.801	0.84410	0.84411			6
2024.07.26	02:58:31.236	0.84411	0.84412			6
2024.07.26	02:58:57.518	0.84410	0.84411			6
2024.07.26	02:58:57.824	0.84411	0.84412			6
2024.07.26	02:59:00.376	0.84411				2
2024.07.26	02:59:30.206	0.84410	0.84411			6
2024.07.26	02:59:30.574	0.84411	0.84412			6
2024.07.26	02:59:40.537	0.84410	0.84411			6
2024.07.26	02:59:40.841	0.84411	0.84412			6
2024.07.26	03:00:00.304	0.84411				2
2024.07.26	03:00:01.302	0.84409	0.84410			6
2024.07.26	03:00:01.913	0.84411	0.84412			6
2024.07.26	03:00:02.590	0.84412	0.84413			6
2024.07.26	03:00:09.373	0.84413	0.84414			6
2024.07.26	03:00:09.683	0.84414	0.84415			6
2024.07.26	03:00:11.362	0.84413	0.84414			6
2024.07.26	03:00:14.558	0.84414	0.84415			6
2024.07.26	03:00:14.875	0.84413	0.84414			6
2024.07.26	03:00:15.964	0.84412	0.84413			6
2024.07.26	03:00:16.295	0.84413	0.84414			6
2024.07.26	03:00:16.680	0.84412	0.84413			6
2024.07.26	03:00:19.254	0.84413	0.84414			6
2024.07.26	03:00:31.294	0.84412	0.84413			6
2024.07.26	03:00:31.606	0.84417	0.84418			6
2024.07.26	03:00:31.927	0.84416	0.84417			6
2024.07.26	03:00:32.344	0.84415	0.84416			6
2024.07.26	03:00:41.396	0.84414	0.84415			6
2024.07.26	03:00:51.455	0.84415	0.84416			6
2024.07.26	03:00:51.777	0.84414	0.84415			6
2024.07.26	03:01:00.941	0.84414				2
2024.07.26	03:01:04.970	0.84412	0.84413			6
2024.07.26	03:01:05.287	0.84413	0.84414			6
2024.07.26	03:01:06.545	0.84414	0.84415			6
2024.07.26	03:01:08.731	0.84415	0.84416			6
2024.07.26	03:01:09.045	0.84413	0.84414			6
2024.07.26	03:01:17.114	0.84414	0.84415			6
2024.07.26	03:01:18.341	0.84413	0.84414			6
2024.07.26	03:01:19.727	0.84412	0.84413			6
2024.07.26	03:01:20.342	0.84413	0.84414			6
2024.07.26	03:01:20.678	0.84414	0.84415			6
2024.07.26	03:01:27.427	0.84416	0.84417			6
2024.07.26	03:01:27.744	0.84417	0.84418			6
2024.07.26	03:01:28.378	0.84416	0.84417			6
2024.07.26	03:01:36.709	0.84413	0.84414			6
2024.07.26	03:01:37.036	0.84414	0.84415			6
2024.07.26	03:01:37.526	0.84413	0.84414			6
2024.07.26	03:01:40.217	0.84414	0.84415			6
2024.07.26	03:01:44.425	0.84413	0.84414			6
2024.07.26	03:01:44.753	0.84414	0.84415			6
2024.07.26	03:01:49.587	0.84413	0.84414			6
2024.07.26	03:01:50.416	0.84414	0.84415			6
2024.07.26	03:01:53.162	0.84415	0.84416			6
2024.07.26	03:01:54.878	0.84414	0.84415			6
2024.07.26	03:01:57.521	0.84415	0.84416			6
2024.07.26	03:02:00.073	0.84415				2
2024.07.26	03:02:03.470	0.84416	0.84417			6
2024.07.26	03:02:11.786	0.84417	0.84418			6
2024.07.26	03:02:20.109	0.84415	0.84416			6
2024.07.26	03:02:23.446	0.84412	0.84413			6
2024.07.26	03:02:28.790	0.84413	0.84414			6
2024.07.26	03:02:30.124	0.84412	0.84413			6
2024.07.26	03:02:33.618	0.84413	0.84414			6
2024.07.26	03:02:34.708	0.84412	0.84413			6
2024.07.26	03:02:36.133	0.84410	0.84411			6
2024.07.26	03:02:36.442	0.84412	0.84413			6
2024.07.26	03:02:40.892	0.84413	0.84414			6
2024.07.26	03:02:46.949	0.84414	0.84415			6
2024.07.26	03:02:47.329	0.84416	0.84417			6
2024.07.26	03:02:53.508	0.84415	0.84416			6
2024.07.26	03:02:55.485	0.84414	0.84415			6
2024.07.26	03:03:00.161	0.84414				2
2024.07.26	03:03:01.164	0.84412	0.84413			6
2024.07.26	03:03:02.315	0.84411	0.84412			6
2024.07.26	03:03:07.255	0.84412	0.84413			6
2024.07.26	03:03:09.635	0.84411	0.84412			6
2024.07.26	03:03:11.742	0.84412	0.84413			6
2024.07.26	03:03:13.323	0.84408	0.84409			6
2024.07.26	03:03:22.144	0.84407				2
2024.07.26	03:03:22.986		0.84408			4
2024.07.26	03:03:23.304		0.84409			4
2024.07.26	03:03:23.710	0.84408				2
2024.07.26	03:03:24.505	0.84409	0.84410			6
2024.07.26	03:03:26.431	0.84410	0.84411			6
2024.07.26	03:03:27.673	0.84409	0.84412			6
2024.07.26	03:03:29.241	0.84410	0.84411			6
2024.07.26	03:03:32.774	0.84408	0.84410			6
2024.07.26	03:03:35.678	0.84407	0.84409			6
2024.07.26	03:03:37.301		0.84410			4
2024.07.26	03:03:37.609	0.84408				2
2024.07.26	03:03:38.881	0.84407				2
2024.07.26	03:03:41.591	0.84408	0.84409			6
2024.07.26	03:03:46.497		0.84410			4
2024.07.26	03:03:46.803	0.84409				2
2024.07.26	03:03:47.136		0.84411			4
2024.07.26	03:03:51.943	0.84408	0.84410			6
2024.07.26	03:03:52.248	0.84409	0.84411			6
2024.07.26	03:03:54.459	0.84410				2
2024.07.26	03:03:54.762	0.84411	0.84412			6
2024.07.26	03:04:00.056	0.84411				2
2024.07.26	03:04:04.057	0.84410	0.84411			6
2024.07.26	03:04:07.488	0.84411	0.84412			6
2024.07.26	03:04:28.152	0.84410	0.84411			6
2024.07.26	03:04:29.105	0.84408	0.84409			6
2024.07.26	03:04:37.800	0.84409	0.84410			6
2024.07.26	03:04:41.946	0.84408	0.84409			6
2024.07.26	03:04:48.050	0.84409	0.84410			6
2024.07.26	03:04:50.025	0.84410	0.84411			6
2024.07.26	03:04:50.648	0.84409	0.84410			6
2024.07.26	03:05:00.262	0.84409				2
2024.07.26	03:05:42.146	0.84408	0.84409			6
2024.07.26	03:05:57.275	0.84407	0.84408			6
2024.07.26	03:05:59.265	0.84408	0.84409			6
2024.07.26	03:06:00.114	0.84408				2
2024.07.26	03:06:03.428	0.84407	0.84408			6
2024.07.26	03:06:04.315	0.84408	0.84409			6
2024.07.26	03:06:29.273	0.84405	0.84406			6
2024.07.26	03:06:29.646		0.84407			4
2024.07.26	03:06:30.003		0.84406			4
2024.07.26	03:06:30.373		0.84407			4
2024.07.26	03:06:31.665	0.84404				2
2024.07.26	03:06:33.578	0.84405				2
2024.07.26	03:06:34.600	0.84404				2
2024.07.26	03:06:35.715	0.84405				2
2024.07.26	03:06:37.328	0.84406				2
2024.07.26	03:06:38.750	0.84407	0.84408			6
2024.07.26	03:06:39.073	0.84406	0.84407			6
2024.07.26	03:06:42.139	0.84407	0.84408			6
2024.07.26	03:06:43.959	0.84406	0.84407			6
2024.07.26	03:06:55.416	0.84407	0.84408			6
2024.07.26	03:06:55.731	0.84404	0.84407			6
2024.07.26	03:06:57.469	0.84405	0.84408			6
2024.07.26	03:07:00.352	0.84405				2
2024.07.26	03:07:00.664	0.84406				2
2024.07.26	03:07:00.990	0.84405				2
2024.07.26	03:07:02.577	0.84404				2
2024.07.26	03:07:03.253	0.84405				2
2024.07.26	03:07:04.219	0.84404				2
2024.07.26	03:07:05.120		0.84406			4
2024.07.26	03:07:08.792		0.84407			4
2024.07.26	03:07:10.387		0.84406			4
2024.07.26	03:07:10.689	0.84405				2
2024.07.26	03:07:13.768	0.84404	0.84407			6
2024.07.26	03:07:14.648		0.84408			4
2024.07.26	03:07:16.103		0.84405			4
2024.07.26	03:07:18.163	0.84406	0.84407			6
2024.07.26	03:07:22.165	0.84405	0.84406			6
2024.07.26	03:07:29.256	0.84403	0.84404			6
2024.07.26	03:07:29.617	0.84402	0.84403			6
2024.07.26	03:07:30.575	0.84403	0.84404			6
2024.07.26	03:07:30.931	0.84402	0.84403			6
2024.07.26	03:07:31.902	0.84403	0.84404			6
2024.07.26	03:07:48.198	0.84404	0.84405			6
2024.07.26	03:07:49.987	0.84403	0.84404			6
2024.07.26	03:07:57.538	0.84405	0.84406			6
2024.07.26	03:07:58.235	0.84404	0.84405			6
2024.07.26	03:07:58.588	0.84403	0.84404			6
2024.07.26	03:08:00.258	0.84403				2
2024.07.26	03:08:00.868	0.84402				2
2024.07.26	03:08:01.587	0.84403				2
2024.07.26	03:08:02.325	0.84404	0.84405			6
2024.07.26	03:08:02.654	0.84403	0.84404			6
2024.07.26	03:08:03.279	0.84404	0.84405			6
2024.07.26	03:08:07.793	0.84405	0.84406			6
2024.07.26	03:08:12.992	0.84404				2
2024.07.26	03:08:14.005	0.84405				2
2024.07.26	03:08:16.941	0.84404	0.84405			6
2024.07.26	03:08:18.300	0.84405	0.84406			6
2024.07.26	03:08:24.383	0.84406	0.84407			6
2024.07.26	03:08:24.685	0.84405	0.84406			6
2024.07.26	03:08:26.661	0.84406	0.84407			6
2024.07.26	03:08:29.162	0.84405	0.84406			6
2024.07.26	03:08:31.291	0.84404	0.84405			6
2024.07.26	03:08:32.547	0.84405	0.84406			6
2024.07.26	03:08:33.342	0.84404	0.84405			6
2024.07.26	03:08:34.796	0.84405	0.84406			6
2024.07.26	03:08:39.737	0.84406	0.84407			6
2024.07.26	03:08:46.736	0.84407	0.84408			6
2024.07.26	03:08:51.977	0.84405	0.84406			6
2024.07.26	03:08:56.325	0.84404	0.84405			6
2024.07.26	03:09:00.357	0.84404				2
2024.07.26	03:09:03.307	0.84406	0.84407			6
2024.07.26	03:09:09.773	0.84405	0.84406			6
2024.07.26	03:09:14.301	0.84404	0.84405			6
2024.07.26	03:09:18.538	0.84403	0.84404			6
2024.07.26	03:09:26.975	0.84404	0.84405			6
2024.07.26	03:09:29.344	0.84405	0.84406			6
2024.07.26	03:09:29.663	0.84406	0.84407			6
2024.07.26	03:09:32.347	0.84405	0.84406			6
2024.07.26	03:09:33.476	0.84406	0.84407			6
2024.07.26	03:09:35.751	0.84405	0.84406			6
2024.07.26	03:09:38.625	0.84406	0.84407			6
2024.07.26	03:09:41.412	0.84405	0.84406			6
2024.07.26	03:09:42.564	0.84406	0.84407			6
2024.07.26	03:09:45.496	0.84405	0.84406			6
2024.07.26	03:09:47.301	0.84406	0.84407			6
2024.07.26	03:09:52.902	0.84405	0.84406			6
2024.07.26	03:09:53.307	0.84404	0.84405			6
2024.07.26	03:09:54.107	0.84405	0.84406			6
2024.07.26	03:09:57.463	0.84404	0.84405			6
2024.07.26	03:09:57.971	0.84405	0.84406			6
2024.07.26	03:10:00.140	0.84405				2
2024.07.26	03:10:00.954	0.84407	0.84408			6
2024.07.26	03:10:01.288	0.84405	0.84406			6
2024.07.26	03:10:02.482	0.84407	0.84408			6
2024.07.26	03:10:04.423	0.84406	0.84407			6
2024.07.26	03:10:05.867	0.84405				2
2024.07.26	03:10:06.281		0.84406			4
2024.07.26	03:10:09.653	0.84406	0.84407			6
2024.07.26	03:10:10.163	0.84405	0.84406			6
2024.07.26	03:10:11.752	0.84406	0.84407			6
2024.07.26	03:10:23.723	0.84405	0.84406			6
2024.07.26	03:10:29.548	0.84404	0.84405			6
2024.07.26	03:10:32.536	0.84405	0.84406			6
2024.07.26	03:10:43.850	0.84406	0.84407			6
2024.07.26	03:10:44.687	0.84405	0.84406			6
2024.07.26	03:10:45.930	0.84406	0.84407			6
2024.07.26	03:10:48.868	0.84405	0.84406			6
2024.07.26	03:11:00.113	0.84406	0.84407			6
2024.07.26	03:11:00.444	0.84404	0.84405			6
2024.07.26	03:11:00.773	0.84405	0.84406			6
2024.07.26	03:11:02.473	0.84403	0.84404			6
2024.07.26	03:11:09.501	0.84404	0.84405			6
2024.07.26	03:11:11.838	0.84403	0.84404			6
2024.07.26	03:11:31.368	0.84404	0.84405			6
2024.07.26	03:11:31.729	0.84405	0.84406			6
2024.07.26	03:11:34.045	0.84404	0.84405			6
2024.07.26	03:11:34.368	0.84407	0.84408			6
2024.07.26	03:11:38.803	0.84408	0.84409			6
2024.07.26	03:11:42.385	0.84409	0.84410			6
2024.07.26	03:11:44.094	0.84408	0.84409			6
2024.07.26	03:11:46.907	0.84410	0.84411			6
2024.07.26	03:11:51.527	0.84409	0.84410			6
2024.07.26	03:11:55.548	0.84408	0.84409			6
2024.07.26	03:11:56.296	0.84409	0.84410			6
2024.07.26	03:11:57.901	0.84408	0.84409			6
2024.07.26	03:11:58.370		0.84410			4
2024.07.26	03:11:58.732		0.84409			4
2024.07.26	03:12:00.453	0.84407				2
2024.07.26	03:12:03.801	0.84408				2
2024.07.26	03:12:04.133	0.84407				2
2024.07.26	03:12:06.894	0.84408				2
2024.07.26	03:12:08.057	0.84407	0.84408			6
2024.07.26	03:12:08.370		0.84409			4
2024.07.26	03:12:15.919	0.84408				2
2024.07.26	03:12:16.428	0.84409	0.84410			6
2024.07.26	03:12:21.640	0.84408	0.84409			6
2024.07.26	03:12:32.979	0.84407	0.84408			6
2024.07.26	03:12:33.328	0.84408	0.84409			6
2024.07.26	03:12:57.508	0.84405	0.84406			6
2024.07.26	03:12:57.848	0.84406	0.84407			6
2024.07.26	03:12:59.037	0.84405	0.84406			6
2024.07.26	03:12:59.444	0.84404	0.84405			6
2024.07.26	03:13:00.045	0.84404				2
2024.07.26	03:13:13.691	0.84405	0.84406			6
2024.07.26	03:13:18.929	0.84406	0.84407			6
2024.07.26	03:13:19.288	0.84405	0.84406			6
2024.07.26	03:13:19.647	0.84406	0.84407			6
2024.07.26	03:13:20.044	0.84407	0.84408			6
2024.07.26	03:13:22.984	0.84408	0.84409			6
2024.07.26	03:13:27.819	0.84407	0.84408			6
2024.07.26	03:13:30.439	0.84408	0.84409			6
2024.07.26	03:13:32.944	0.84407	0.84408			6
2024.07.26	03:13:55.464	0.84408	0.84409			6
2024.07.26	03:13:56.915	0.84407	0.84408			6
2024.07.26	03:13:59.005		0.84409			4
2024.07.26	03:13:59.403		0.84408			4
2024.07.26	03:13:59.785	0.84406				2
2024.07.26	03:14:00.101	0.84407				2
2024.07.26	03:14:04.697	0.84406	0.84407			6
2024.07.26	03:14:05.331	0.84407	0.84408			6
2024.07.26	03:14:14.874	0.84406	0.84407			6
2024.07.26	03:14:20.565	0.84407	0.84408			6
2024.07.26	03:14:20.978	0.84406	0.84407			6
2024.07.26	03:14:22.633	0.84407	0.84408			6
2024.07.26	03:14:22.992	0.84406	0.84407			6
2024.07.26	03:14:23.410	0.84407	0.84408			6
2024.07.26	03:14:27.866	0.84406	0.84407			6
2024.07.26	03:14:29.447	0.84407	0.84408			6
2024.07.26	03:14:30.856	0.84406	0.84407			6
2024.07.26	03:14:32.494	0.84408	0.84409			6
2024.07.26	03:14:35.724	0.84407	0.84408			6
2024.07.26	03:14:36.084	0.84408	0.84409			6
2024.07.26	03:14:38.606	0.84407	0.84408			6
2024.07.26	03:14:39.289	0.84406	0.84407			6
2024.07.26	03:14:40.779	0.84407	0.84408			6
2024.07.26	03:14:41.102	0.84406	0.84407			6
2024.07.26	03:14:53.625	0.84405	0.84406			6
2024.07.26	03:14:53.999	0.84404	0.84407			6
2024.07.26	03:14:54.879	0.84405				2
2024.07.26	03:14:55.701	0.84406				2
2024.07.26	03:15:00.303	0.84406				2
2024.07.26	03:15:11.372	0.84407	0.84408			6
2024.07.26	03:15:11.838	0.84406	0.84407			6
2024.07.26	03:15:14.600	0.84407	0.84408			6
2024.07.26	03:15:18.198	0.84406	0.84407			6
2024.07.26	03:15:19.308	0.84407	0.84408			6
2024.07.26	03:15:33.800	0.84406	0.84407			6
2024.07.26	03:15:37.846	0.84407	0.84408			6
2024.07.26	03:15:38.543	0.84406	0.84407			6
2024.07.26	03:15:39.919		0.84408			4
2024.07.26	03:15:40.222	0.84407				2
2024.07.26	03:15:40.853	0.84408	0.84409			6
2024.07.26	03:15:41.237	0.84407	0.84408			6
2024.07.26	03:15:42.131	0.84408	0.84409			6
2024.07.26	03:15:43.634	0.84407	0.84408			6
2024.07.26	03:15:43.974		0.84409			4
2024.07.26	03:15:44.694	0.84408				2
2024.07.26	03:15:45.393	0.84407				2
2024.07.26	03:15:46.145	0.84408				2
2024.07.26	03:15:46.476	0.84407				2
2024.07.26	03:15:47.441		0.84408			4
2024.07.26	03:15:48.301		0.84409			4
2024.07.26	03:15:50.948	0.84408				2
2024.07.26	03:15:51.261	0.84407	0.84408			6
2024.07.26	03:15:53.799		0.84409			4
2024.07.26	03:15:54.383		0.84408			4
2024.07.26	03:15:55.024	0.84408	0.84409			6
2024.07.26	03:15:58.131	0.84407	0.84408			6
2024.07.26	03:16:00.226	0.84408	0.84409			6
2024.07.26	03:16:00.531	0.84407	0.84408			6
2024.07.26	03:16:01.228	0.84408	0.84409			6
2024.07.26	03:16:05.058	0.84407				2
2024.07.26	03:16:05.464	0.84408				2
2024.07.26	03:16:07.535	0.84409	0.84410			6
2024.07.26	03:16:07.919	0.84408	0.84409			6
2024.07.26	03:16:09.263	0.84410	0.84411			6
2024.07.26	03:16:12.571	0.84411	0.84412			6
2024.07.26	03:16:18.502	0.84410	0.84411			6
2024.07.26	03:16:18.848	0.84411	0.84412			6
2024.07.26	03:16:31.880	0.84410	0.84411			6
2024.07.26	03:16:42.127	0.84411	0.84412			6
2024.07.26	03:16:44.195	0.84410				2
2024.07.26	03:16:44.633		0.84413			4
2024.07.26	03:16:44.996	0.84412				2
2024.07.26	03:16:45.329	0.84413	0.84414			6
2024.07.26	03:16:46.342	0.84411				2
2024.07.26	03:16:46.687	0.84412				2
2024.07.26	03:16:48.445	0.84411				2
2024.07.26	03:16:49.735	0.84413				2
2024.07.26	03:16:50.046	0.84412				2
2024.07.26	03:16:50.838	0.84413				2
2024.07.26	03:16:54.640	0.84412	0.84413			6
2024.07.26	03:17:00.380	0.84413	0.84414			6
2024.07.26	03:17:01.025	0.84412	0.84413			6
2024.07.26	03:17:03.791	0.84411	0.84412			6
2024.07.26	03:17:06.635	0.84412	0.84413			6
2024.07.26	03:17:08.141	0.84411	0.84412			6
2024.07.26	03:17:08.646	0.84412	0.84413			6
2024.07.26	03:17:13.581	0.84413	0.84414			6
2024.07.26	03:17:13.964	0.84412	0.84413			6
2024.07.26	03:17:20.850	0.84411	0.84412			6
2024.07.26	03:17:29.211	0.84412	0.84413			6
2024.07.26	03:17:29.606	0.84411	0.84412			6
2024.07.26	03:17:44.550	0.84412	0.84413			6
2024.07.26	03:17:46.906	0.84411	0.84412			6
2024.07.26	03:17:48.140	0.84410	0.84411			6
2024.07.26	03:17:49.946	0.84411	0.84412			6
2024.07.26	03:18:00.367	0.84411				2
2024.07.26	03:18:02.956	0.84410	0.84411			6
2024.07.26	03:18:06.461	0.84411	0.84412			6
2024.07.26	03:18:15.531	0.84412	0.84413			6
2024.07.26	03:18:20.755	0.84411	0.84412			6
2024.07.26	03:18:21.375	0.84412	0.84413			6
2024.07.26	03:18:21.703	0.84411	0.84412			6
2024.07.26	03:18:26.377	0.84412	0.84413			6
2024.07.26	03:18:26.730	0.84411	0.84412			6
2024.07.26	03:18:27.042	0.84412	0.84413			6
2024.07.26	03:18:30.767	0.84411	0.84412			6
2024.07.26	03:18:45.537	0.84410	0.84411			6
2024.07.26	03:18:51.398	0.84409	0.84410			6
2024.07.26	03:18:53.377	0.84410	0.84411			6
2024.07.26	03:18:54.608	0.84409	0.84410			6
2024.07.26	03:18:57.712	0.84410	0.84411			6
2024.07.26	03:19:00.167	0.84410				2
2024.07.26	03:19:00.502	0.84409	0.84410			6
2024.07.26	03:19:19.700	0.84408	0.84409			6
2024.07.26	03:19:45.978	0.84407	0.84408			6
2024.07.26	03:19:47.295	0.84406	0.84407			6
2024.07.26	03:19:47.714	0.84407	0.84408			6
2024.07.26	03:19:50.343	0.84406	0.84407			6
2024.07.26	03:19:53.637	0.84407	0.84408			6
2024.07.26	03:19:54.384	0.84405	0.84406			6
2024.07.26	03:20:00.084	0.84405				2
2024.07.26	03:20:03.605	0.84402	0.84403			6
2024.07.26	03:20:04.288	0.84403	0.84404			6
2024.07.26	03:20:04.829	0.84402	0.84403			6
2024.07.26	03:20:08.276	0.84403	0.84404			6
2024.07.26	03:20:08.587	0.84402	0.84403			6
2024.07.26	03:20:14.303	0.84403	0.84404			6
2024.07.26	03:20:14.643	0.84402	0.84403			6
